2704 3770
503 290 690 356 Hemy
710 291 892 358 sames
930 291 1148 342 Grasett.
1225 292 1416 358 George
1450 293 1742 343 Mackenzz'e
1773 295 1956 343 Bacon.

1076 505 1132 552 18
1157 503 1301 570 sune
1344 505 1467 565 1877

331 621 392 677 (5)
432 623 570 663 INTER
589 623 804 676 praecipua
823 624 1071 665 coloniarum
1087 625 1407 665 Britannicarum
1428 626 1575 665 decora
1594 631 1825 665 numeratur
1844 623 2049 675 provincia
2067 624 2246 672 Canada,

221 699 344 739 quam
371 687 425 727 ad
450 686 705 728 occidentem
731 689 857 728 solem
884 688 999 740 quasi
1024 688 1239 729 terminum
1269 687 1440 729 dicionis
1467 695 1627 728 nostrae
1652 687 1826 740 positam
1851 700 1939 728 esse
1963 686 2149 736 dicerem,
2171 686 2248 727 nisi

222 749 497 792 meminissem
516 751 686 804 imperio
707 751 939 792 Britannico
959 752 1053 793 solis
1072 765 1263 793 occasum
1282 765 1370 793 esse
1389 751 1582 804 ignotum.
1642 750 1754 802 Quid
1773 749 1891 802 igitur
1909 749 2072 790 dicam?

604 831 658 858 an
686 831 795 858 mare
822 819 934 870 quod
963 832 1083 871 supra
1111 831 1343 867 memorem,
1375 818 1569 870 quodque
1596 818 1708 858 alluit
1735 816 1867 857 infra?

603 885 710 912 anne
738 873 849 913 lacus
876 875 1041 914 tantos?
1070 873 1284 914 Laurentia
1312 872 1489 922 flumina,
1520 879 1641 924 teque

606 926 794 967 fluctibus
822 934 862 968 et
890 927 1049 968 fremitu
1079 935 1266 968 retonans
1297 927 1470 980 Niagara
1497 927 1709 967 tremendo
1721 927 1758 966 ΡΙ

222 993 397 1033 Tantam
416 993 597 1046 profecto
616 995 820 1046 regionem
841 994 874 1034 si
894 994 983 1046 quis
1006 1008 1078 1046 pro
1105 994 1160 1035 rei
1183 994 1460 1046 magnitudine
1482 995 1647 1034 laudare
1672 994 1801 1040 vellet,
1823 1005 1925 1044 opus
1951 999 2056 1032 esset
2082 992 2119 1032 ei
2143 992 2248 1032 illius

222 1054 453 1108 eloquentia
477 1055 548 1108 qui
575 1058 791 1108 proconsul
813 1057 855 1096 in
884 1057 984 1097 urbe
1007 1058 1119 1109 quod
1145 1057 1357 1109 superioris
1384 1057 1576 1098 Canadae
1604 1063 1725 1108 caput
1748 1062 1808 1096 est
1836 1054 1984 1095 abhinc
2012 1068 2142 1095 annos
2170 1062 2248 1095 tres

217 1118 469 1172 «provinciam
488 1127 614 1160 totam
635 1120 801 1161 feliciter
819 1122 1096 1172 perlustratam
1116 1120 1342 1161 admirabili
1362 1121 1575 1160 verborum
1595 1120 1808 1172 splendore
1828 1117 2068 1169 descripsit⁹.

334 1184 384 1223 In
403 1184 546 1224 eadem
566 1198 660 1225 vero
680 1185 779 1225 urbe
798 1184 856 1224 vir
874 1184 941 1224 hic
960 1191 1052 1237 post
1071 1197 1204 1224 sacros
1224 1185 1314 1236 plus
1334 1197 1455 1236 quam
1476 1183 1635 1236 triginta
1653 1195 1852 1223 annorum
1875 1181 2033 1222 labores
2060 1183 2249 1222 Decanus

222 1243 474 1286 Cathedralis
502 1254 586 1287 erat
612 1255 777 1296 creatus,
806 1246 876 1299 qui
903 1255 1052 1299 quanta
1078 1247 1279 1294 comitate,
1305 1254 1456 1299 quanta
1485 1246 1688 1298 dignitate,
1710 1245 1906 1297 quantulo
1935 1244 2029 1293 otio,
2057 1244 2137 1285 iam
2167 1245 2250 1284 duo

221 1307 346 1348 lustra
372 1321 538 1350 munere
564 1322 637 1350 suo
663 1310 824 1349 functus
851 1309 911 1358 sit,
941 1323 1024 1349 non
1049 1317 1109 1350 est
1135 1310 1246 1361 quod
1274 1309 1432 1362 longius
1461 1322 1664 1360 exsequar.
1725 1309 1851 1347 Hunc
1876 1314 2010 1347 autem
2040 1308 2250 1346 alumnum

222 1383 341 1411 suum
382 1370 583 1423 paulisper
624 1372 814 1412 reducem
857 1371 1083 1424 nuperrime
1126 1371 1310 1412 salutavit
1354 1371 1447 1411 Divi
1490 1370 1655 1410 Ioannis
1699 1369 1950 1421 Collegium;
2001 1369 2087 1421 ipsa
2129 1367 2249 1409 etiam

222 1432 446 1474 Academia
478 1446 572 1473 mox
603 1433 805 1473 abiturum
839 1447 922 1474 non
956 1434 1034 1474 iam
1069 1434 1260 1474 iuvenum
1294 1435 1469 1474 clamore
1503 1434 1575 1473 sed
1608 1432 1781 1472 virorum
1819 1431 1949 1472 tacitis
1987 1431 2089 1471 votis
2126 1429 2250 1471 hodie

223 1494 486 1548 prosequitur.
546 1496 714 1535 Plausus
739 1495 903 1547 quidem
932 1495 1038 1536 soliti
1060 1495 1183 1536 hodie
1206 1496 1399 1536 siluerunt
1412 1511 1423 1546 3
1452 1508 1598 1536 scaena
1617 1502 1752 1535 nostra
1771 1502 1831 1535 est
1851 1495 2009 1535 deserta
2021 1510 2031 1544 3
2062 1493 2127 1533 vix
2147 1506 2251 1533 unus

225 1571 271 1598 su
325 1565 405 1599 rest

273 1571 324 1610 pe
713 1613 782 1653 .‘in
810 1627 938 1655 vacuo
966 1616 1094 1655 laetus
1123 1628 1253 1655 sessor
1280 1616 1522 1666 plausorque
1551 1612 1758 1653 theatro'3.

330 1698 417 1738 Vos
458 1704 594 1738 tamen
637 1697 780 1750 linguis
822 1698 1048 1750 animisque
1086 1698 1279 1746 favebitis,
1320 1699 1418 1739 dum
1456 1697 1660 1749 dignitatis
1698 1697 1781 1737 iure
1819 1697 1872 1737 ad
1909 1696 2077 1748 gradum
2117 1709 2251 1736 sacrae

221 1758 468 1812 Theologiae
487 1760 720 1812 professoris
739 1760 962 1800 admittitur
980 1760 1039 1801 vir
1061 1761 1285 1801 admodum
1305 1761 1558 1809 reverendus,
1581 1760 1812 1799 HENlucus
1834 1760 2018 1799 IACOBUS
2039 1759 2249 1799 GRASETT.

1046 1955 1073 2002 3
1111 1940 1243 1990 Nov.
1292 1942 1414 2002 1877

332 2056 390 2110 (6)
429 2057 569 2097 INTER
587 2057 774 2109 antiquos
794 2066 1018 2099 memoratu
1038 2059 1206 2111 dignum
1226 2059 1436 2100 videbatur
1456 2057 1725 2098 Athenienses
1746 2058 1853 2098 solos
1874 2058 1914 2096 in
1934 2058 2020 2097 foro
2044 2070 2118 2097 suo
2140 2070 2249 2097 aram

224 2119 524 2162 Misericordiae
542 2121 770 2173 posuisse⁴5
797 2123 869 2162 sed
889 2136 941 2162 ne
959 2123 1131 2163 Athenis
1152 2124 1315 2175 quidem
1337 2125 1482 2164 domus
1502 2123 1667 2175 publico
1693 2129 1856 2174 sumptu
1882 2121 2071 2162 conditae
2096 2121 2249 2161 miseris

222 2191 263 2226 et
290 2197 458 2237 corpore
486 2197 605 2236 aegro
633 2185 908 2226 laborantibus
937 2186 1113 2238 hospitio
1142 2187 1344 2239 patebant.
1405 2187 1570 2237 Quanto
1599 2186 1717 2239 igitur
1744 2184 1970 2233 humanius,
1997 2191 2149 2236 quanto
2177 2184 2251 2224 arti

223 2247 406 2289 medicae
428 2249 673 2289 excolendae
692 2251 1049 2300 accommodatius,
1071 2264 1157 2300 nos,
1179 2251 1399 2291 recentium
1419 2263 1583 2302 quoque
1603 2258 1831 2301 temporum
1851 2247 2101 2288 immanitate
2120 2255 2248 2296 exuta,

221 2323 417 2363 pauperes
450 2317 490 2351 et
522 2311 788 2361 calamitosos,
820 2312 890 2364 qui
923 2320 1058 2353 mente
1091 2313 1212 2353 etiam
1245 2313 1352 2365 capti
1381 2321 1484 2362 sunt,
1516 2326 1674 2353 summa
1702 2325 1797 2352 cura
1828 2311 2059 2351 tractandos
2092 2317 2132 2351 et
2165 2309 2251 2350 utili

221 2385 416 2413 manuum
445 2372 583 2413 labore
613 2375 858 2415 exercendos
887 2374 928 2414 in
962 2388 1121 2416 securas
1152 2377 1269 2416 sedes
1298 2375 1554 2424 secludimus‚
1585 2374 1682 2427 asyli
1710 2387 1862 2415 nomen
1889 2373 1942 2413 ab
1970 2372 2145 2425 antiquis
2174 2372 2250 2412 illis

222 2443 423 2477 mutuatas
451 2435 521 2488 qui
548 2450 632 2476 rem
661 2436 790 2489 ipsam
819 2451 1041 2490 numquam
1070 2439 1308 2480 habuerunt.

330 2498 441 2539 Talis
473 2506 608 2540 autem
636 2500 734 2552 asyli
761 2502 871 2541 haud
900 2503 1039 2554 procul
1066 2502 1119 2542 ab
1147 2503 1247 2542 urbe
1274 2509 1409 2543 nostra
1437 2502 1558 2554 positi
1586 2514 1746 2554 praeses
1775 2501 1890 2541 adest
1918 2499 2052 2548 hodie,
2080 2499 2138 2540 vir
2165 2512 2249 2540 non

222 2561 348 2602 modo
366 2574 529 2613 peregre
548 2561 589 2601 in
610 2561 727 2602 Italia
752 2563 804 2603 de
828 2563 1112 2616 investigandis
1138 2565 1256 2605 rebus
1283 2564 1451 2605 medicis
1476 2565 1579 2605 bene
1606 2563 1780 2612 meritus,
1803 2564 1874 2603 sed
1899 2563 1960 2613 (ut
1985 2563 2038 2602 ad
2064 2562 2250 2614 propiora

220 2623 446 2677 veniamus)
475 2623 516 2664 in
545 2625 621 2664 hac
650 2624 771 2665 etiam
800 2626 1021 2666 Academia
1050 2640 1099 2667 eo
1130 2627 1359 2678 praesertim
1390 2627 1555 2667 nomine
1583 2627 1821 2674 laudandus,
1853 2625 1965 2676 quod
1993 2624 2073 2664 iam
2104 2637 2250 2664 novem

222 2699 352 2728 annos
377 2687 550 2728 alumnis
573 2688 718 2728 nostris
745 2688 969 2730 medicinae
999 2690 1187 2730 studiosis
1216 2692 1319 2730 ultro
1346 2690 1556 2738 concessit,
1584 2697 1628 2729 ut
1653 2702 1723 2730 eos
1750 2688 1819 2740 qui
1847 2701 1965 2728 curae
1994 2701 2089 2728 suae
2118 2686 2251 2728 traditi

223 2757 316 2790 sunt
343 2749 564 2791 identidem
594 2750 821 2799 inviserent,
842 2759 882 2792 et
908 2753 1018 2792 nulla
1046 2752 1183 2793 habita
1207 2752 1471 2793 emolumenti
1497 2751 1650 2792 ratione
1679 2764 1775 2791 suae
1804 2749 2070 2802 experientiae
2098 2751 2249 2790 fructus

222 2812 483 2866 perciperent.

334 2876 428 2928 Ipse
458 2875 729 2929 Hippocrates
758 2877 983 2918 medicinae
1011 2886 1123 2931 pater
1151 2878 1370 2931 discipulos
1399 2892 1492 2919 suos
1521 2877 1776 2918 iureiurando
1805 2875 2063 2916 obstrinxisse
2089 2875 2246 2926 dicitur,

219 2949 307 2978 sese
335 2937 512 2990 magistn‘
539 2938 601 2978 sui
630 2938 719 2978 filiis
747 2947 873 2979 artem
903 2940 1103 2981 medicam
1133 2943 1242 2981 nulla
1274 2949 1440 2993 accepta
1469 2940 1654 2981 mercede
1683 2953 1771 2980 esse
1801 2938 2035 2979 tradituros⁶
2047 2952 2059 2987 3
2096 2945 2250 2991 quanto

219 3000 483 3051 praestantius
503 3008 563 3042 est
582 3002 691 3042 hunc
712 3001 973 3055 Hippocratis
993 3003 1235 3057 discipulum
1255 3005 1367 3045 nullo
1386 3004 1642 3045 iureiurando
1661 3002 1893 3044 devinctum
1913 3003 1986 3044 sed
2009 3016 2081 3043 sua
2105 3009 2250 3055 sponte

394 3099 407 3121 ¹
432 3101 497 3145 Cp.
513 3101 632 3145 virgil,
654 3102 767 3145 Georg.
784 3103 808 3136 ii
827 3105 900 3145 158.
1095 3103 1111 3124 ⁴²
1134 3105 1226 3138 Lord
1242 3105 1406 3139 Dufferin.
1601 3102 1615 3124 ⁸
1639 3104 1786 3142 Horace,
1802 3104 1891 3146 Epp.
1908 3103 1931 3137 ii
1949 3114 1979 3144 α,
2003 3113 2074 3146 130.

585 3145 600 3166 ⁴
622 3146 841 3185 Pausanias,i
862 3156 911 3189 17,
935 3159 963 3181 1.
1359 3147 1372 3168 ⁵
1395 3149 1611 3191 Hippocratis
1625 3148 1877 3181 iusiurandum.

1227 3233 1247 3274 5
