2704 3770
1101 328 1263 378 Louz‘s
1302 329 1348 378 C
1344 331 1511 393 layton

288 489 386 518 suos
405 483 446 517 et
464 476 652 518 historiae
671 476 890 518 hodiernae
909 484 950 518 et
968 476 1187 516 litterarum
1207 476 1451 516 Graecarum
1476 476 1675 527 professor
1698 476 1949 525 constitutus,
1973 477 2134 518 Pindari
2157 479 2321 531 quidem

289 538 468 580 earmina
504 541 613 580 velut
644 541 743 580 alter
775 544 896 592 poeta
929 538 1209 590 interpretatus
1243 538 1333 586 est¹‚
1368 536 1575 577 historiam
1609 550 1703 577 vero
1737 538 1994 587 Graecorum,
2032 541 2320 587 Romanorum,

292 601 616 653 Byzantinorum,
638 603 991 650 Ottomannorum,
1012 600 1150 641 animo
1175 599 1350 640 veritatis
1379 607 1461 639 tam
1488 599 1670 640 studioso
1697 599 1899 646 narravit2,
1924 608 1968 640 ut
1992 600 2167 648 historia,
2190 602 2322 641 ‘testis

290 670 519 717 temporum
531 663 551 714 ',
573 663 694 705 etiam
721 671 928 716 tamquam
956 664 1046 703 ‘lux
1067 661 1263 703 veritatis’
1290 662 1512 701 luculenter
1539 660 1758 713 appareat⁸.
1818 661 1929 712 Quid
1949 675 2263 703 commemorem
2284 671 2324 703 et

291 726 447 780 imperii
463 729 639 769 Romani
653 728 825 769 labentis
840 735 879 769 et
894 726 1088 776 cadentis,
1105 734 1144 766 et
1161 725 1352 766 Graeciae
1369 724 1590 776 Italiaeque
1602 724 1806 765 civitatum
1822 725 2114 765 foederatarum
2127 724 2320 775 historias,

290 790 344 831 ab
371 790 458 831 aliis
485 791 641 844 egregie
668 790 915 843 conscriptas
942 790 996 830 ab
1023 790 1169 830 eodem
1197 787 1495 829 accuratissime
1523 787 1650 828 editas
1665 788 1702 827 ?⁴
1765 789 1799 827 Ε
1826 787 2084 840 scriptoribus
2113 786 2188 827 illis
2225 789 2324 827 alter

291 860 410 904 oerte,
431 853 500 907 qui
519 853 669 895 abhinc
687 867 816 894 annos
836 853 995 906 triginta
1013 853 1055 893 in
1075 853 1154 893 hoc
1173 851 1262 904 ipso
1282 853 1481 892 Senaculo
1500 858 1660 892 nosmet
1679 851 1788 902 ipsos
1808 850 1947 892 docuit
1969 850 2175 891 historiam
2198 858 2324 890 totam

291 929 426 957 revera
463 929 550 957 esse
587 916 743 965 unam',
781 915 931 956 abhinc
974 928 1104 956 annos
1148 914 1366 955 duodecim
1414 914 1456 954 in
1494 913 1659 954 historia
1698 913 1856 954 Siciliae
1893 913 2124 953 incohanda
2160 912 2326 953 feliciter

291 986 506 1032 auguratus
524 986 596 1029 est,
617 979 746 1019 virum
766 979 933 1019 doctum
954 980 1172 1031 quendam,
1193 977 1358 1018 vixdum
1378 990 1401 1017 e
1420 976 1627 1017 iuventute
1646 990 1861 1028 egressum,
1883 989 1971 1017 esse
1985 975 2027 1015 in
2046 983 2251 1028 posterum
2272 977 2324 1016 de

290 1039 459 1082 scientia
491 1041 558 1082 illa
590 1054 673 1082 una
702 1048 742 1081 et
770 1048 964 1093 perpetua
991 1041 1097 1081 bene
1126 1039 1390 1081 meriturum⁰.
1450 1040 1492 1078 Is
1525 1046 1661 1079 autern
1695 1038 1809 1078 cuius
1842 1038 1946 1078 vitae
1979 1037 2106 1089 spatia
2139 1037 2325 1077 ulteriora

289 1101 478 1144 historiae
505 1104 705 1156 professor
731 1102 974 1144 Oxoniensis
999 1109 1110 1143 tanta
1135 1115 1230 1142 cum
1256 1115 1328 1154 spe
1353 1108 1394 1142 et
1417 1100 1714 1153 exspectatione
1740 1100 1954 1152 prospexit,
1975 1099 2061 1152 ipse
2089 1099 2323 1152 professoris

289 1165 415 1205 nostri
441 1164 709 1214 eruditissimi,
737 1164 809 1205 viri
838 1164 1196 1214 desideratissimi⁷,
1223 1164 1265 1204 in
1294 1163 1424 1204 vicem
1454 1165 1614 1211 electus,
1643 1162 1913 1215 praeceptoris
1943 1175 2089 1202 munus
2118 1162 2221 1202 inter
2249 1175 2323 1202 nos

287 1228 516 1282 nuperrime
540 1229 769 1282 auspicatus
795 1230 995 1281 praeclare
1021 1227 1209 1276 ostendit,
1231 1227 1438 1267 historiam
1463 1239 1546 1266 non
1570 1226 1650 1266 iam
1674 1225 1893 1266 litterarum
1919 1225 2208 1277 elegantiorum
2234 1238 2322 1265 esse

287 1292 547 1344 provinciam,
580 1307 633 1334 ne
663 1295 673 1314 ‘
687 1292 789 1333 vitae
802 1294 811 1312 '
839 1292 1005 1345 quidem
1033 1305 1121 1332 esse
1153 1291 1403 1343 ‘magistram
1417 1291 1455 1339 ’⁸‚
1487 1291 1559 1330 sed
1588 1289 1798 1329 scientiam
1831 1290 2037 1340 quandam
2071 1302 2249 1329 severam
2282 1295 2323 1328 et

289 1364 528 1405 accuratam,
550 1370 672 1410 quam
699 1364 858 1398 nosmet
883 1356 971 1408 ipsi,
993 1356 1107 1408 quasi
1130 1354 1172 1395 in
1195 1353 1334 1394 limine
1356 1355 1607 1393 saeculorum
1631 1351 1983 1393 innumerabilium
2003 1351 2200 1401 collocati,
2226 1351 2323 1391 ‘sub

291 1419 425 1471 specie
453 1420 731 1473 perennitatis'
745 1421 760 1443 ⁹
789 1420 1011 1460 debeamus
1049 1417 1322 1470 contemplari.
1383 1417 1466 1467 Qui
1508 1416 1606 1456 ‘sub
1644 1416 1778 1468 specie
1815 1415 2075 1468 perennitatis
2088 1415 2097 1432 '
2134 1415 2323 1455 historiae

290 1482 499 1525 scientiam
532 1492 614 1524 tam
647 1486 823 1536 amplam
854 1483 972 1524 nobis
1005 1496 1133 1533 nuper
1170 1481 1367 1534 patefecit,
1403 1480 1512 1520 idem
1546 1480 1700 1520 utinam
1734 1479 1927 1532 plurimos
1961 1492 2031 1530 per
2059 1491 2189 1518 annos
2220 1477 2324 1518 inter

292 1553 453 1587 nosmet
478 1545 588 1599 ipsos
618 1551 627 1569 ‘
641 1547 718 1587 sub
746 1545 901 1598 specie’
930 1543 1146 1585 iuventutis
1175 1543 1362 1595 perennis
1392 1541 1573 1594 supersit.

401 1609 521 1649 Duco
551 1609 606 1649 ad
638 1622 709 1649 vos
740 1607 911 1660 Collegii
946 1606 1107 1659 Regalis
1141 1605 1308 1654 socium,
1339 1604 1467 1645 virum
1497 1603 1615 1645 nobis
1644 1602 1834 1644 omnibus
1862 1602 2198 1655 acceptissimum,
2230 1603 2309 1643 Pro

292 1671 483 1712 sessorem
513 1673 644 1712 BuRv.

1097 1771 1124 1820 7
1162 1756 1354 1806 March
1396 1772 1413 1804 1
1424 1770 1521 1818 903

401 1878 516 1931 (364)
554 1879 849 1918 EMMANUELrs
887 1875 1125 1928 Collegium,
1167 1873 1349 1926 Reginae
1386 1872 1541 1912 Elissae
1578 1871 1621 1911 in
1659 1872 1821 1911 saeculo
1858 1871 2083 1920 fundatum,
2119 1871 2231 1911 haud
2268 1870 2323 1911 ita

289 1942 458 1995 pridem,
494 1942 674 1995 Reginae
707 1940 910 1982 Victoriae
947 1939 989 1980 in
1023 1939 1196 1985 saeculo,
1230 1935 1459 1989 provinciae
1494 1933 1803 1987 Petroburgensi
1841 1933 2077 1986 episcopum
2111 1933 2320 1974 donavit10.

289 2007 432 2059 Nuper
449 2013 584 2047 autem
600 2004 827 2057 Collegium
842 2003 952 2044 idem
967 2002 1146 2055 episcopi
1161 2001 1266 2041 illius
1286 1999 1539 2041 successori¹¹
1554 1998 1666 2039 dedit
1685 1998 1922 2047 adiutorem,
1940 2011 2061 2050 quem
2078 1997 2324 2038 Academiae

288 2068 456 2110 nomine
480 2069 604 2110 hodie
629 2069 815 2109 iubemus
841 2069 1001 2108 salvere.
1062 2065 1172 2107 Olim
1197 2064 1336 2105 litteris
1360 2062 1665 2104 humanioribus
1689 2064 1792 2102 inter
1815 2070 1974 2102 nosmet
1998 2062 2107 2114 ipsos
2130 2062 2322 2110 excultus,

287 2132 438 2173 deinde
474 2131 623 2172 abhinc
659 2143 789 2172 annos
827 2129 1090 2182 quadraginta
1126 2127 1179 2168 ab
1213 2126 1406 2179 episcopo
1441 2125 1622 2166 Roffensi
1661 2124 1702 2164 in
1741 2123 1903 2164 ordines
1941 2137 2074 2164 sacros
2112 2123 2323 2173 admissus,

289 2195 466 2248 denique
493 2196 547 2236 ab
576 2195 769 2248 episcopo
799 2191 1120 2244 Petroburgensi,
1141 2198 1283 2244 postea
1310 2190 1616 2242 archiepiscopo
1645 2188 1937 2238 Eboraeensi1²‚
1960 2188 2133 2240 primum
2163 2196 2325 2228 sanctae

291 2260 540 2312 Margaretae
577 2258 770 2299 ecclesiae
808 2255 1073 2297 Leicestrensi
1111 2263 1171 2298 est
1204 2255 1464 2308 praepositus
1499 2254 1648 2295 deinde
1686 2254 1880 2295 ecclesiae
1918 2253 2157 2294 cathedralis
2191 2255 2326 2293 Petro-

289 2321 498 2374 burgensis
524 2320 728 2362 canonicis
754 2319 897 2360 merito
919 2319 1155 2371 adscriptus.
1216 2320 1332 2359 Idem
1356 2331 1485 2370 nuper
1507 2316 1721 2370 episcopus
1746 2316 2031 2357 Leicestrensis
2055 2324 2322 2364 consecratus,

289 2384 456 2443 honoris
481 2384 642 2425 titulum
667 2396 818 2424 novum
842 2396 890 2423 ex
915 2382 1004 2434 ipso
1027 2384 1119 2422 loco
1144 2383 1315 2434 adeptus
1339 2389 1411 2429 est,
1434 2381 1515 2429 ubi,
1537 2380 1707 2433 Angliae
1730 2380 1853 2421 totius
1880 2381 1921 2420 in
1942 2380 2090 2428 medio,
2113 2380 2326 2421 Cordeliae

291 2455 405 2501 pater
431 2449 611 2501 sepultus
633 2461 721 2488 esse
749 2446 938 2495 diciturss,
960 2445 1031 2486 ubi
1053 2445 1094 2485 in
1118 2459 1207 2485 rure
1231 2452 1337 2485 certe
1356 2444 1490 2484 vicino
1510 2443 1708 2484 Wolseius
1732 2443 1798 2484 ille
1823 2457 1991 2495 magnus
2012 2451 2194 2483 mortuus
2217 2444 2322 2492 est¹⁴,

292 2510 365 2551 ubi
401 2509 443 2551 in
475 2523 641 2551 nemore
674 2509 851 2560 denique
883 2507 1111 2560 propinquo
1145 2515 1278 2548 orator
1315 2506 1482 2559 quidam
1521 2505 1860 2558 Cantabrigiensis
1894 2510 1904 2527 ‘
1918 2505 2095 2546 divinam
2133 2505 2325 2557 virginem

291 2573 475 2615 divinum
494 2573 620 2615 divini
643 2572 822 2613 Platonis
843 2572 1106 2612 Phaedonem
1129 2573 1284 2612 Graece
1304 2572 1446 2612 sedulo
1469 2571 1739 2622 perlegentem
1753 2569 1763 2587 ’
1783 2569 1977 2610 invenit¹⁵.
2037 2571 2148 2609 Dum
2173 2568 2327 2609 alumni

292 2637 429 2687 nostri,
465 2637 720 2690 episcopatus
753 2648 920 2675 munere
953 2634 1103 2675 difficili
1137 2649 1266 2687 nuper
1298 2634 1439 2682 ornati,
1470 2634 1574 2674 vitae
1608 2633 1736 2686 spatia
1769 2633 1957 2674 ulteriora
1985 2647 2069 2673 non
2103 2632 2190 2673 sine
2222 2632 2326 2673 votis

292 2701 455 2754 optimis
474 2700 752 2755 prospicimus,
774 2698 873 2739 nihil
892 2698 1015 2739 hodie
1034 2698 1277 2751 auspicatius
1297 2711 1386 2739 esse
1412 2697 1660 2744 arbitramur,
1682 2711 1804 2749 quarn
1832 2696 1980 2748 dialogi
2002 2696 2107 2736 illius
2134 2695 2259 2736 divini
2284 2696 2326 2735 in

378 2789 392 2811 ¹
414 2790 564 2823 Nemean
579 2790 655 2822 and
665 2789 835 2822 Isthmian
855 2789 944 2828 odes,
969 2788 1107 2832 1890-2.
1216 2786 1231 2806 ²
1252 2787 1394 2829 History
1406 2787 1447 2830 qs
1458 2787 1570 2819 Graece
1588 2785 1721 2830 (19oo);
1746 2787 1880 2819 Roman
1895 2785 2137 2828 Empiresrom
2151 2786 2328 2827 Augustus

291 2838 324 2867 to
338 2834 480 2867 Marcus
494 2834 656 2867 Aurelius
672 2831 798 2877 (1893),
805 2832 902 2876 from
918 2832 1090 2864 Arcadius
1105 2836 1137 2864 to
1152 2833 1250 2864 Irene
1267 2830 1393 2874 (1889).
1496 2829 1510 2850 ³
1533 2831 1663 2869 Cicero,
1682 2831 1737 2863 De
1756 2830 1904 2869 Oratore,
1924 2830 1947 2862 ii
1966 2828 2018 2872 36.
2121 2828 2136 2849 ⁴
2159 2829 2326 2862 Gibbon’s

291 2878 430 2911 Dec-line
444 2878 518 2911 and
530 2878 618 2915 Fall,
635 2878 688 2910 ed.
713 2876 945 2920 1896—19003
971 2877 1166 2909 Freeman's
1181 2876 1324 2908 Federal
1341 2876 1565 2908 Government
1580 2875 1619 2907 in
1639 2875 1752 2907 Greece
1765 2874 1839 2906 and
1849 2874 1951 2915 Italy,
1972 2873 2024 2907 ed.
2050 2874 2143 2916 1893.
2217 2871 2232 2894 ⁵
2256 2873 2328 2906 The

297 2922 405 2964 Unity
418 2921 620 2964 oinstory.
760 2919 774 2941 ⁸
797 2921 936 2962 History
950 2920 992 2962 qf
998 2920 1117 2962 Sicily,
1134 2919 1201 2952 vol.
1222 2919 1232 2952 i
1251 2918 1377 2962 (1891),
1397 2929 1431 2962 p.
1448 2918 1526 2951 xvii.
1672 2917 1686 2939 ⁷
1711 2917 1803 2951 Lord
1820 2918 1945 2950 Acton.
2079 2915 2094 2936 ⁸
2117 2917 2247 2956 Cicero,
2266 2917 2324 2949 l.c.

290 2964 305 2986 ⁸
329 2966 360 2999 Α
375 2965 497 3009 phrase
511 2965 546 2998 in
563 2964 732 2998 Professor
749 2965 868 3007 Bury’s
883 2964 1065 3006 Inaugural
1091 2964 1232 2996 Lecture
1255 2974 1300 2996 on
1331 2963 1398 2995 The
1420 2963 1551 2995 Science
1572 2961 1614 3004 of
1628 2962 1779 3004 History,
1798 2961 1977 3004 suggested
2000 2961 2046 3002 by
2069 2960 2244 3002 Spinoza's
2265 2961 2326 2993 sub

291 3009 391 3053 specie
415 3009 643 3061 f‘tffmffit‘fffi'.
681 3008 831 3065 For-the
858 3008 958 3041 latter
983 3019 1037 3071 css'
1064 3007 1213 3041 Cicero's
1239 3007 1354 3058 transl.
1384 3006 1423 3038 of
1450 3006 1576 3039 Plato's
1613 3006 1778 3043 Timaeus,
1803 3005 1835 3068 6i
1867 3005 2019 3043 ‘(mundi
2041 3003 2174 3044 artifex)
2194 3005 2326 3046 speciem

291 3057 502 3086 aeter-tutans
522 3059 646 3086 imitari
668 3052 786 3085 malmt
807 3076 815 3085 .
1047 3051 1201 3084 Mandell
1217 3051 1413 3114 Creighton,
1433 3061 1488 3083 no.
1510 3059 1571 3091 170
1586 3055 1699 3092 supra.
1838 3048 1849 3069 ¹
1873 3049 1948 3081 The
1968 3049 2061 3081 Hon.
2080 3048 2225 3080 Edward
2243 3048 2327 3081 Carr

292 3097 396 3140 Glyn,
414 3097 523 3134 D.D.,
541 3096 682 3129 Oxford.
844 3094 873 3115 ¹²
894 3095 974 3128 Wm
991 3096 1126 3138 Magee.

292 3151 362 3175 was
376 3141 495 3174 buried
510 3145 545 3173 at
561 3139 650 3174 caer
666 3140 745 3183 Lyr,
764 3150 803 3172 or
820 3139 1002 3172 Leicester.
1150 3137 1179 3159 ¹⁴
1202 3139 1248 3171 At
1266 3138 1434 3171 Leicester
1451 3138 1587 3180 Abbey.
1729 3135 1756 3156 ¹⁵
1782 3137 1895 3179 Roget
1912 3136 2074 3175 Ascham,
2094 3137 2181 3179 Epp.
2198 3146 2232 3179 p.
2252 3146 2268 3167 2
2273 3145 2326 3178 37,

291 3185 344 3219 ed.
369 3194 463 3228 1703,
480 3195 525 3217 on
542 3184 638 3226 Lady
651 3185 737 3226 Jane
754 3183 846 3225 Grey
862 3183 896 3216 in
913 3183 1082 3225 Bradgate
1099 3183 1200 3220 Park,
1216 3193 1297 3215 near
1313 3182 1494 3215 Leicester.

1311 3093 1326 3114 ³
1348 3094 1506 3136 Geoffrey
1521 3094 1560 3126 of
1573 3093 1776 3126 Monmouth
1792 3097 1894 3125 states
1910 3092 1983 3125 that
2001 3092 2082 3134 Llyr
2101 3091 2209 3134 (King
2225 3092 2326 3132 Lear)

400 3266 474 3296 s-s.
1264 3254 1341 3303 169
2169 3263 2216 3289 22
