2704 3770
627 327 833 377 Charles
880 327 1106 376 Wz’llz‘am
1144 328 1330 377 stubbs.
1408 328 1459 378 C.
1509 329 1562 377 T.
1601 346 1691 378 von
1727 330 2188 394 [namet-Sternegg.

400 486 488 524 ope,
514 472 555 513 in
581 486 745 524 corpore
774 474 951 513 humano
981 474 1046 512 fila
1074 474 1271 525 quaedam
1301 473 1531 513 tenuissima
1559 473 1740 513 sensibus
1769 474 2024 525 motibusque
2053 474 2313 514 ministrantia
2338 488 2409 526 per

399 536 588 587 ambages
609 549 699 575 suas
719 535 1008 576 inextricabiles
1026 536 1276 587 aliquatenus
1295 535 1487 587 explorari
1505 538 1717 587 poterant?
1773 537 1823 576 In
1837 535 2002 576 artificio
2021 536 2089 576 illo
2108 536 2258 588 argenti
2277 550 2405 586 usum,

400 598 502 638 inter
529 599 652 637 Italos
679 597 774 637 olim
798 597 1017 645 inventurn,
1037 597 1139 638 inter
1165 597 1371 649 Hispanos
1397 598 1449 637 ab
1472 599 1549 637 hoc
1572 597 1655 637 viro
1678 597 1719 636 in
1743 599 1883 637 melius
1903 605 2097 637 mutatum
2118 605 2157 638 et
2182 599 2234 638 ad
2259 598 2407 638 exitum

400 658 615 699 feliciorem
635 660 872 710 perductum
892 672 978 698 esse
993 660 1180 698 constat¹.
1236 658 1277 699 Si
1295 664 1414 710 poeta
1434 658 1596 710 quidam
1618 660 1826 698 Romanus
1845 658 2005 710 regione
2019 659 2060 698 in
2080 660 2220 699 eadem
2240 659 2406 711 genitus,

401 721 434 761 si
459 721 640 761 Valerius
669 720 873 769 Martialis,
903 720 1078 772 inquam,
1104 721 1173 772 qui
1201 729 1383 772 expertus
1412 720 1551 761 didicit
1579 722 1658 761 fere
1687 721 1784 760 nihil
1812 721 1853 760 in
1881 722 1961 761 vita
1989 721 2074 760 sine
2101 729 2263 773 argento
2291 735 2410 774 posse

399 782 547 834 perfici,
567 781 689 822 hodie
708 782 793 833 ipse
811 782 980 830 adesset,
1002 781 1086 821 sine
1106 782 1231 822 dubio
1250 783 1482 833 popularem
1509 796 1625 822 suum
1654 783 1780 834 verbis
1806 783 1886 822 suis
1911 784 2116 834 paululum
2144 782 2303 822 mutatis
2326 795 2409 823 non

401 843 487 884 sine
507 842 691 895 superbia
710 844 924 894 appellaret
939 859 1003 882 :—

970 920 979 938 ‘
993 917 1051 957 vir
1079 917 1288 957 Celtiberis
1317 931 1400 958 non
1429 919 1598 958 tacende
1626 918 1822 970 gentibus,

1047 979 1285 1022 nostraeque
1314 973 1399 1011 laus
1429 972 1661 1023 Hispaniae,
1671 1002 1679 1010 .
1689 1002 1696 1010 .
1706 1002 1714 1010 .

991 1033 1031 1064 te
1059 1026 1185 1064 nostri
1211 1027 1358 1065 ffi'beri
1381 1028 1469 1076 rifflz
1497 1026 1735 1077 gloriabitur,

1049 1092 1124 1118 nec
1153 1093 1218 1119 me
1245 1080 1393 1119 tacebit
1423 1080 1627 1120 Bilbilis'2.

511 1155 628 1193 Duco
653 1153 706 1192 ad
728 1165 799 1191 vos
824 1151 950 1191 virum
977 1159 1017 1191 et
1042 1152 1082 1191 in
1110 1152 1308 1204 Hispania
1332 1161 1371 1193 et
1396 1153 1497 1193 inter
1520 1162 1670 1194 exteras
1694 1162 1832 1206 gentes
1859 1155 2020 1195 laudern
2043 1154 2183 1194 merito
2205 1156 2407 1207 adeptum,

401 1216 634 1268 histologiae
653 1216 915 1267 professorem
935 1214 1141 1267 insignem,
1163 1217 1376 1256 SANTIAGo
1397 1215 1558 1256 RAMoN
1579 1228 1604 1255 Y
1624 1218 1771 1265 CAJAL.

1216 1370 1274 1403 10
1308 1355 1440 1419 May
1482 1356 1606 1414 1894

514 1471 626 1524 (221)
661 1473 772 1510 PLUS
810 1483 930 1521 quam
968 1471 1042 1510 tria
1077 1484 1148 1521 per
1179 1471 1337 1510 saecula
1371 1470 1551 1510 Ecclesia
1584 1470 1830 1511 Cathedralis
1864 1470 2034 1511 Eliensis
2068 1484 2160 1510 cum
2193 1471 2412 1521 Academia

404 1543 538 1576 nostra
574 1536 734 1575 vinculo
771 1535 948 1586 quodam
986 1534 1289 1574 necessitudinis
1321 1533 1516 1573 artissimo
1553 1534 1782 1574 consociata
1819 1541 1877 1574 est
1889 1547 1900 1582 3
1942 1534 2044 1573 inter
2082 1535 2268 1574 Decanos
2304 1533 2412 1573 enim

407 1599 586 1639 Elienses
606 1597 784 1649 quinque
803 1604 844 1637 et
862 1597 1010 1648 viginti,
1033 1597 1102 1648 qui
1120 1598 1209 1648 plus
1229 1610 1349 1647 quam
1375 1603 1572 1636 trecentos
1595 1596 1881 1648 quinquaginta
1904 1595 2093 1647 deinceps
2115 1609 2242 1636 annos
2268 1609 2412 1636 munus

405 1661 504 1700 illud
523 1667 772 1709 ornaverunt,
794 1661 874 1699 fere
893 1673 1014 1700 nemo
1033 1659 1223 1711 reperitur
1242 1659 1338 1710 quin
1357 1659 1606 1710 aliquatenus
1625 1661 1764 1699 saltem
1788 1659 1997 1699 nobiscum
2024 1659 2260 1699 coniunctus
2285 1658 2411 1698 fuerit.

408 1724 458 1762 In
479 1722 687 1762 Merivalio
707 1721 884 1772 quidem,
904 1723 1068 1761 alumno
1087 1729 1223 1761 nostro
1243 1720 1397 1772 insigni,
1420 1722 1627 1760 Musarum
1646 1722 1796 1760 cultore
1815 1721 1928 1768 felici,
1952 1720 2200 1760 historiarum
2226 1720 2415 1772 scriptore

406 1783 556 1831 illustri,
578 1785 747 1822 multum
773 1795 900 1834 nuper
924 1782 1157 1822 amisimus⁸.
1215 1782 1300 1821 Viri
1322 1782 1409 1822 talis
1432 1789 1565 1822 autem
1591 1782 1632 1821 in
1655 1783 1789 1822 locum
1809 1782 1997 1822 successit
2016 1796 2064 1822 ex
2081 1781 2252 1821 alumnis
2271 1781 2414 1822 nostris

406 1847 514 1894 alter,
537 1844 705 1897 Collegii
725 1844 929 1884 Sidneiani
948 1845 1176 1896 discipulus,
1198 1844 1256 1885 vir
1275 1858 1356 1884 non
1377 1846 1500 1884 modo
1520 1844 1659 1884 studiis
1682 1845 1970 1885 mathematicis
1996 1847 2173 1884 excultus
2199 1846 2270 1885 sed
2294 1844 2413 1885 etiam

406 1909 448 1948 in
475 1908 612 1948 litteris
642 1908 818 1960 Anglicis
846 1909 1022 1959 praemio
1051 1910 1255 1959 quondam
1285 1915 1446 1948 ornatus
1474 1908 1729 1957 Academico,
1760 1908 1828 1959 qui
1861 1915 1900 1947 et
1927 1908 2085 1947 urbium
2114 1920 2344 1958 magnarum
2371 1906 2414 1946 in

406 1971 522 2010 turba
541 1977 581 2010 et
599 1969 697 2009 ruris
717 1969 860 2009 remoti
879 1970 919 2008 in
941 1969 1155 2009 solitudine
1175 1973 1185 1990 ‘
1199 1970 1358 2010 Christo
1378 1969 1418 2007 in
1438 1969 1677 2020 pauperibus
1690 1969 1719 1991 ⁷⁴
1738 1969 1821 2008 eius
1841 1969 2008 2008 fideliter
2026 1968 2235 2008 inservivit.
2289 1967 2414 2018 Atqui

407 2046 458 2072 ne
483 2031 580 2071 ruris
607 2031 771 2082 quidem
796 2031 837 2070 in
867 2044 1025 2070 secessu
1051 2030 1307 2070 solitudinem
1333 2044 1465 2070 revera
1490 2030 1645 2070 videtur
1669 2030 1865 2070 invenisse
1878 2043 1889 2077 3
1916 2029 2066 2069 audivit
2084 2029 2216 2081 potius
2235 2028 2414 2080 undique

403 2093 662 2145 agricolarum
700 2106 818 2132 voces
855 2093 940 2132 iura
977 2093 1052 2132 sibi
1085 2093 1220 2132 debita
1258 2093 1555 2143 exposcentium
1590 2094 1793 2144 ducesque
1827 2093 1902 2132 sibi
1939 2094 2077 2132 fideles
2109 2091 2408 2144 exquirentium.

408 2155 520 2195 Faxit
550 2157 661 2194 Deus
695 2163 749 2203 ut,
780 2155 918 2194 talium
951 2155 1122 2194 virorum
1154 2155 1382 2203 ministerio,
1415 2155 1559 2195 civium
1593 2156 1752 2195 ordines
1780 2156 1882 2196 inter
1910 2169 1996 2196 sese
2025 2156 2167 2196 diversi
2199 2155 2414 2195 concordia

407 2225 546 2256 mutua
586 2216 688 2256 inter
730 2230 816 2256 sese
862 2216 1164 2268 coniungantur,
1204 2224 1243 2257 et
1289 2217 1493 2257 doctrinae
1536 2218 1784 2258 Christianae
1826 2218 1972 2259 finibus
2013 2233 2083 2270 per
2124 2218 2249 2269 spatia
2285 2217 2414 2258 indies

406 2278 544 2318 latiora
572 2278 806 2329 propagatis,
829 2280 1076 2318 saeculorum
1105 2278 1146 2317 in
1174 2279 1423 2329 plenitudine
1451 2279 1596 2327 omnia,
1624 2279 1705 2320 sive
1730 2280 1899 2331 publicis
1927 2280 2008 2320 sive
2034 2280 2193 2332 privatis
2215 2280 2257 2319 in
2284 2279 2413 2325 rebus,

408 2339 553 2387 omnia,
582 2339 663 2379 sive
695 2340 736 2379 in
768 2340 918 2379 artibus
944 2340 1025 2380 sive
1055 2340 1096 2379 in
1130 2340 1314 2389 scientiis,
1351 2340 1496 2390 omnia,
1528 2341 1610 2380 sive
1638 2341 1679 2380 in
1710 2343 1822 2381 caelo
1856 2341 1937 2381 sive
1970 2341 2011 2380 in
2039 2349 2149 2389 terra,
2180 2341 2222 2380 in
2254 2340 2414 2382 Christo

409 2404 765 2442 consummentur⁶.

520 2466 636 2504 Duco
655 2466 707 2504 ad
722 2478 791 2504 vos
811 2464 936 2505 virum
956 2467 1177 2506 admodum
1196 2468 1469 2514 reverendum,
1489 2468 1702 2508 CARoLUM
1721 2469 1994 2508 WILLELMUM
2014 2471 2182 2517 STUBBS‚
2206 2469 2415 2508 Decanum

410 2525 640 2566 Eliensem⁶.

519 2653 633 2706 (222)
672 2656 805 2705 Quem
834 2669 962 2707 nuper
989 2670 1038 2696 eo
1066 2670 1173 2696 anno
1202 2658 1389 2696 decorare
1418 2658 1660 2705 volebamus,
1692 2671 1772 2709 quo
1801 2658 1982 2698 Tamesis
2013 2658 2136 2698 nostri
2169 2659 2209 2698 in
2243 2659 2326 2710 ripa
2356 2665 2415 2699 tot

409 2716 587 2768 gentium
610 2717 727 2768 legati
752 2719 804 2756 de
830 2719 955 2757 salute
980 2718 1140 2768 publica
1163 2718 1468 2766 deliberabant⁷,
1490 2732 1580 2758 eum
1601 2719 1722 2759 hodie
1741 2733 1848 2759 anno
1868 2721 2023 2769 eodem,
2046 2733 2126 2771 quo
2151 2719 2327 2759 Danubii
2355 2719 2416 2759 sui

411 2778 451 2817 in
476 2779 650 2830 margine
672 2779 831 2819 concilii
856 2779 1034 2820 eiusdem
1059 2781 1173 2820 sedes
1200 2781 1405 2832 designata
1430 2789 1500 2829 est,
1521 2781 1706 2833 auspiciis
1729 2782 1888 2833 optimis
1914 2790 2160 2833 praesentem
2186 2785 2413 2823 salutamus.

497 2873 508 2893 ¹
533 2874 607 2906 The
622 2875 792 2906 chromate
807 2875 846 2906 of
856 2875 956 2907 silver
970 2875 1106 2907 method
1122 2875 1172 2907 for
1187 2876 1336 2918 shewing
1350 2877 1546 2909 nerve-cells
1561 2877 1627 2908 and
1644 2877 1729 2909 their
1742 2887 1920 2918 processes,
1933 2877 2091 2910 invented
2104 2878 2146 2920 by
2158 2877 2258 2940 Golgi
2271 2876 2338 2920 (no.
2352 2876 2416 2920 296

412 2916 532 2959 infra),
550 2918 614 2949 and
631 2918 803 2960 improved
819 2918 863 2960 by
880 2917 1012 2950 Ramon
1028 2929 1049 2959 y
1062 2919 1157 2961 Cajal
1175 2918 1219 2961 (J.
1236 2919 1280 2951 N.
1299 2920 1477 2961 Langley’s
1493 2921 1664 2952 Practical
1676 2921 1856 2962 Histology,
1878 2930 1971 2962 1901,
1990 2931 2063 2961 240,
2079 2932 2095 2952 ἰ
2100 2920 2166 2962 57).
2266 2921 2414 2959 Martial,

410 2960 491 3002 i49‚
513 2971 612 2999 1—-2;
643 2960 696 2998 61,
718 2972 853 2994 11—12.
967 2960 981 2980 ⁸
1003 2961 1141 2994 Charles
1166 2962 1327 2994 Merivale
1345 2962 1599 3006 (1808—1893)‚
1620 2963 1746 2994 Fellow
1769 2963 1805 2995 of
1826 2964 1865 2995 St
1887 2963 2015 3005 John's,
2042 2965 2219 2996 translator
2241 2963 2279 2996 of
2299 2964 2414 2996 Keats'

413 3004 597 3045 Hyperion,
620 3004 740 3036 author
762 3003 799 3036 os
818 3005 957 3046 IIistory
979 3005 1020 3047 qf
1033 3005 1087 3037 tlte
1109 3006 1258 3037 Romans
1280 3006 1387 3038 under
1407 3006 1461 3038 tlte
1483 3007 1634 3047 Empire,
1662 3007 1759 3038 Dean
1781 3006 1820 3038 os
1839 3007 1904 3048 Ely
1930 3006 2087 3049 1863—93.
2233 3006 2247 3026 ⁴
2270 3008 2416 3040 Modern

413 3046 607 3088 inscription
630 3057 674 3078 on
696 3058 740 3079 an
762 3048 939 3079 alms—box.
1157 3047 1170 3067 ⁵
1191 3049 1310 3089 Eph.i
1337 3059 1397 3088 105
1424 3050 1549 3092 quoted
1573 3050 1606 3080 in
1629 3050 1762 3092 Prq‘ace
1784 3054 1819 3081 to
1844 3050 1956 3082 Christ
1977 3051 2048 3081 and
2066 3051 2267 3092 Democracy
2291 3050 2416 3092 (1883).

411 3088 425 3108 ⁶
436 3089 545 3164 8Dean
562 3090 750 3164 Deszgnate.
775 3091 926 3175 pAuthor
941 3091 979 3123 of
999 3091 1123 3133 Village
1134 3091 1269 3124 Politics
1281 3093 1406 3134 (1878),
1430 3093 1495 3124 The
1510 3093 1613 3124 Land
1623 3093 1696 3124 and
1705 3093 1758 3125 the
1772 3093 1955 3125 Labourers
1967 3092 2089 3135 (1884),
2102 3099 2165 3126 etc.
2232 3093 2246 3114 ⁷
2272 3104 2308 3135 15
2326 3094 2415 3135 Aug.

417 3143 430 3165 1
458 3141 510 3174 91,
530 3143 602 3164 nos.
624 3143 635 3164 1
666 3144 724 3175 1-3
740 3143 780 3165 su
805 3143 852 3166 ra.

1376 3219 1450 3244 110
