2704 3770
1023 322 1237 371 Francis
1271 322 1344 371 A.
1381 322 1446 371 R.
1488 321 1944 373 Cramer-Roberts.

480 473 540 506 est
563 466 680 509 nobis
706 468 882 519 nympha
904 467 971 507 illa
999 467 1211 509 Caledonii
1239 468 1359 516 lacus,
1391 481 1493 519 quae
1517 481 1610 508 cum
1634 467 1751 509 huius
1782 469 1903 508 Musa
1927 468 2157 510 consociata
2183 470 2237 511 ad
2264 477 2484 513 extremum

482 529 710 571 Britanniae
729 531 952 580 terminum,
977 533 1061 572 ‘vel
1086 530 1306 571 occidentis
1332 543 1459 582 usque
1484 531 1537 571 ad
1562 530 1745 571 ultimum
1771 530 1903 571 sinum
1917 530 1956 579 ²¹,
1979 531 2203 583 nuperrime
2221 530 2461 583 penetravit⁸
2472 547 2484 581 ;

481 599 604 644 utque
636 600 839 645 postremo
868 601 1101 645 argumenta
1138 593 1263 645 magis
1300 606 1410 633 sacra
1446 593 1699 644 attingamus,
1730 607 1813 634 non
1846 593 1981 645 ignota
2013 601 2073 635 est
2104 594 2218 636 vobis
2250 594 2368 637 huius
2399 602 2484 638 arte

481 654 679 694 celebrata
709 657 806 694 ‘vox
833 655 899 695 illa
927 655 967 695 in
997 656 1155 695 deserto
1183 654 1390 695 clamantis
1406 654 1425 693 '.

590 717 757 757 Utinam
783 717 859 770 ipsi
887 718 1008 758 hodie
1036 718 1137 758 inter
1165 720 1269 758 hanc
1296 717 1544 758 audientium
1573 717 1836 769 frequentiam
1866 718 1983 758 huius
2011 731 2222 760 consessus
2250 718 2484 772 dignitatem

480 779 898 832 pulchritudinemque
926 780 1053 820 oculis
1086 780 1346 832 contemplari
1380 780 1627 832 contingeret
1641 795 1652 829 ;
1690 780 1800 832 atqui
1834 781 1986 820 donum
2016 781 2114 821 illud
2142 795 2357 823 commune
2385 782 2484 824 lucis

480 847 660 891 ereptum
693 842 810 881 donis
843 841 1053 882 rarioribus
1088 843 1207 882 Musa
1239 842 1325 894 ipsa
1357 856 1430 882 suo
1464 842 1543 882 vati
1575 855 1836 893 compensare
1868 850 1928 882 est
1956 850 2112 890 conata,
2140 843 2205 884 cui
2234 845 2358 896 (velut
2387 844 2481 886 olim

482 902 656 942 Miltono
675 904 828 955 nostro)
849 904 923 944 sub
942 904 1029 956 ipsa
1048 905 1159 956 quasi
1177 908 1186 926 ‘
1198 904 1428 945 caelestium
1447 906 1598 944 alarum
1619 904 1761 944 umbra
1773 903 1803 923 '³³
1821 904 1995 945 tenebris
2014 919 2062 946 ex
2080 905 2175 958 ipsis
2194 906 2336 948 clarius
2354 908 2485 950 elucet

480 962 613 1014 ingeni
638 966 786 1005 lumen.
842 965 965 1006 Venit
987 979 1119 1006 rursus
1145 966 1186 1006 in
1213 966 1445 1007 memoriam
1473 974 1580 1006 vates
1606 966 1671 1006 ille
1694 967 1745 1006 de
1768 979 1849 1017 quo
1877 965 1999 1017 ipsius
2029 968 2200 1009 Homeri
2227 982 2361 1010 versus
2383 968 2486 1013 inter

480 1026 618 1067 ultima
637 1028 735 1068 vatis
755 1029 878 1069 nostri
898 1029 1110 1080 praeconia
1128 1037 1259 1070 vestro
1279 1028 1328 1082 (si
1348 1028 1495 1082 placet)
1515 1029 1703 1081 praeconi
1722 1042 1831 1068 nune
1849 1028 1991 1070 iterum
2012 1031 2173 1071 laudare
2191 1032 2308 1072 liceat
2321 1047 2385 1072 :—

911 1106 1028 1156 κῆρυξ
1055 1105 1210 1159 ἐγγύθεν
1237 1104 1355 1156 ἦλθεν
1382 1105 1483 1159 ἄγων
1511 1106 1657 1156 ἐρίηρον
1685 1104 1821 1153 ἀοιδόν,

908 1159 974 1198 τὸν
1000 1160 1086 1210 περὶ
1113 1160 1238 1199 Μοῧσ’
1267 1161 1440 1210 ἐφίλησε,
1470 1160 1573 1200 δίδου
1601 1160 1632 1199 δ’
1657 1158 1801 1213 ἀγαθόν
1827 1176 1868 1198 τε
1897 1158 2014 1199 κακόν
2039 1177 2081 1199 τε

909 1213 1120 1264 ὀφθαλμῶν
1145 1215 1216 1265 μὲν
1242 1213 1394 1265 ἄμερσε,
1426 1214 1527 1254 δίδου
1555 1213 1586 1254 δ’
1613 1213 1738 1264 ἡδεῖαν
1764 1212 1925 1264 ἀοιδήν*.

586 1291 704 1331 Duco
723 1292 775 1331 ad
795 1305 865 1331 vos
886 1293 1121 1332 GEORGmM
1142 1294 1447 1332 ALEXANDRUM
1470 1294 1754 1332 MACFARREN.

1294 1472 1324 1516 6
1350 1469 1490 1535 June
1532 1470 1655 1529 1878

585 1605 673 1659 (13)
712 1608 896 1657 QUANTA
915 1607 1117 1659 patientia,
1138 1615 1288 1660 quanta
1307 1609 1358 1648 de
1377 1607 1454 1647 illis
1473 1608 1591 1648 rebus
1610 1606 1768 1654 fiducia,
1790 1620 1893 1659 quae
1912 1607 2038 1648 oculis
2062 1620 2145 1648 non
2171 1615 2386 1650 cernuntur
2410 1612 2482 1652 sed

476 1668 611 1710 animo
630 1671 939 1723 praesagiuntur,
961 1671 1027 1712 ille
1050 1679 1132 1712 erat
1158 1671 1371 1724 praeditus,
1394 1671 1463 1723 qui
1488 1670 1638 1725 primus
1658 1678 1765 1710 trans
1784 1684 1934 1722 aequor
1953 1670 2199 1712 Atlanticum
2221 1671 2338 1712 maris
2357 1672 2482 1727 ignoti

475 1732 650 1784 pericula
669 1748 877 1786 perpessus
898 1735 1035 1775 orbem
1057 1748 1206 1775 novum
1226 1735 1410 1786 gentibus
1430 1733 1626 1786 patefecit.

585 1795 719 1837 Huius
743 1796 813 1836 viri
837 1798 876 1837 in
897 1798 1018 1838 fidem
1039 1810 1131 1837 mox
1156 1798 1331 1837 tradetur
1356 1796 1441 1848 ipsa
1463 1796 1602 1844 insula,
1625 1809 1745 1849 quam
1770 1795 1811 1834 in
1838 1796 1934 1836 orbe
1957 1808 2063 1835 novo
2091 1795 2259 1847 primam
2285 1804 2480 1850 repertam

476 1857 610 1897 Sancti
657 1858 867 1899 Salvatoris
913 1858 1077 1900 nomine
1122 1858 1358 1910 appellavit3
1404 1857 1474 1899 ubi
1517 1857 1630 1910 signo
1668 1856 1795 1897 crucis
1831 1859 2003 1909 primum
2042 1864 2200 1906 statuto,
2240 1858 2292 1899 ab
2338 1858 2480 1901 incolis

476 1918 720 1968 mirantibus,
749 1919 833 1971 ipse
862 1920 1162 1971 obstupescens,
1189 1927 1394 1971 tamquam
1423 1919 1586 1959 nuntius
1615 1921 1726 1959 caelo
1756 1918 1953 1959 demissus
1982 1919 2172 1959 salutatus
2201 1926 2261 1959 est
2287 1920 2480 1974 auspicati

476 1981 648 2022 nominis
668 1989 789 2022 nauta
808 1982 883 2030 ille,
907 1982 1219 2033 Christophorus
1240 1983 1474 2022 Columbus.
1534 1983 1668 2022 Huius
1695 1981 1735 2021 in
1761 1981 1964 2022 laboribus
1983 1981 2102 2021 sacris
2128 1981 2360 2033 patientiam
2387 1996 2480 2025 mox

475 2042 723 2094 experientur
741 2051 894 2083 ceterae
914 2056 1074 2094 quoque
1094 2043 1246 2084 insulae
1266 2057 1406 2084 omnes
1426 2057 1524 2095 quas
1544 2044 1585 2083 in
1605 2051 1780 2084 extremo
1796 2043 1950 2084 Oceani
1965 2043 2054 2084 sinu
2073 2043 2325 2085 occidentem
2345 2058 2479 2087 versus

475 2105 600 2144 solem
630 2105 804 2145 iacentes
834 2105 1031 2144 Bahamas
1059 2119 1348 2157 nuncupamus.
1410 2108 1527 2158 Ipsae
1560 2106 1601 2146 in
1634 2106 1835 2157 profundo
1866 2105 1963 2144 mari
1996 2105 2222 2145 minutatim
2251 2106 2398 2148 coralio
2425 2106 2481 2149 ita

474 2175 691 2215 creverunt,
731 2175 775 2207 ut
812 2167 1028 2207 industriae
1066 2167 1242 2208 infinitae
1280 2176 1542 2208 monumenta
1579 2167 1820 2217 exstiterint3
1859 2167 2062 2220 pulchrius
2096 2175 2230 2209 tamen
2266 2168 2480 2220 patientiae

474 2229 696 2270 indefessae
716 2238 1022 2271 monumentum
1042 2231 1220 2283 episcopi
1239 2231 1377 2282 prioris
1397 2231 1439 2271 in
1458 2231 1538 2271 vita
1557 2238 1744 2285 superest,
1768 2230 1834 2283 qui
1861 2230 2051 2271 tredecim
2071 2244 2200 2271 annos
2225 2230 2381 2283 navigio
2406 2245 2480 2272 suo

477 2295 486 2313 ‘
498 2292 607 2344 pacis
626 2293 789 2334 nuntio'
808 2295 1008 2345 appellato
1028 2301 1176 2343 vectus,
1198 2294 1283 2345 ipse
1302 2307 1432 2334 rerum
1452 2293 1683 2334 caelestium
1702 2307 1793 2333 vere
1813 2293 1987 2341 nuntius,
2005 2292 2153 2333 insulas
2174 2295 2259 2333 illas
2277 2293 2379 2335 inter
2392 2307 2480 2337 sese

474 2355 612 2405 procul
631 2355 822 2395 distantes
842 2356 943 2395 inter
961 2369 1151 2406 aquarum
1173 2355 1348 2407 pericula
1367 2355 1535 2395 invisere
1555 2356 1739 2395 solebat⁵.

583 2418 667 2458 Ibis
699 2418 827 2470 igitur,
856 2418 925 2458 ubi
958 2426 1049 2469 post
1076 2432 1273 2458 annorum
1302 2432 1426 2471 prope
1457 2419 1627 2458 duorum
1659 2418 1940 2468 interregnum,
1974 2416 2201 2469 provinciae
2233 2430 2315 2458 non
2349 2417 2480 2459 divitis

472 2481 597 2529 heres,
618 2481 833 2522 insularum
853 2489 1007 2522 tuarum
1028 2482 1186 2534 inopiae
1206 2483 1314 2523 dona
1332 2481 1467 2522 divina
1486 2481 1737 2533 dispensabis
1755 2495 1766 2528 ;
1794 2480 1880 2529 ibis,
1903 2479 1973 2520 ubi
1992 2493 2075 2520 non
2095 2481 2218 2521 modo
2237 2480 2279 2523 in
2298 2482 2394 2522 sede
2412 2488 2481 2523 tua

475 2542 733 2583 Nassoviensi
751 2551 843 2583 ante
863 2545 1002 2586 oculos
1021 2543 1189 2584 habebis
1208 2551 1379 2584 statuam
1399 2542 1642 2595 magnanimi
1662 2542 1765 2582 illius
1786 2542 1987 2590 Columbi,

1007 2620 1075 2672 qui
1103 2627 1225 2661 nauta
1252 2621 1397 2669 nudus,
1426 2633 1546 2671 regna
1574 2618 1755 2672 promisit
1783 2619 1948 2666 tarnen⁶,

472 2699 543 2738 sed
562 2697 603 2737 in
623 2699 710 2749 ipso
730 2699 851 2738 corde
871 2698 1040 2749 effigiem
1060 2697 1280 2738 decessoris
1299 2697 1357 2737 tui
1376 2696 1534 2749 penitus
1549 2697 1711 2736 infixam
1726 2695 1891 2744 fovebis,
1908 2695 2063 2735 illorum
2084 2695 2283 2746 exemplar
2302 2693 2477 2735 imitatus

472 2760 541 2811 qui
560 2760 821 2799 hereditatem
841 2759 950 2812 regni
970 2760 1157 2800 divinitus
1177 2759 1362 2812 promissi
1382 2763 1392 2782 ‘
1404 2761 1484 2799 fide
1503 2767 1542 2798 et
1561 2759 1753 2810 patientia
1765 2761 1774 2779 '
1794 2766 1886 2799 sunt
1905 2757 2069 2809 adepti⁷.

581 2822 698 2860 Duco
744 2822 797 2860 ad
843 2835 913 2861 vos
957 2823 988 2860 F
991 2833 1235 2861 RANCISCUM
1277 2823 1584 2860 ALEXANDRUM
1628 2822 1813 2861 RANDAL
1853 2820 2266 2866 Cunna-Rouana
2308 2817 2476 2870 Collegii

470 2882 638 2921 Sanctae
667 2890 706 2922 et
735 2883 973 2923 Individuae
1002 2883 1205 2923 Trinitatis
1233 2884 1451 2931 alumnum,
1483 2882 1718 2934 episcopum
1747 2880 2055 2921 Nassoviensem
2085 2879 2349 2931 designatum.

600 3006 613 3027 ¹
637 3008 782 3048 Horace,
802 3010 906 3051 Epod.
925 3010 937 3042 i
957 3019 1006 3050 13.
1225 3007 1240 3031 ⁹
1263 3011 1274 3026 ⁴
1284 3009 1359 3042 The
1373 3009 1470 3051 Lady
1485 3009 1523 3042 of
1534 3009 1591 3041 the
1606 3008 1700 3041 Lake
1710 3007 1730 3046 ’‚
1746 3007 1894 3049 recently
1908 3006 2096 3050 performed
2111 3010 2146 3039 at
2162 3006 2344 3041 Penzanoe.

600 3049 614 3069 ²³
637 3051 770 3089 Milton,
789 3053 944 3095 quensio
959 3054 1121 3091 Secunda,
1139 3054 1172 3085 vi
1189 3052 1247 3095 (iv)
1266 3063 1325 3096 ²71
1345 3053 1497 3085 Mitford.
1757 3050 1771 3070 ⁴
1796 3052 1935 3090 Homer,
1959 3051 2017 3082 Od.
2037 3050 2094 3081 viii
2110 3048 2153 3082 60
2167 3049 2191 3081 f.

600 3092 614 3112 ⁶
638 3095 763 3137 Bishop
779 3095 954 3133 Cauffieffl,
971 3096 1038 3128 and
1059 3097 1132 3129 ‘the
1150 3098 1339 3139 Messenger
1354 3096 1393 3128 of
1405 3097 1510 3128 Peace
1522 3094 1541 3127 ’-
1998 3125 2005 3131 .,

598 3135 613 3157 ⁶
635 3138 736 3172 Nudo
752 3139 917 3178 nocehier,
936 3140 1144 3185 promettitor
1159 3140 1193 3173 di
1210 3140 1328 3182 Regni.
1378 3138 1584 3182 (Chiabrera,
1602 3148 1647 3170 on
1662 3137 1871 3176 Columbus.)
2045 3135 2060 3157 ⁷
2082 3137 2149 3179 Ep.
2163 3136 2211 3169 ad
2221 3135 2324 3170 Hebr.
2343 3135 2376 3168 vi
2397 3146 2446 3169 η.

1447 3224 1495 3250 10
