2704 3770
327 318 424 368 Sir
469 319 578 367 Wm
623 317 678 367 T.
725 315 1159 382 lez‘selton-Dyer.
1239 316 1298 364 G.
1339 315 1404 364 L.
1442 315 1600 380 Kz'ng.
1679 316 1738 365 G.
1778 317 1850 365 A.
1889 318 2196 367 Donaldson,

359 462 475 517 (409)
502 466 657 505 Laurea
684 471 820 505 nostra
847 463 956 504 iuvat
984 462 1106 503 hodie
1135 462 1325 502 decorare
1353 460 1482 500 virum
1512 461 1652 500 Florae
1681 460 1722 499 in
1751 460 1893 500 studiis
1921 461 2129 514 insignem,
2161 464 2273 504 cuius

249 539 433 568 socerum
461 527 503 567 in
529 526 682 568 eisdem
706 527 847 568 studiis
875 527 1068 567 illustrem
1093 524 1243 566 abhinc
1267 537 1396 564 annos
1425 523 1828 575 duodequadraginta
1856 526 2077 565 Academia
2104 527 2275 567 libenter

249 590 405 631 ornavit
412 589 436 632 ¹.
494 590 690 631 Fluminis
705 590 782 632 Isis
796 597 957 643 propter
969 590 1099 630 undas
1115 589 1320 637 educatus,
1338 586 1546 627 scientiam
1560 600 1673 627 suam
1689 587 1875 627 eximiam
1888 595 1928 628 et
1947 588 1988 627 in
2008 589 2154 641 Anglia
2172 598 2212 629 et
2231 590 2273 630 in

250 653 450 694 Hibernia
471 654 684 706 professus,
706 652 889 694 Tamesis
912 653 954 693 in
977 652 1072 704 ripa,
1096 653 1237 692 Florae
1263 650 1305 690 in
1330 649 1456 690 hortis
1481 649 1769 702 pulcherrimiS‚
1794 650 1875 690 iam
1898 663 1968 702 per
1996 664 2124 691 annos
2150 665 2274 704 prope

179 767 183 771 .
247 714 408 768 triginta
439 715 543 756 vitae
573 729 668 756 suae
700 716 1003 756 tabernaculum
1036 713 1277 754 collocavit2.
1335 714 1499 753 Nomen
1537 719 1671 752 autem
1710 712 1795 752 eius
1829 725 1912 752 non
1946 714 2070 752 modo
2103 713 2274 765 regionis

247 777 489 819 Tamesinae
519 779 591 819 sed
621 778 741 818 etiam
773 777 933 818 Africae
962 776 1169 825 Australis,
1202 776 1360 816 Africae
1393 775 1570 827 denique
1607 774 1816 823 interioris,
1849 789 1942 815 cum
1981 775 2144 816 floribus
2182 789 2275 816 con-

247 840 451 881 sociatur³.
509 840 612 881 Satis
630 841 788 892 amplus
807 839 926 891 igitur
943 838 1136 880 laudandi
1155 852 1323 890 campus
1346 845 1466 890 patet,
1488 850 1656 889 campus
1682 837 1846 877 floribus
1869 837 2059 887 consitus,
2081 838 2275 891 omnique

246 903 555 956 pulchritudinis
582 903 771 944 varietate
799 903 1012 943 distinctus
1024 917 1036 953 3
1074 903 1146 943 sed
1180 904 1298 943 Flora
1325 909 1453 951 vocat,
1485 902 1557 942 sed
1586 901 1691 941 horti
1719 901 1844 942 nostri
1872 915 1944 942 vos
1973 902 2171 952 invitant⁴,
2203 905 2275 943 sed

245 972 445 1006 oratorem
470 972 658 1015 vestrum,
682 965 862 1006 Maronis
885 978 968 1006 non
992 965 1283 1015 immemorem,
1309 966 1446 1005 hortos
1475 977 1619 1005 canere
1643 965 1856 1014 volentem,
1885 964 2077 1017 temporis
2100 965 2273 1018 spatium

243 1029 431 1069 excludit.

899 1092 1114 1132 ‘Extremo
1143 1090 1185 1131 ni
1212 1091 1294 1131 iam
1323 1091 1399 1132 sub
1428 1092 1508 1132 fine
1537 1091 1721 1132 laborum

625 1147 714 1186 vela
743 1147 898 1186 traham
928 1153 967 1186 et
996 1146 1108 1187 terris
1136 1146 1321 1186 festinem
1351 1147 1556 1186 advertere
1584 1159 1756 1198 proram,

623 1200 789 1241 forsitan
818 1209 858 1241 et
886 1200 1055 1253 pingues
1083 1202 1222 1241 hortos
1251 1214 1355 1253 quae
1383 1214 1478 1241 cura
1506 1201 1668 1242 colendi

625 1263 783 1296 ornaret
812 1269 1010 1305 canerem,
1042 1255 1238 1308 biferique
1266 1255 1413 1296 rosaria
1442 1256 1640 1305 Paesti,...

626 1324 764 1351 verum
793 1311 894 1351 haec
921 1310 1008 1363 ipse
1036 1311 1236 1362 equidem,
1267 1310 1405 1362 spatiis
1434 1312 1618 1351 exclusus
1646 1311 1806 1363 iniquis,

622 1372 842 1416 praetereo,
872 1372 994 1418 atque
1022 1365 1109 1406 aliis
1138 1373 1230 1418 post
1260 1379 1325 1406 me
1354 1367 1617 1419 memoranda
1643 1367 1849 1419 relinquo'
1871 1366 2030 1419 (Georg.
2052 1367 2091 1408 iv
2116 1368 2221 1420 116).

352 1440 504 1481 Laudis
540 1447 700 1481 nostrae
738 1442 888 1481 corolla
924 1440 1094 1481 libenter
1130 1453 1372 1480 coronamus
1411 1442 1552 1481 Florae
1593 1441 1813 1482 antistitem
1851 1441 2056 1490 illustrem,
2094 1442 2272 1494 equitem

241 1503 453 1556 insignem,
483 1504 757 1544 WILLELMUM
787 1505 976 1543 TURNER
1004 1504 1411 1543 THISELToN-DYER.

1074 1723 1134 1772 27
1175 1710 1276 1758 Oct.
1319 1725 1445 1771 1904

352 1826 468 1881 (410)
498 1829 552 1868 IN
586 1828 754 1869 Oceano
785 1828 929 1869 Indico
958 1827 1130 1868 insulam
1161 1841 1360 1879 magnam,
1392 1827 1523 1868 Gallia
1553 1828 1640 1881 ipsa
1669 1843 1752 1870 non
1784 1830 1916 1871 minus
1944 1832 2023 1871 late
2054 1839 2271 1883 patentem,

242 1890 372 1932 iacere
398 1890 647 1940 meministis,
670 1891 784 1931 cuius
809 1890 974 1941 incolas,
997 1890 1123 1943 (velut
1147 1890 1319 1931 Galliam
1345 1890 1571 1943 antiquam)
1592 1891 1633 1931 in
1657 1899 1735 1932 tres
1760 1901 1891 1945 partes
1915 1894 2075 1943 divisos,
2104 1896 2137 1934 F
2138 1909 2274 1935 ranco-

241 1954 436 2006 gallorum
469 1953 510 1994 in
545 1952 750 1994 dicionem
783 1967 912 2006 nuper
941 1955 1126 1994 redactos
1157 1967 1244 1994 esse
1277 1961 1446 1994 constat.
1506 1954 1629 2003 Olim,
1658 1962 1737 1995 tres
1771 1963 1811 1995 et
1841 1955 2000 2007 triginta
2032 1970 2102 2008 per
2131 1971 2271 2007 annos,

241 2023 434 2070 regnante
453 2018 727 2066 Ranavalona‚
748 2030 903 2067 omneS,
924 2016 1171 2069 quicumque
1191 2017 1314 2057 fidem
1335 2016 1605 2057 Christianam
1625 2025 1737 2058 erant
1756 2019 1935 2070 professi,
1952 2027 2021 2059 aut
2041 2020 2092 2059 de
2108 2020 2273 2071 rupibus

241 2085 336 2120 sunt
358 2078 517 2130 deiecti,
541 2088 610 2121 aut
633 2080 757 2121 hastis
783 2080 970 2129 transfixi,
998 2087 1068 2120 aut
1092 2079 1133 2119 in
1161 2092 1323 2119 crucem
1353 2078 1510 2129 sublati,
1538 2087 1607 2119 aut
1633 2079 1675 2119 in
1701 2079 1931 2121 servitutem
1957 2081 2274 2122 crudelissimam

241 2141 406 2183 venditi.
463 2143 601 2196 Atqui,
632 2150 787 2196 septem
815 2150 907 2196 post
935 2155 1075 2191 annos,
1107 2141 1245 2182 omnia
1272 2141 1314 2182 in
1343 2141 1487 2182 melius
1517 2149 1693 2191 mutata3
1727 2142 1887 2192 etenim,
1919 2156 2013 2183 cum
2043 2143 2123 2183 iam
2151 2146 2275 2184 altera

242 2204 419 2247 nominis
438 2206 620 2247 eiusdem
643 2206 779 2259 regina
801 2206 1123 2256 consecrabatur,
1143 2219 1269 2258 prope
1293 2205 1439 2246 solium
1462 2207 1592 2257 regale
1615 2207 1790 2258 positum
1815 2215 1898 2247 erat
1924 2215 1963 2247 et
1986 2208 2111 2248 Verbi
2138 2208 2275 2248 Divini

243 2275 284 2309 et
311 2267 407 2309 iuris
432 2268 600 2309 humani
625 2270 838 2321 exemplar,
860 2282 1060 2321 supraque
1087 2268 1232 2308 solium
1255 2268 1378 2308 verba
1399 2268 1467 2308 illa
1489 2270 1691 2320 praeclara
1714 2268 1903 2321 inscripta
1917 2272 2068 2310 :—Deo
2090 2273 2271 2322 glom'a...

242 2331 358 2371 Deus
392 2333 553 2373 adiutor
586 2337 714 2373 noster
746 2331 852 2373 est0⁶.
912 2332 1104 2384 Episcopi
1141 2330 1279 2383 primi⁶
1317 2345 1534 2381 successor,
1574 2333 1732 2373 labores
1769 2341 1952 2386 peractos
1990 2336 2127 2375 animo
2163 2342 2275 2387 grato

245 2393 488 2443 recordatus,
509 2394 610 2434 nihil
631 2395 764 2446 aptius
787 2394 910 2434 hodie
933 2393 1066 2434 dicere
1089 2394 1236 2446 poterit
1259 2407 1382 2445 quam
1408 2395 1496 2433 Deo
1512 2396 1669 2446 gloria,
1699 2397 1811 2447 quod
1832 2403 1967 2436 autem
1991 2397 2044 2437 ad
2070 2405 2275 2449 posterum

244 2453 399 2506 attinet,
419 2455 520 2497 nihil
539 2456 782 2510 auspicatius
802 2469 925 2508 quarn
946 2458 1058 2496 Deus
1075 2458 1236 2496 adiutor
1251 2462 1381 2496 noster
1395 2462 1480 2496 esto.

357 2519 477 2560 Duco
499 2521 552 2560 ad
574 2532 646 2560 vos
671 2519 800 2559 virum
825 2519 1049 2559 admodum
1075 2520 1351 2568 reverendum,
1375 2519 1613 2559 GEORGmM
1639 2520 1927 2559 LANCHESTER
1953 2522 2083 2571 KING,
2106 2522 2276 2575 Collegii

246 2580 300 2621 de
325 2579 444 2622 Clare
469 2580 511 2621 in
534 2581 674 2622 litteris
700 2580 1005 2622 humanioribus
1028 2582 1237 2633 quondam
1264 2582 1499 2629 scholarem,
1522 2581 1563 2621 in
1590 2581 1721 2622 insula
1750 2583 2013 2634 Madagascar
2039 2583 2273 2637 episcopum

245 2643 521 2686 constitutum.

357 2755 474 2811 (411)
512 2754 622 2796 Olim
659 2754 701 2795 in
739 2754 950 2803 Australia,
987 2753 1206 2794 insularum
1241 2753 1424 2795 omnium
1456 2753 1640 2803 maxima,
1676 2754 1892 2806 Tyrrellius
1925 2756 1991 2796 ille
2024 2764 2171 2805 noster,
2206 2757 2276 2809 qui

248 2820 463 2863 stationem
492 2819 569 2860 sibi
596 2832 667 2871 per
695 2832 824 2860 annos
853 2820 949 2871 plus·
972 2831 1094 2870 quam
1124 2818 1285 2870 triginta
1309 2818 1502 2859 creditam
1529 2817 1750 2870 nur'nquam
1774 2819 1979 2869 deseruitZ,
2003 2820 2278 2860 munificentia

248 2883 366 2926 solita
393 2882 569 2924 fluminis
598 2881 798 2923 Brisbanii
825 2882 867 2921 in
895 2881 982 2934 ripa
1009 2882 1147 2922 sedem
1174 2880 1444 2933 episcopalem
1467 2894 1614 2921 novam
1638 2881 1963 2922 constituendam
1990 2883 2150 2923 curavit.
2209 2885 2276 2923 Ad

249 2954 379 2988 castra
404 2946 472 2987 illa
499 2953 653 2986 remota
679 2947 888 2985 alumnum
917 2952 1098 2985 nostrum
1126 2944 1315 2997 auspiciis
1344 2944 1505 2996 optimis
1531 2944 1738 2994 mittimus,
1761 2945 1841 2997 qui,
1868 2947 2030 2986 scholae
2059 2946 2277 2986 Etonensis

337 3028 351 3051 ¹
374 3030 429 3065 sir
440 3029 570 3073 Joseph
587 3029 740 3067 Hooker,
759 3029 853 3061 Hon.
871 3029 1007 3069 LL.D.,
1030 3027 1122 3062 1866.
1340 3026 1354 3047 ²
1378 3028 1533 3060 Director
1548 3028 1590 3061 of
1598 3028 1655 3060 the
1673 3028 1782 3070 Royal
1799 3029 1973 3061 Botanical
1990 3030 2153 3070 Gardens,
2175 3031 2273 3071 Kew,

255 3075 480 3118 1885—1900.
614 3072 630 3094 ⁸
649 3073 744 3116 Joint
758 3072 879 3105 author
894 3071 932 3105 of
943 3073 1046 3105 Flora
1060 3072 1102 3115 of
1108 3072 1303 3111 Middlesex,
1323 3073 1389 3104 and
1406 3072 1514 3104 editor
1523 3071 1562 3104 of
1573 3072 1677 3105 Flora
1696 3073 1855 3115 Capensis
1870 3074 1937 3105 and
1952 3074 2055 3106 Flora
2070 3075 2113 3116 of
2124 3075 2158 3106 T
2152 3076 2281 3117 ropical

251 3118 384 3162 Africa.
484 3116 505 3137 ⁴
526 3117 602 3150 The
617 3117 755 3151 Garden
771 3117 873 3160 Party
888 3117 922 3150 in
939 3116 996 3149 the
1015 3118 1023 3133 ‘
1038 3116 1231 3159 University
1247 3116 1390 3149 Botanic
1405 3116 1543 3150 Garden
1554 3116 1575 3148 ’.
1694 3115 1708 3135 ⁶
1732 3117 1779 3149 H.
1799 3117 1854 3150 W.
1873 3117 2020 3158 Tucker‚
2045 3119 2112 3151 The
2128 3119 2276 3162 English

254 3162 390 3196 Church
406 3162 446 3196 in
461 3162 554 3196 other
568 3161 677 3203 lanas,
698 3162 814 3203 135-8.
946 3158 961 3181 ⁶
984 3161 1027 3193 R.
1044 3160 1090 3193 K.
1108 3159 1412 3199 Kestell-Cornish,
1430 3160 1526 3194 D.D.
1658 3158 1673 3182 ⁷
1695 3160 1763 3193 No.
1781 3171 1834 3203 34,
1853 3166 1932 3194 note
1949 3172 1980 3204 3,
1999 3167 2113 3205 supra.

1234 3232 1306 3283 187
2037 3248 2168 3284 24—2
