2704 3770
511 311 740 362 William
778 311 976 361 Clavell
1001 311 1230 376 Ingram.
1317 312 1547 362 Willz’am
1570 314 1714 380 solzn
1750 316 1915 366 Burn.

190 460 387 502 Indorum
418 459 555 511 lingua
583 471 695 499 sacra
723 460 923 511 praeclare
951 456 1137 498 meritum
1146 458 1169 497 ¹.
1230 459 1420 499 Nostram
1450 473 1544 500 vero
1572 461 1836 502 Academiam
1866 476 1994 515 nuper
2023 465 2221 506 beneficio

189 522 379 577 singulari
405 530 616 576 propterea
644 522 721 563 sibi
749 521 927 563 devinxit
955 522 1078 573 quod,
1099 519 1262 562 codices
1290 521 1484 573 plurimos
1512 523 1553 562 in
1583 523 1718 575 lingua
1745 524 1812 564 illa
1837 526 2084 578 conscriptos
2112 535 2151 568 et
2179 529 2222 568 in

189 585 436 628 bibliotheca
461 593 598 626 nostra
623 592 880 625 conservatos
905 592 1090 624 accurate
1116 583 1406 624 examinandos
1431 591 1472 624 et
1499 584 1709 637 diligenter
1737 589 2005 628 recensendos
2034 590 2219 642 suscepit.

189 649 277 690 Viri
295 649 463 691 huiusce
481 657 618 690 autem
637 649 778 690 merita
795 647 1017 700 taliumque
1036 646 1261 688 studiorum
1280 648 1420 688 laudes
1442 646 1682 699 (iucundum
1702 662 1798 690 sane
1823 657 2038 703 utrumque
2061 652 2223 693 dicendi

187 718 486 766 argumentum)
505 725 640 752 coram
667 725 717 752 eo
743 710 975 763 praesertim
998 710 1068 762 qui
1091 709 1242 762 primus
1267 709 1444 762 linguam
1471 710 1579 751 illam
1607 711 1710 752 inter
1732 720 1891 753 nosmet
1914 713 2022 765 ipsos
2051 715 2220 765 docuit²,

190 774 315 816 hodie
332 774 491 827 longius
510 773 699 826 prosequi
718 773 782 813 vix
801 786 966 813 necesse
985 779 1056 813 est.
1115 773 1224 813 Illud
1247 785 1374 812 unum
1397 772 1588 814 dixerim:
1617 773 1859 827 philologiae
1882 776 2175 828 comparativae
2201 791 2223 818 e

189 837 333 879 studiis
358 851 443 879 non
468 839 594 878 modo
622 837 845 889 linguarum
869 835 1130 888 plurimarum
1153 835 1347 887 originem
1374 849 1634 877 communem
1661 850 1749 878 esse
1774 838 1934 889 penitus
1960 847 2221 891 perspectam,

189 901 263 942 sed
294 899 416 942 etiam
446 900 627 940 animum
657 913 783 952 prope
812 900 1030 938 fraternum
1063 897 1166 938 inter
1195 911 1264 938 eos
1299 911 1441 938 omnes
1474 898 1635 939 excitari
1665 900 1824 949 debere,
1847 914 2018 953 quorum
2051 901 2221 954 linguae,

189 962 328 1004 formis
346 962 450 1003 inter
468 975 556 1003 sese
575 970 658 1002 tam
677 961 793 1002 variis
812 960 1030 1013 praeditae,
1046 962 1155 1001 velut
1174 974 1330 1001 sorores
1349 968 1484 1001 tamen
1500 969 1626 1002 matre
1640 963 1693 1003 ab
1708 976 1790 1003 una
1803 963 1997 1016 originem
2012 965 2223 1010 duxerunt,

1138 1038 1300 1077 ‘Facies
1330 1050 1412 1076 non
1442 1037 1632 1077 omnibus
1661 1051 1752 1086 una,

598 1094 695 1133 Non
724 1092 881 1133 diversa
909 1098 1057 1141 tamen,
1089 1091 1250 1143 qualem
1279 1092 1398 1132 decet
1427 1105 1516 1132 esse
1544 1093 1779 1132 sororum'3.

299 1169 388 1209 Nos
407 1175 514 1209 certe
533 1169 722 1209 adversus
735 1168 845 1207 hunc
864 1165 1119 1219 potissimum
1135 1165 1273 1214 virum,
1289 1166 1358 1219 qui
1373 1173 1434 1206 tot
1453 1166 1620 1219 linguas,
1641 1166 1745 1207 inter
1759 1180 1802 1207 se
1817 1167 1979 1220 originis
1995 1168 2224 1209 communis

187 1230 272 1272 iure
308 1230 556 1279 coniunctas,
589 1237 671 1270 tam
710 1229 875 1270 feliciter
913 1228 1048 1278 coluit,
1083 1229 1264 1269 animum
1298 1237 1479 1269 nostrum
1513 1231 1731 1269 fraternum
1764 1229 1936 1271 libenter
1969 1232 2221 1281 confitemur,

190 1293 375 1347 interque
402 1301 563 1335 nostrae
593 1293 736 1333 Matris
764 1295 908 1333 Almae
937 1292 1040 1333 filios
1069 1292 1234 1333 honoris
1263 1306 1384 1333 causa
1413 1292 1555 1333 merito
1583 1301 1832 1346 cooptamus.

300 1358 421 1398 Duco
439 1357 493 1397 ad
511 1369 584 1396 vos
602 1357 887 1396 THEODORUM
907 1357 1158 1396 AUFRECHT.

995 1480 1025 1525 6
1062 1476 1251 1525 Marclz
1296 1493 1312 1525 1
1324 1479 1419 1540 893

299 1590 418 1646 (206)
455 1592 567 1643 Quis
604 1592 733 1632 nescit
771 1590 977 1631 Ecclesiae
1015 1590 1344 1642 Petroburgensis
1381 1591 1524 1631 faciem
1563 1591 1868 1642 occidentalem,
1908 1606 2023 1634 arcus
2061 1593 2225 1646 triplicis

190 1654 403 1697 altitudine
421 1652 647 1695 admirabili
667 1652 996 1705 superbientem?
1051 1652 1154 1703 Quis
1179 1652 1319 1704 templi
1344 1654 1525 1693 eiusdem
1553 1653 1690 1692 turrim
1717 1653 1891 1694 mediam
1918 1668 2001 1695 non
2027 1656 2222 1705 meminit,

191 1733 319 1772 nuper
338 1731 421 1759 non
440 1719 521 1758 iam
540 1717 582 1757 in
602 1731 722 1757 arena
742 1716 871 1757 fallaci
890 1717 962 1756 sed
981 1715 1023 1756 in
1043 1729 1139 1756 saxo
1162 1716 1293 1756 solido
1316 1717 1452 1756 denuo
1479 1718 1718 1757 fundatam?
1773 1717 1934 1770 Templi
1959 1726 2094 1760 autem
2120 1719 2224 1761 illius

189 1795 286 1824 cura
303 1789 344 1823 et
362 1781 606 1835 praesidium
626 1782 696 1821 uni
716 1794 765 1821 ex
783 1779 956 1820 alumnis
975 1779 1120 1820 nostris
1135 1779 1363 1831 nuperrime
1378 1779 1567 1820 traditum
1587 1787 1659 1829 est,
1673 1779 1758 1821 viro
1777 1780 1880 1821 inter
1899 1782 2057 1822 labores
2076 1796 2223 1833 sacros,

189 1859 273 1888 non
293 1846 431 1896 modo,
450 1844 624 1898 primum
645 1844 763 1885 maris
784 1842 998 1884 Hibernici
1018 1842 1151 1883 media
1170 1842 1212 1882 in
1232 1842 1372 1892 insula,
1395 1842 1543 1883 deinde
1562 1842 1732 1894 Angliae
1751 1842 1873 1883 totius
1894 1844 2028 1884 media
2047 1844 2089 1884 in
2112 1847 2222 1895 urbe,

187 1909 259 1950 diu
291 1915 483 1960 spectato,
518 1909 591 1948 sed
628 1905 749 1948 etiam
787 1905 830 1946 in
867 1905 1073 1958 provincia
1106 1904 1224 1945 nobis
1255 1904 1425 1945 finitima
1457 1904 1527 1945 diu
1565 1906 1683 1945 valde
1713 1906 1966 1958 approbato⁴.
2027 1908 2133 1959 Ipse,
2166 1908 2224 1948 uti

187 1985 404 2026 speramus,
434 1970 591 2012 Decani
620 1970 662 2010 in
693 1969 827 2010 officio
855 1968 929 2010 erit
958 1968 1164 2009 Ecclesiae
1189 1981 1286 2008 suae
1317 1969 1464 2008 ‘decus
1493 1970 1765 2020 columenque
1779 1971 1807 1992 ’⁶
1819 1983 1830 2018 ;
1863 1971 2053 2010 adversus
2083 1979 2224 2012 ventos

188 2035 392 2089 quoslibet
413 2036 522 2076 velut
547 2034 664 2075 turris
690 2033 885 2086 quadrata
909 2032 1030 2073 stabit
1052 2031 1271 2081 immotus;
1304 2033 1526 2072 amicorum
1555 2031 1731 2083 denique
1760 2039 1799 2072 et
1825 2032 1949 2084 ipsius
1978 2033 2225 2074 Academiae

187 2099 291 2141 votis
315 2098 505 2140 omnibus
530 2097 707 2152 expletis,
730 2097 803 2138 erit
828 2097 862 2137 is
889 2096 958 2149 qui
983 2108 1110 2148 prope
1138 2095 1320 2136 omnium
1350 2094 1606 2135 difficillimus
1632 2095 1796 2135 inventu
1824 2103 1896 2145 est,
1918 2095 1988 2147 qui
2010 2110 2035 2137 a
2061 2096 2225 2137 Graecis

187 2162 334 2204 dicitur
352 2161 446 2213 ἀνὴρ
463 2162 696 2215 τετράγωνος
713 2158 800 2199 ἄνευ
818 2159 939 2213 ψόγου
958 2157 1181 2212 τετυγμένος
1188 2159 1214 2196 ⁶.
1390 2188 1392 2190 .

299 2225 421 2266 Duco
438 2224 492 2265 ad
510 2237 582 2265 vos
603 2222 773 2275 Collegii
793 2223 844 2263 de
865 2223 960 2262 Iesu
978 2223 1201 2270 alumnum,
1222 2222 1500 2261 WILLELMUM
1522 2221 1720 2262 CLAvELr,
1741 2222 1928 2260 INGRAM.

978 2363 1001 2394 2
1016 2364 1032 2395 1
1075 2346 1264 2395 March
1308 2348 1431 2409 1893

298 2461 415 2516 (207)
435 2464 704 2502 PRovmcmr.
723 2460 975 2503 Canadensis
995 2462 1098 2501 ultra
1115 2461 1226 2500 lacus
1246 2460 1478 2510 immensos,
1500 2460 1696 2512 Principis
1718 2461 1888 2513 Ruperti
1914 2461 1954 2501 in
1981 2468 2094 2510 terra,
2115 2461 2225 2514 regio

187 2528 268 2568 late
297 2531 408 2579 patet
440 2538 544 2577 quae
576 2523 741 2564 nomine
771 2522 986 2575 splendido
1019 2522 1248 2562 Assiniboia
1280 2529 1546 2574 nuncupatur.
1606 2522 1799 2574 Episcopi
1827 2531 1961 2563 autem
1992 2524 2131 2564 sedem
2154 2523 2226 2564 ibi-

187 2589 283 2630 dem
302 2588 540 2629 collocatam
566 2600 649 2639 quo
671 2585 924 2639 potissimum
945 2585 1110 2626 nomine
1128 2586 1328 2637 appellare
1347 2585 1518 2626 debeam
1539 2586 1688 2626 nescio.
1751 2587 1989 2638 Qu’Appelle
2007 2588 2223 2639 appellant.

189 2651 256 2692 Ibi
280 2650 486 2692 laboribus
506 2649 676 2691 strenuis
696 2649 867 2690 fideliter
892 2648 1092 2689 obeundis
1117 2662 1246 2689 annos
1272 2655 1366 2689 octo
1392 2649 1592 2690 dedicavit
1615 2649 1672 2689 vir
1694 2663 1840 2702 genere
1866 2649 1993 2690 nobili
2018 2650 2222 2699 oriundus,

187 2713 269 2767 qui,
291 2713 398 2755 sedis
417 2713 522 2753 illius
545 2711 760 2764 episcopus
779 2711 931 2764 primus
951 2718 1220 2760 consecratuS,
1241 2711 1368 2763 gregis
1388 2710 1450 2751 sui
1469 2712 1548 2752 late
1567 2711 1736 2763 dispersi
1759 2711 1862 2753 inter
1882 2712 2079 2752 desideria
2098 2726 2226 2764 nuper

187 2775 339 2830 patriae
357 2776 538 2817 redditus
557 2774 646 2816 est⁷.
708 2776 758 2815 In
784 2776 919 2815 locum
940 2774 1025 2815 eius
1046 2774 1274 2827 nuperrime
1293 2776 1444 2815 electus
1468 2782 1528 2815 est
1553 2777 1740 2816 alumnus
1766 2784 1911 2824 noster,
1934 2775 1992 2816 vir
2014 2775 2226 2828 disciplina

189 2838 473 2880 mathematica
501 2839 693 2886 excultus,
720 2836 790 2889 qui
818 2837 991 2890 primum
1021 2836 1062 2876 in
1091 2850 1181 2877 rure
1210 2844 1347 2876 nostro
1376 2837 1640 2886 suburbano⁸‚
1663 2838 1812 2878 deinde
1835 2838 1876 2877 in
1901 2838 2047 2890 Anglia
2069 2845 2226 2890 septen-

188 2901 347 2943 trionali
366 2903 529 2943 Baedae
547 2900 800 2943 Venerabilis
819 2900 923 2941 inter
941 2899 1134 2952 vestigia⁹‚
1157 2899 1198 2939 in
1218 2899 1423 2940 laboribus
1443 2900 1563 2940 sacris
1583 2900 1749 2941 feliciter
1767 2908 1945 2941 versatus
1964 2909 2035 2941 est.
2095 2900 2226 2953 Regio

275 2987 288 3009 ¹
312 2989 473 3032 Glossary
487 2994 534 3028 to,
555 2989 622 3021 and
639 2988 778 3021 Edition
795 2987 840 3026 of,
858 2989 932 3031 Rzssg
952 2989 1038 3021 Veda
1054 2993 1118 3021 etc.
1233 2985 1248 3007 Β
1267 2987 1359 3030 John
1378 2987 1482 3027 Peile,
1503 2988 1648 3026 Litt.D.‚
1668 2990 1796 3022 Master
1812 2990 1851 3022 of
1861 2989 2013 3027 Christ's,
2030 2989 2110 3022 then
2126 2990 2225 3023 Vice-

190 3032 403 3066 chancellor.
597 3031 611 3052 ³
634 3032 736 3071 Ovid,
754 3033 835 3065 Met.
855 3032 879 3064 ii
900 3042 949 3074 13.
1136 3030 1150 3051 ⁴
1172 3031 1273 3064 Viear
1288 3031 1327 3064 of
1340 3031 1427 3064 Kirk
1446 3032 1606 3071 Michael,
1629 3033 1696 3066 Isle
1712 3034 1750 3066 of
1763 3034 1857 3073 Man,
1882 3033 2054 3075 1864—74;
2076 3034 2178 3066 Vicar
2192 3033 2231 3066 of

189 3075 228 3110 St
246 3075 449 3116 Matthew’s‚
471 3077 650 3113 Leicester,
671 3078 845 3119 1874-933
871 3076 963 3108 Hon.
985 3076 1104 3109 Canon
1120 3076 1159 3107 of
1172 3075 1436 3118 Peterborough‚
1456 3077 1549 3116 1887.
1741 3076 1755 3096 ¹⁵
1779 3078 1927 3119 Horace,
1950 3078 2065 3110 Carm.
2083 3078 2106 3110 ii
2126 3086 2175 3119 17,
2193 3090 2225 3119 4.

189 3118 205 3184 ζ
223 3119 431 3208 ῗέἓὲῐνινίἁεε,
447 3130 503 3163 ap.
522 3120 606 3154 Plat.
628 3121 760 3164 Prasag.
782 3129 845 3163 339
859 3127 892 3152 B.
1024 3118 1038 3139 ⁷
1063 3121 1109 3152 Rt
1126 3121 1210 3152 Rev.
1231 3120 1287 3152 the
1305 3120 1398 3152 Hon.
1419 3120 1583 3153 Adelbert
1598 3121 1629 3164 J.
1652 3121 1693 3154 R,
1715 3122 1847 3154 Anson.
1974 3121 1988 3143 ⁸
2012 3122 2225 3155 Chesterton.

1224 3246 1300 3284 103
