2704 3770
506 342 726 410 Jacques
759 341 907 391 Loeb.
979 340 1034 388 E
1034 339 1222 389 dmond
1246 339 1477 389 Perrier.
1554 339 1613 389 G.
1652 341 1723 390 A.
1763 340 2026 392 Schwalbe.

263 488 401 530 animo
419 489 526 530 bene
543 488 687 529 librato
706 479 921 541 praeditus,
938 486 1138 528 monitum
1158 486 1259 527 illud
1279 485 1550 526 Horatianum
1565 493 1796 534 constanter
1810 495 2019 527 conservat
2035 491 2111 527 :—‘
2123 501 2292 540 aequam

264 558 470 594 memento
489 550 608 591 rebus
627 549 669 590 in
687 548 822 590 arduis
841 562 996 590 servare
1015 555 1193 589 mentem
1205 549 1245 587 ’¹.

374 615 493 655 Duco
510 614 564 655 ad
583 626 655 654 vos
675 614 932 653 HARALDUM
954 614 1201 653 HOFFmNG.

375 731 491 786 (520)
511 731 666 774 Oceani
691 731 853 772 Pacifici
876 744 900 771 a
922 730 1038 771 litore
1062 731 1215 782 legatus
1238 730 1292 770 ad
1317 742 1393 770 nos
1411 730 1604 770 advectus
1623 736 1684 769 est
1704 729 1945 770 Californiae
1965 729 2007 769 in
2027 729 2297 771 Universitate

264 795 538 848 physiologiae
562 796 773 848 professor,
801 794 976 835 veritatis
1005 794 1215 846 indagator
1239 792 1431 846 pertinax,
1457 793 1539 845 qui,
1560 792 1842 845 experimentis
1865 792 2071 845 exquisitis
2093 793 2294 843 adhibitis,

265 871 397 899 rerum
422 872 574 909 earum,
596 872 765 911 quarum
789 858 830 898 in
855 857 991 898 medio
1016 857 1206 897 animalia
1227 864 1444 906 versantur,
1465 857 1630 896 effectus
1656 857 1759 896 inter
1784 870 1827 897 se
1853 856 2031 896 diversos
2054 856 2298 909 distinguere

264 929 325 963 est
353 923 532 964 conatus.
593 925 689 963 Non
718 923 843 962 modo
872 922 924 962 de
952 920 1095 961 caloris
1124 921 1196 961 sed
1224 919 1344 960 etiam
1375 921 1428 960 de
1456 919 1601 960 coloris
1630 927 1670 960 et
1697 919 1861 959 luminis
1890 918 1938 968 vi,
1965 920 2017 960 de
2045 919 2297 972 geminorum

264 983 427 1038 origine,
447 984 684 1025 echinorum
703 983 880 1035 denique
900 984 952 1023 de
972 984 1037 1023 ovi
1057 981 1284 1023 maturitate
1302 990 1372 1022 aut
1392 982 1586 1034 sanguine
1605 981 1754 1023 iniecto
1773 989 1842 1022 aut
1862 983 1944 1023 sale
1963 982 2097 1023 infuso
2112 982 2154 1022 in
2170 983 2298 1023 maius

263 1053 444 1095 exaucto,
472 1059 594 1098 quam
624 1045 821 1087 subtiliter
847 1044 1088 1097 disputavit!
1148 1044 1281 1084 Etiam
1310 1044 1352 1084 in
1378 1044 1455 1084 alia
1481 1058 1612 1084 rerum
1641 1044 1858 1096 provincia,
1886 1045 2033 1086 Horati
2058 1044 2100 1085 in
2123 1047 2296 1095 saeculo,

265 1109 429 1162 Epicuri
449 1109 543 1163 (nisi
562 1110 692 1161 fallor)
714 1116 887 1149 sectator
906 1108 1074 1160 quidam
1094 1108 1290 1148 tractabat
1313 1107 1512 1157 ‘echinos,
1535 1115 1579 1148 ut
1600 1108 1754 1156 melius,
1776 1108 1955 1148 muria’2.
1978 1111 1981 1113 ’

374 1172 494 1212 Duco
513 1173 567 1212 ad
586 1185 658 1212 vos
678 1172 877 1211 IACOBUM
899 1171 1018 1210 LoEB
1026 1168 1052 1208 ⁸.

372 1307 489 1362 (521)
517 1310 705 1361 Sequitur
727 1307 920 1361 deinceps
941 1309 1293 1361 Francogallorum
1315 1309 1496 1349 Instituti
1516 1308 1764 1350 celeberrimi
1783 1317 1823 1350 et
1844 1308 2090 1350 Academiae
2111 1309 2299 1351 Medicae

263 1371 398 1412 socius
423 1371 600 1424 insignis,
623 1370 693 1423 qui
718 1370 907 1411 historiae
936 1371 1126 1411 naturalis
1154 1373 1345 1412 Museum
1376 1371 1598 1412 Parisiense
1625 1374 1773 1413 tutelae
1803 1386 1898 1413 suae
1924 1373 2121 1413 creditum
2148 1372 2300 1424 optime

263 1435 472 1476 ordinavit.
524 1435 646 1484 Olim,
660 1434 702 1474 in
718 1434 999 1487 philosophiae
1014 1435 1244 1487 zoologicae
1263 1435 1522 1476 incrementis
1538 1435 1781 1484 enarrandis,
1796 1436 1979 1489 populari
1993 1449 2077 1484 suo,
2093 1437 2299 1488 Stephano

264 1500 502 1540 Godofredo
530 1498 824 1547 Saint-Hilaire,
849 1498 953 1539 inter
983 1498 1158 1538 Darwini
1188 1499 1312 1539 nostri
1340 1498 1601 1550 praenuntios
1629 1500 1765 1538 locum
1794 1500 2040 1551 praeclamm
2071 1498 2299 1538 vindicavit.

266 1564 360 1615 Ipse
378 1570 521 1615 postea
539 1562 744 1614 zoologiae
762 1562 970 1602 universae
990 1562 1280 1602 describendae
1300 1575 1403 1614 opus
1422 1562 1612 1602 eximium
1633 1562 1892 1602 consecravit.
1952 1562 2063 1612 Quid
2087 1562 2219 1602 dicam
2246 1563 2298 1602 de

263 1625 497 1667 animalium
520 1625 690 1667 coloniis
712 1626 765 1666 ab
790 1626 936 1666 eodem
961 1625 1259 1665 accuratissime
1284 1625 1549 1666 examinatis?
1577 1625 1676 1676 quid
1702 1626 1754 1665 de
1777 1625 1979 1665 vermibus
2002 1626 2178 1674 terrenis,
2201 1624 2300 1676 quid

264 1689 318 1729 de
350 1689 470 1729 maris
502 1688 788 1729 Mediterranei
821 1687 911 1727 liliis
945 1687 1121 1727 dilucide
1151 1687 1391 1740 descriptis?
1448 1688 1556 1727 Illud
1584 1701 1712 1727 unum
1741 1686 1931 1728 dixerim:
1966 1689 2065 1727 mari
2098 1688 2300 1739 profundo

262 1751 424 1804 penitus
447 1753 694 1804 explorando
717 1752 807 1803 plus
833 1764 955 1802 quam
981 1752 1105 1791 semel
1129 1763 1292 1803 peregre
1311 1751 1492 1802 praefuit,
1514 1750 1698 1803 interque
1723 1764 1855 1791 rerum
1879 1759 2044 1792 naturae
2064 1750 2299 1804 interpretes

264 1815 441 1868 optimos
460 1814 620 1864 exstitit,
642 1814 711 1867 qui
731 1814 882 1867 patriae
901 1814 943 1854 in
962 1814 1129 1866 gloriam
1150 1828 1372 1866 numquam
1393 1814 1609 1866 perituram

1141 1888 1386 1929 ‘referebant
1414 1888 1583 1928 navibus
1611 1888 1701 1928 altis

728 1944 888 1983 occulta
916 1943 1054 1995 spolia,
1085 1949 1125 1983 et
1154 1945 1287 1995 plures
1316 1944 1368 1983 de
1395 1956 1495 1995 pace
1524 1942 1749 1995 triumphos
1763 1943 1800 1983 '⁴.

376 2021 496 2060 Duco
514 2019 568 2059 ad
587 2031 659 2059 vos
678 2018 946 2058 EDMUNDUM
967 2019 1196 2058 Pinum-31³⁶.

375 2138 490 2194 (522)
510 2138 751 2179 Anatomiae
770 2140 972 2191 professor
990 2140 1351 2192 Argentoratensis‚
1374 2140 1415 2180 in
1440 2142 1626 2193 Aegypto
1650 2148 1690 2181 et
1715 2140 1756 2180 in
1780 2140 1969 2181 America
1993 2140 2302 2193 Septentrionali

265 2202 374 2245 orbis
412 2202 507 2243 novi
544 2209 584 2243 et
621 2202 729 2242 orbis
767 2202 922 2255 antiqui
960 2205 1196 2256 explorator,
1236 2204 1569 2256 anthropologiae
1607 2205 1855 2257 provinciam
1894 2212 2020 2245 totam
2058 2203 2304 2256 peragravit;

265 2278 458 2307 sensuum
477 2266 746 2305 humanorum
766 2264 963 2305 rationem
983 2266 1210 2307 universam
1230 2266 1442 2319 explicavit
1456 2281 1467 2316 3
1496 2267 1709 2307 hominum
1729 2267 2101 2320 antiquissimorum
2117 2267 2249 2319 capita
2263 2274 2303 2307 et

265 2340 359 2368 ossa
385 2326 452 2368 hic
477 2334 517 2368 et
545 2326 625 2366 illic
651 2334 807 2379 reperta
834 2328 1132 2369 accuratissime
1160 2328 1380 2381 descripsit.
1442 2331 1584 2370 Homo
1611 2337 1671 2370 est
1684 2344 1696 2379 5
1725 2330 1892 2370 humani
1918 2330 1974 2370 nil
2002 2343 2026 2370 a
2055 2343 2098 2370 se
2126 2329 2301 2370 alienum

265 2390 412 2444 putat⁸.
470 2389 571 2431 Stilo
601 2403 794 2442 perquam
827 2391 964 2432 lucido
997 2392 1213 2444 praeditus,
1249 2406 1332 2433 non
1367 2394 1492 2433 modo
1526 2394 1735 2433 Hominem
1760 2394 2042 2445 pn'mtgrem‘um
2076 2393 2148 2433 sed
2181 2394 2303 2433 etiam

265 2453 632 2503 Pithecantlzropum
662 2456 823 2491 erectum
849 2452 1068 2493 litterarum
1097 2454 1373 2495 monumentis
1401 2455 1617 2495 mandavit.
1677 2455 1814 2507 Atqui,
1851 2455 1884 2495 si
1917 2455 2102 2507 antiquas
2137 2468 2301 2507 quoque

265 2516 415 2557 litteras
441 2515 534 2556 licet
560 2514 683 2556 hodie
709 2516 919 2563 recordari,
941 2530 1023 2557 non
1051 2518 1103 2557 de
1128 2517 1305 2557 hominis
1331 2517 1560 2570 propinquo
1590 2519 1768 2570 quodam
1795 2531 1981 2570 paupere,
2006 2531 2088 2558 non
2112 2518 2164 2558 de
2188 2517 2303 2558 simia

267 2581 444 2633 quadam
475 2579 621 2620 mentis
652 2579 894 2620 sublimioris
924 2580 1071 2630 nescia,
1102 2582 1174 2621 sed
1203 2582 1255 2622 de
1283 2581 1449 2622 homine
1477 2581 1565 2633 ipso
1594 2581 1713 2622 donis
1742 2580 1904 2633 optimis
1931 2581 2122 2622 divinitus
2149 2582 2303 2622 donato

265 2649 411 2696 poetae
438 2642 594 2695 antiqui
622 2643 742 2683 verba
770 2643 837 2684 illa
865 2643 972 2685 dicta
1001 2652 1094 2684 sunt
1110 2660 1175 2684 :—

762 2720 830 2757 ‘os
859 2717 1012 2757 homini
1043 2717 1214 2758 sublime
1243 2717 1367 2767 dedit,
1398 2719 1637 2770 caelumque
1666 2717 1767 2759 tueri

788 2771 913 2820 iussit,
943 2779 983 2812 et
1012 2779 1166 2813 erectos
1194 2774 1246 2813 ad
1276 2772 1407 2813 sidera
1434 2774 1574 2813 tollere
1602 2773 1787 2813 vultus’⁷.

376 2846 496 2886 Duco
515 2845 568 2886 ad
587 2859 658 2886 vos
679 2846 917 2886 GusrAvum
939 2841 1179 2887 ALBERTUM
1201 2845 1464 2888 Scrrwmffiss‘&

354 2969 364 2991 ¹
394 2971 507 3004 Carm-
527 2970 551 3004 ii
566 2981 597 3013 3,
618 2982 646 3004 1.
820 2970 836 2991 ²
857 2973 964 3005 Serm.
981 2972 1005 3004 ii
1021 2973 1053 3013 8,
1074 2982 1114 3014 52
1129 2971 1152 3004 s.
1329 2970 1344 2991 ³
1366 2971 1502 3005 Author
1516 2970 1555 3005 of
1567 2973 1611 3005 In
1640 2983 1740 3005 uence
1751 2972 2054 3015 ofEnvironment
2067 2969 2302 3012 on'Am'mals,

265 3013 301 3047 in
316 3014 469 3047 Dar-min
484 3017 559 3048 and
568 3016 712 3048 Modern
726 3016 864 3054 Science,
883 3025 944 3058 247
958 3016 980 3049 f.
1103 3015 1118 3036 ⁴
1138 3015 1294 3059 Juvenal,
1313 3015 1371 3048 viii
1392 3015 1453 3049 106
1465 3016 1488 3048 f.
1640 3017 1776 3049 Author
1791 3017 1830 3049 of
1841 3017 1894 3049 La
1906 3017 2112 3059 philosophie
2123 3018 2307 3059 zoologr'que

267 3062 376 3091 avant
389 3059 562 3100 Darwing
585 3059 701 3092 Traia
711 3060 751 3093 de
763 3060 914 3102 zoologie3
930 3060 994 3093 Les
1008 3061 1143 3093 colonies
1157 3060 1336 3098 animales3
1354 3060 1418 3092 Les
1431 3060 1656 3102 explorations
1670 3062 1923 3098 sous-morinen
1947 3066 2011 3093 etc.
2100 3058 2116 3080 ⁶
2138 3060 2299 3101 Terence,

265 3102 389 3135 Heaut.
409 3110 461 3143 77.
580 3101 594 3124 ⁷
617 3103 718 3140 Ovid,
736 3105 818 3136 Met.
835 3104 846 3136 i
863 3106 903 3145 85
920 3104 943 3136 f.
1070 3101 1084 3124 ⁸
1107 3104 1241 3136 Author
1257 3104 1295 3136 of
1307 3104 1478 3136 Lehrbuclz
1494 3105 1553 3136 der
1566 3106 1747 3137 Anatomie
1761 3107 1822 3137 der
1835 3105 2134 3146 Sinnes-organem
2158 3105 2303 3137 Studien

268 3146 348 3179 iiber
366 3147 430 3178 den
453 3147 756 3190 Pithecanthropus
780 3153 904 3180 erectus
912 3159 922 3187 ;
958 3148 1034 3180 Der
1057 3148 1417 3181 Neanderthakchiidel
1428 3159 1436 3187 ;
1466 3148 1536 3181 Die
1568 3149 1809 3191 Vorgeschichte
1830 3149 1885 3181 des
1910 3148 2112 3187 Memorem
2142 3149 2209 3181 and
2241 3149 2275 3181 Τ
2268 3149 2308 3181 lte

264 3190 406 3223 Descmt
418 3191 556 3233 quan
571 3192 606 3224 in
623 3191 774 3224 Dar-min
785 3191 858 3224 and
870 3192 1013 3224 Modern
1028 3192 1168 3232 Sciencc,
1187 3203 1199 3225 ι
1210 3202 1246 3224 12
1261 3191 1284 3223 f.

1246 3279 1320 3317 231
