2704 3770
770 331 954 396 Hemy
987 332 1279 396 Brougham
1312 332 1576 398 Bousfield.
1647 333 1922 398 Llewellyn
1945 333 2115 400 sones.

437 476 605 527 Gangen
630 474 673 515 in
698 475 840 516 intimo
869 475 1043 516 Orientis
1066 477 1155 516 sinu
1178 476 1393 517 recondita.
1452 477 1746 518 Recentissimo
1769 477 1825 517 illi
1844 477 2100 530 episcopatui,
2123 478 2444 519 Wintonensium

437 551 598 578 suorum
614 538 846 579 liberalitate
861 538 1089 588 constituto,
1107 539 1335 591 designatus
1355 547 1415 580 est
1435 540 1704 592 Collegiorum
1724 548 1948 581 nostrorum
1968 541 2232 593 antiquissimi
2246 543 2441 591 alumnus,

437 599 494 639 vir
512 599 553 639 in
572 600 670 640 urbe
690 608 824 640 nostra
844 614 892 641 eo
912 601 1141 652 praesertim
1161 603 1324 642 nomine
1343 604 1719 642 commemorandus
1739 604 1849 654 quod
1867 616 1994 642 annos
2015 603 2332 654 quattuordecim
2355 604 2446 644 sub-

437 661 598 701 urbanis
618 662 761 702 nostris
780 663 953 702 tenebris
976 664 1107 702 lucem
1133 670 1173 703 et
1197 665 1383 715 lampada
1409 663 1511 704 vitae
1535 663 1702 716 purioris
1727 664 2021 715 praetendebat.
2081 666 2142 704 Ex
2169 664 2334 706 Oriente
2358 678 2446 706 esse

437 726 579 773 lucem,
601 732 731 765 vetere
749 725 958 776 proverbio
978 725 1148 766 dicimus
1161 741 1172 775 3
1201 728 1311 778 quod
1332 739 1413 766 non
1434 726 1565 766 minus
1584 727 1626 766 in
1645 727 1730 778 ipsa
1749 741 1790 767 re
1810 727 1944 767 divina
1963 741 2098 768 verum
2118 735 2178 767 est
2197 740 2316 779 quam
2336 727 2378 767 in
2397 741 2446 768 ea

438 796 548 840 parte
578 788 801 828 divinarum
834 801 963 827 rerum
998 802 1116 839 quam
1148 797 1329 829 naturam
1361 791 1617 840 appellamus.
1677 791 1827 830 Lucem
1858 791 1974 842 igitur
2006 804 2157 831 sacram
2189 790 2297 830 illam
2328 789 2446 831 nobis

437 851 490 890 ab
516 851 681 891 Oriente
706 852 853 899 datam,
878 849 952 901 ipsi
980 850 1134 890 Orienti
1163 864 1236 890 nos
1265 852 1478 891 reddamus
1506 851 1687 891 invicem.
1746 851 1855 892 Sicut
1881 852 1987 893 enim
2014 866 2132 904 saepe
2157 852 2232 892 sub
2257 865 2445 893 occasum

438 913 532 953 solis
561 926 643 953 non
672 913 930 953 occidentalis
959 920 1114 952 tantum
1143 913 1242 953 caeli
1270 913 1376 965 regio
1405 927 1478 953 suo
1507 915 1717 965 splendore
1745 915 1878 966 fulget,
1907 916 1978 955 sed
2005 915 2155 955 lumine
2183 922 2289 954 trans
2318 915 2445 956 nubes

439 975 561 1015 misso
581 975 790 1015 orientales
810 975 930 1015 etiam
951 974 1032 1026 poli
1051 982 1181 1026 partes
1201 988 1307 1015 novo
1327 975 1469 1015 rubore
1489 977 1682 1027 refulgent
1695 990 1706 1025 3
1734 976 1788 1015 ita
1807 990 1829 1016 e
1848 976 1991 1016 nostris
2018 976 2155 1016 insulis
2180 977 2232 1016 ad
2257 989 2444 1016 occasum

438 1036 532 1076 solis
564 1036 714 1088 positis,
746 1045 853 1076 trans
886 1044 1006 1076 terras
1040 1036 1207 1087 caligine
1240 1050 1399 1084 mersas,
1431 1037 1569 1076 talium
1602 1037 1774 1077 virorum
1804 1037 1949 1077 auxilio
1985 1040 2133 1089 ‘usque
2165 1039 2217 1077 ad
2249 1039 2444 1078 Auroram

438 1106 478 1139 et
506 1099 730 1150 Gangem'1
758 1098 1042 1138 transmittetur
1070 1112 1191 1150 purae
1219 1098 1417 1150 religionis
1448 1100 1593 1139 lumen.

548 1162 665 1200 Duco
684 1161 736 1200 ad
755 1174 826 1200 vos
845 1159 973 1200 virum
992 1162 1264 1209 reverendum,
1289 1162 1518 1200 IONATHAN
1540 1163 1664 1201 HoLT
1683 1163 1888 1202 T1TCOMB.

1246 1322 1277 1366 4
1311 1306 1481 1369 April
1517 1307 1640 1366 1878

544 1426 633 1480 (κο)
672 1428 707 1466 Ε
736 1438 992 1467 REGIONIBUS
1024 1427 1191 1480 imperio
1225 1428 1455 1468 Britannico
1484 1427 1525 1467 in
1558 1427 1732 1468 Australi
1764 1434 1874 1479 parte
1913 1425 2068 1466 Africae
2099 1425 2267 1467 subditis
2299 1427 2444 1479 egressi

437 1490 643 1542 quondam
676 1487 751 1541 (uti
789 1488 1041 1542 meministis)
1076 1491 1315 1529 Batavorum
1349 1489 1492 1538 coloni,
1527 1496 1618 1541 post
1650 1488 1778 1528 varios
1816 1501 1930 1528 casus
1962 1494 2069 1527 trans
2101 1489 2262 1527 Vallum
2294 1488 2444 1528 flumen

436 1551 722 1603 rempublicam
742 1551 1043 1600 constituerunt,
1061 1564 1164 1602 quae
1183 1550 1372 1591 libertatis
1393 1551 1556 1591 nomine
1570 1550 1744 1602 gloriata,
1762 1563 1844 1590 non
1864 1549 2078 1601 dedignata
2090 1556 2149 1589 est
2169 1548 2444 1601 indigenarum

437 1613 696 1653 finitimorum
729 1614 912 1652 affectare
942 1612 1180 1652 servitutem.
1240 1613 1351 1652 Hinc
1388 1613 1560 1665 primum
1593 1620 1727 1652 exorta
1760 1619 1819 1651 est
1852 1610 2114 1662 Livingstonii
2144 1610 2267 1650 nostri
2298 1611 2444 1652 nobilis

438 1676 669 1728 indignatio,
709 1675 916 1726 indigenas
953 1675 1042 1714 illos
1080 1675 1121 1714 in
1159 1676 1351 1716 veriorem
1389 1676 1611 1716 libertatem
1648 1674 1859 1715 asserentis
1872 1689 1883 1723 3
1930 1675 2023 1714 hinc
2061 1688 2186 1726 nuper
2219 1682 2353 1714 exorta
2389 1674 2446 1715 in-

436 1739 698 1791 gravescentis
718 1738 811 1779 belli
830 1738 1031 1790 praesagia
1050 1738 1217 1778 coloniis
1237 1738 1380 1778 nostris
1400 1738 1441 1777 in
1460 1738 1686 1790 propinquo
1706 1737 1845 1789 positis
1860 1737 2070 1789 periculosi
2083 1751 2094 1785 3
2122 1750 2215 1776 nam
2230 1750 2291 1776 res
2310 1745 2445 1778 nostra

437 1802 573 1853 agitur,
598 1806 608 1824 ‘
620 1801 747 1853 paries
767 1815 859 1841 cum
880 1801 1080 1853 proximus
1099 1802 1211 1841 ardet
1226 1801 1268 1841 '².

546 1866 688 1916 Itaque
716 1864 935 1904 incolarum
964 1864 1140 1915 ipsorum
1171 1878 1317 1915 magno
1345 1878 1438 1904 cum
1471 1866 1599 1904 fructu
1630 1865 1758 1904 visum
1788 1872 1847 1904 est
1872 1864 2087 1916 adiungere
2112 1863 2279 1915 imperio
2306 1871 2443 1904 nostro

438 1928 682 1980 provinciam
708 1928 816 1967 illam
842 1927 1009 1967 fertilem
1033 1935 1152 1979 atque
1171 1941 1268 1968 auro
1288 1927 1462 1976 divitem,
1483 1927 1578 1978 ipsis
1605 1927 1779 1978 denique
1798 1927 1936 1967 insulis
1961 1926 2197 1966 Britannicis
2223 1926 2287 1966 vix
2310 1926 2442 1966 minus

437 1993 515 2031 late
541 1997 768 2042 patentem3
800 1990 927 2029 visum
954 1998 1013 2030 est
1045 1990 1163 2030 etiam
1195 1998 1328 2030 tantae
1358 1990 1583 2041 provinciae
1613 1990 1714 2041 parti
1745 1990 1882 2030 maiori
1913 1992 2020 2030 hunc
2053 1989 2178 2029 virum
2209 1989 2442 2041 episcopum

438 2052 609 2104 primum
648 2053 870 2103 praeficere,
912 2051 979 2102 qui
1017 2059 1075 2091 tot
1116 2052 1314 2103 stipendia
1351 2052 1453 2092 inter
1493 2052 1773 2092 Wintonenses
1817 2065 1910 2092 suos
1948 2051 2120 2100 meritus,
2159 2058 2269 2102 grato
2307 2059 2441 2092 tamen

438 2115 574 2154 animo
602 2115 830 2153 recordatur
855 2113 1081 2153 tirocinium
1110 2127 1225 2153 suum
1253 2114 1294 2153 in
1320 2122 1456 2154 nostra
1480 2114 1702 2153 Academia
1725 2114 1800 2153 sub
1827 2115 1954 2154 isdem
1978 2113 2157 2153 tentoriis
2177 2114 2398 2161 toleratum,
2419 2126 2442 2153 e

439 2176 584 2228 quibus
603 2177 645 2216 in
665 2178 836 2217 eandem
855 2177 962 2216 orbis
982 2184 1171 2217 terrarum
1191 2185 1344 2228 partem
1363 2178 1563 2228 profectus
1584 2184 1643 2217 est
1662 2183 1822 2216 sanctae
1841 2175 1968 2216 crucis
1993 2175 2152 2227 signifer
2176 2175 2252 2224 ille,
2275 2175 2442 2215 Carolus

440 2239 671 2279 Fredericus
692 2239 935 2279 Mackenzie.

549 2301 633 2341 Ibis
652 2301 778 2352 igitur,
802 2301 914 2340 miles
934 2308 1079 2348 noster,
1100 2301 1169 2340 ubi
1188 2301 1230 2340 in
1249 2302 1409 2341 remotis
1428 2301 1504 2341 illis
1523 2303 1670 2350 castris,
1687 2300 1951 2352 longinquum
1970 2300 2080 2340 illum
2099 2299 2238 2351 (prope
2257 2299 2440 2352 dixerim)

438 2371 546 2404 trans
574 2366 731 2413 vallum,
760 2372 799 2404 te
825 2372 893 2404 tua
918 2372 1099 2415 expectat
1125 2366 1240 2404 sedes
1267 2365 1461 2416 praetoria
1474 2380 1485 2414 3
1513 2364 1554 2404 in
1580 2364 1824 2415 provinciam
1851 2364 1956 2403 bello
1981 2377 2108 2414 nuper
2133 2363 2440 2402 tumultuantem

438 2427 548 2478 pacis
567 2428 724 2466 satelles
744 2426 819 2466 ibis
832 2441 844 2476 3
871 2426 946 2466 ibis
962 2427 1147 2477 denique,
1166 2427 1235 2467 ubi
1254 2427 1329 2467 sub
1348 2427 1426 2467 alio
1445 2429 1557 2467 caelo
1571 2427 1674 2467 inter
1693 2440 1796 2466 nova
1815 2426 1944 2467 sidera
1959 2434 2119 2466 sanctae
2138 2425 2265 2466 crucis
2285 2425 2441 2477 signum

438 2490 783 2541 contemplaberis.
832 2491 893 2538 ‚In
913 2490 981 2530 illo
1000 2490 1113 2542 signo
1132 2490 1257 2530 vince.

549 2553 666 2592 Duco
684 2553 736 2592 ad
755 2565 826 2592 vos
847 2554 1087 2592 HENRICUM
1109 2554 1356 2593 BROUGHAM
1377 2555 1629 2601 BousmELD,
1650 2552 1884 2604 episcopum
1905 2551 2212 2606 Pretoriensem.¹

547 2692 634 2745 (11)
672 2695 800 2733 Trans
832 2707 981 2745 aequor
1013 2694 1268 2742 Atlanticum,
1302 2701 1441 2734 contra
1474 2693 1675 2732 Laurentii
1708 2692 1881 2731 fluminis
1915 2691 2026 2740 ostia,
2058 2690 2160 2730 iacet
2194 2688 2268 2742 (uti
2299 2688 2440 2741 nostis)

439 2754 567 2794 insula
589 2756 630 2794 in
656 2756 754 2795 orbe
776 2769 882 2795 novo
909 2757 1048 2795 Novae
1070 2758 1216 2795 Terrae
1242 2756 1405 2796 nomine
1431 2757 1637 2807 appellata.
1697 2756 1790 2805 Ipsa
1815 2755 1930 2793 tellus
1957 2752 2098 2792 sterilis
2122 2759 2242 2802 atque
2267 2750 2441 2801 ingrata3

439 2817 509 2856 sed
539 2818 579 2855 in
606 2816 786 2868 proximo
815 2824 874 2857 est
903 2831 1010 2857 mare
1035 2817 1204 2868 piscium
1230 2819 1446 2857 fecundum
1473 2825 1512 2856 et
1538 2818 1682 2856 cetaria
1707 2816 1773 2854 illa
1799 2822 1943 2862 nostra,
1965 2813 2109 2864 quibus
2136 2824 2439 2863 nonnumquam

439 2878 558 2917 etiam
578 2878 696 2918 amici
715 2880 838 2918 nostri
858 2879 974 2918 nobis
994 2879 1169 2919 invidere
1195 2879 1378 2918 videntur
1391 2893 1401 2927 3
1429 2878 1552 2930 gignit
1578 2885 1680 2917 terra
1703 2889 1937 2927 generosam
1963 2875 2070 2914 illam
2097 2887 2242 2913 canum
2269 2874 2440 2912 fidorum

438 2947 558 2990 atque
577 2940 678 2979 inter
701 2942 894 2979 fluctuum
916 2941 1090 2992 pericula
1115 2940 1402 2992 intrepidorum
1429 2940 1610 2979 subolem
1626 2953 1637 2987 3
1665 2939 1819 2977 caelum
1845 2936 2019 2987 denique
2045 2947 2349 2985 nonnumquam
2371 2947 2441 2984 per

439 3009 599 3041 noctem
627 3015 789 3053 quoque
817 3004 994 3042 Aurorae
1023 3016 1125 3053 quae
1153 3003 1296 3042 dicitur
1324 3002 1500 3042 Borealis
1526 3002 1737 3053 splendore
1762 2999 2000 3047 irradiatum,
2027 2999 2098 3038 sed
2123 2995 2294 3036 interdiu
2320 2995 2439 3035 etiam

439 3064 605 3116 caligine
625 3072 664 3105 et
683 3065 838 3105 nebulis
858 3067 966 3106 haud
984 3079 1071 3105 raro
1091 3067 1271 3106 densum.

825 3146 838 3167 ¹
858 3148 1012 3190 Juvenal,
1036 3159 1057 3180 x
1083 3159 1096 3180 1
1115 3148 1137 3180 f.
1563 3145 1577 3166 ²
1600 3147 1745 3185 Horace,
1770 3146 1858 3188 Epp.
1881 3144 1893 3176 i
1919 3146 1969 3184 18,
1995 3144 2047 3184 84.
