2704 3770
932 320 1113 385 Henry
1148 320 1341 384 Spence.
1411 320 1711 369 Alexander
1741 319 1973 385 Agassz'a.

447 467 662 515 fitebatur¹,
684 465 947 514 consociatus,
971 480 1073 519 opus
1093 481 1279 519 magnum
1301 469 1353 508 de
1374 467 1602 508 Britanniae
1628 467 1729 507 saxis
1754 467 2014 519 palaeozoicis
2037 467 2281 520 conscripsit.
2340 470 2456 510 Idem

446 534 585 579 postea
623 527 774 579 Regiae
811 527 1018 568 Societatis
1057 528 1188 569 socius
1227 528 1467 576 nominatus,
1502 535 1542 569 et
1575 528 1762 569 Societati
1800 527 2100 580 philosophicae
2143 529 2458 582 Cantabrigiensi

446 590 608 631 honoris
636 604 756 631 causa
783 591 1017 643 adscriptus,
1047 591 1088 631 in
1117 591 1274 632 colonia
1303 591 1369 631 illa
1402 590 1614 632 nobiscum
1642 590 1969 631 coniunctissima
1999 589 2139 631 studiis
2167 590 2242 631 illis
2275 605 2378 644 quae
2405 593 2458 634 ad

445 665 575 692 rerum
596 659 777 692 naturam
796 651 995 704 pertinent
1014 654 1066 693 ad
1085 660 1234 693 certam
1254 655 1458 705 quandam
1478 666 1660 692 normam
1685 652 1912 704 dirigendis,
1934 659 1973 692 et
1998 651 2191 692 iuventuti
2215 653 2459 694 Academiae

445 713 728 766 impertiendis,
751 714 942 767 plurimos
962 729 1032 767 per
1049 729 1177 756 annos
1197 717 1350 767 optimo
1374 729 1464 756 cum
1489 717 1617 756 fructu
1642 728 1804 767 operam
1824 715 1946 755 dedit.
2004 716 2100 755 Non
2119 715 2318 757 immerito
2342 716 2460 770 igitur

446 775 608 817 honoris
636 776 869 817 Academici
898 776 1035 817 titulus
1063 777 1157 817 huic
1185 777 1268 818 viro
1296 792 1320 817 a
1349 779 1518 818 Nestore
1546 777 1614 817 illo
1643 778 1848 828 quondam
1882 777 2113 829 promissus,
2142 791 2267 830 nuper
2294 791 2319 818 a
2345 778 2460 819 vobis

446 850 660 878 concessus
689 846 760 886 est,
794 846 957 890 rogante
990 838 1157 891 Collegii
1191 839 1351 879 maximi
1383 840 1605 891 Magistro²‚
1637 839 1722 879 viro
1754 839 1959 878 maiestate
1989 838 2299 890 incomparabili,
2326 841 2461 893 lepore

446 899 643 940 inerrabili
663 900 853 953 praedito,
876 901 988 942 cuius
1007 901 1156 942 exitum
1183 902 1299 943 nobis
1323 902 1487 954 quidem
1510 904 1737 942 luctuosum
1762 902 1963 954 Euripidis
1991 903 2148 943 fabulae
2172 903 2267 944 olim
2295 903 2347 944 ab
2371 903 2460 956 ipso

446 961 611 1002 feliciter
629 962 842 1003 illustratae
861 963 990 1003 verbis
1010 963 1132 1004 hodie
1150 963 1337 1015 prosequi
1355 963 1474 1004 velim
1489 979 1554 1004 :—

1095 1036 1275 1088 εὗδαίμων
1300 1038 1368 1089 μὲν
1395 1036 1437 1080 ὃς
1465 1040 1505 1077 ἐκ
1535 1036 1736 1079 θαλάσσας

1095 1091 1212 1145 ἔφυγε
1238 1093 1362 1143 χεῖμα,
1392 1092 1527 1143 λιμένα
1552 1091 1584 1131 τ’
1612 1091 1752 1143 ἔκιχεν·

1094 1144 1272 1196 εὐδαίμων
1300 1144 1330 1185 δ’
1357 1144 1399 1188 ὃς
1425 1146 1564 1197 ὕπερθε
1590 1144 1742 1198 μόχθων

1097 1199 1274 1252 ἐγένετου.

559 1271 677 1311 Duco
696 1272 748 1311 ad
767 1284 838 1312 vos
857 1271 1043 1312 historiae
1063 1272 1250 1313 naturalis
1269 1275 1533 1325 professorem
1553 1273 1764 1323 eruditum,
1787 1275 2074 1314 FREDERlcUM
2096 1275 2264 1316 MCCov.

1269 1452 1327 1486 10
1361 1437 1474 1485 Feb.
1523 1439 1646 1499 1887

557 1557 673 1610 (116)
691 1561 842 1599 AN1M0
861 1572 981 1611 quam
1001 1561 1106 1600 laeto
1126 1572 1252 1610 nuper
1266 1559 1393 1599 virum
1412 1559 1620 1612 insignem,
1643 1561 1811 1601 Scholae
1832 1560 2109 1601 Harroviensis
2129 1561 2198 1602 diu
2218 1562 2459 1614 magistrum,

451 1619 654 1660 Ecclesiae
691 1621 979 1661 Glocestrensis
1025 1620 1224 1673 paulisper
1267 1623 1488 1670 Decanum,
1522 1622 1701 1674 Collegio
1739 1622 1912 1662 maximo
1945 1622 2212 1675 praepositum
2250 1623 2421 1665 vidimus
2433 1624 2458 1664 ¹.

448 1682 597 1720 Animo
626 1694 746 1733 quam
774 1684 878 1723 laeto
907 1683 1028 1723 hodie
1056 1682 1159 1722 illius
1188 1696 1456 1724 successorem
1485 1686 1716 1733 salutamus,
1740 1684 1982 1724 Academiae
2004 1685 2184 1725 eiusdem
2209 1685 2346 1735 filiurn,
2366 1685 2464 1725 anti-

450 1743 663 1795 quissimae
682 1746 861 1793 Scholae,
883 1744 1146 1797 antiquissimi
1163 1746 1330 1797 Collegii
1345 1747 1551 1786 alumnum
1559 1748 1582 1796 ¹⁵,
1599 1746 1668 1798 qui
1683 1754 1722 1786 et
1737 1747 1953 1786 litterarum
1973 1760 2170 1787 sacrarum
2186 1755 2225 1788 et
2239 1747 2460 1800 linguarum
2530 1776 2534 1779 -

449 1805 713 1845 recentiorum
741 1806 880 1857 peritia
908 1806 1083 1858 insignis,
1106 1806 1335 1847 Gallicanae
1362 1808 1566 1848 Ecclesiae
1591 1815 1765 1848 oratores
1793 1821 1925 1848 sacros
1950 1808 2115 1849 feliciter
2141 1810 2362 1850 aemulatus
2389 1816 2459 1850 est.

451 1867 559 1908 Olim
579 1866 619 1906 in
635 1867 729 1918 ipsis
745 1869 956 1909 Cambriae
971 1868 1238 1919 penetralibus
1255 1870 1490 1910 Professoris
1506 1883 1669 1910 munere
1684 1870 1871 1918 functus⁶‚
1888 1876 2026 1920 postea
2041 1870 2221 1922 Collegio
2235 1871 2461 1923 theologico

451 1929 718 1969 Glocestrensi
737 1931 995 1982 praepositus,
1018 1943 1144 1982 nuper
1163 1930 1250 1970 urbi
1269 1930 1324 1970 illi
1344 1932 1521 1972 redditus
1541 1940 1611 1980 est,
1633 1932 1702 1972 ubi
1721 1939 1781 1972 tot
1800 1945 1927 1971 annos
1947 1932 2149 1972 laboribus
2168 1932 2287 1973 sacris
2312 1934 2462 1974 fortiter

451 1992 695 2032 incubuerat.
755 1993 919 2033 Interim
940 2006 1022 2033 non
1042 1993 1127 2033 sine
1146 1994 1265 2033 laude
1284 1996 1435 2046 templo
1458 1994 1512 2034 illi
1534 1995 1795 2035 Londiniensi
1814 1995 1994 2047 praefuit,
2015 1995 2128 2035 cuius
2147 1997 2322 2048 porticus
2342 1996 2461 2049 (sicut

452 2054 576 2094 nostis
596 2054 688 2106 ipsi)
709 2056 923 2096 Erechthei
946 2055 1200 2096 Atheniensis
1224 2056 1398 2107 speciem
1418 2057 1667 2109 aliquatenus
1687 2058 1832 2098 refert⁷.
1892 2060 1942 2098 In
1962 2060 2188 2100 Erechtheo
2207 2067 2340 2101 autem
2359 2060 2459 2112 ipso,

451 2116 508 2155 uti
529 2117 773 2165 meministis,
795 2118 951 2169 vigebat
970 2118 1187 2170 antiquitus
1208 2120 1295 2158 olea
1315 2119 1380 2159 illa
1400 2121 1655 2160 celeberrima
1673 2121 1725 2161 ab
1744 2121 1830 2173 ipsa
1851 2122 2031 2162 Minerva
2050 2122 2145 2162 olim
2166 2130 2260 2172 sata,
2282 2124 2460 2164 omnium

451 2179 694 2220 Academiae
714 2181 889 2220 olearum
910 2194 1106 2221 sacrarum
1128 2189 1252 2221 mater
1271 2182 1336 2221 illa
1352 2182 1515 2234 quidem
1531 2185 1670 2232 futura,
1689 2184 1800 2224 cuius
1820 2185 1913 2225 folia
1932 2186 2103 2226 virorum
2118 2187 2236 2226 laude
2252 2187 2462 2239 dignorum

450 2240 645 2280 frontibus
666 2240 862 2281 destinata
875 2248 976 2281 sunt.
1027 2243 1132 2294 Ergo
1147 2242 1347 2294 dignitatis
1363 2245 1446 2284 iure
1462 2245 1676 2285 Erechthei
1693 2245 1973 2287 Londiniensis
1988 2247 2203 2287 antistitem
2219 2247 2462 2288 Academiae

451 2302 555 2342 oliva
573 2301 742 2342 libenter
761 2316 1010 2343 coronamus.

563 2365 680 2403 Duco
700 2365 751 2404 ad
771 2378 842 2404 vos
861 2364 987 2404 virum
1007 2366 1227 2405 admodum
1244 2369 1517 2417 reverendum,
1542 2370 1784 2409 HENRICUM
1805 2371 1982 2410 SPENCE.

561 2483 674 2537 (117)
703 2485 807 2525 Cum
837 2485 1016 2537 Collegio
1046 2486 1323 2528 Harvardiano
1351 2489 1569 2541 antiquitus
1597 2491 1826 2541 consociati,
1852 2506 1978 2544 nuper
2005 2501 2136 2533 vetera
2161 2494 2358 2534 amicitiae
2380 2494 2464 2534 iura

452 2546 637 2598 auspiciis
657 2547 817 2599 optimis
832 2548 1108 2588 renovavimus
1121 2563 1132 2598 3
1152 2549 1289 2590 litteris
1305 2551 1406 2591 datis
1422 2552 1676 2605 acceptisque
1691 2561 1798 2594 trans
1815 2555 1937 2595 maria
1952 2557 2030 2596 lata
2045 2557 2200 2597 dextras
2214 2556 2415 2605 iunximus
2425 2556 2439 2575 ⁸
2452 2571 2464 2607 ;

453 2608 590 2660 legatis
616 2609 790 2661 denique
812 2610 1032 2662 insignibus
1061 2611 1200 2660 missis,
1222 2613 1325 2653 ludis
1351 2614 1427 2654 illis
1453 2616 1730 2666 saecularibus,
1752 2619 1870 2657 etiam
1893 2619 2090 2665 absentes,
2110 2620 2216 2659 velut
2239 2626 2465 2671 praesentes

454 2671 710 2711 interfuimus.
770 2672 908 2712 Hodie
927 2686 1020 2712 vero
1040 2688 1062 2712 e
1082 2675 1249 2726 Collegii
1269 2675 1372 2715 illius
1392 2678 1679 2727 professoribus
1699 2692 1823 2719 unum
1844 2693 1976 2719 revera
1999 2687 2246 2731 praesentem
2270 2680 2462 2730 videmus,

454 2733 580 2774 virum
600 2742 640 2774 et
658 2748 731 2774 suo
751 2742 790 2775 et
809 2735 930 2786 patris
949 2743 989 2776 et
1010 2737 1177 2788 Collegii
1192 2737 1252 2777 sui
1267 2738 1431 2779 nomine
1447 2740 1563 2780 nobis
1578 2740 1779 2781 dilectum.
1840 2743 1982 2782 Donec
1996 2741 2160 2793 Alpium
2175 2743 2277 2782 inter
2290 2743 2466 2782 culmina

455 2796 634 2849 ingentes
664 2796 753 2837 illae
789 2798 928 2849 glaciei
961 2800 1086 2839 moles
1116 2801 1286 2851 desuper
1315 2801 1506 2852 paulatim
1536 2803 1799 2852 descendunt,
1829 2811 1911 2843 tam
1941 2803 2010 2844 diu
2037 2804 2158 2855 patris
2185 2804 2288 2844 illius
2315 2818 2464 2845 nomen

540 2912 552 2932 ¹
575 2913 687 2945 Adam
703 2913 891 2956 Sedgwick,
912 2914 1080 2947 Professor
1096 2915 1134 2947 of
1147 2915 1312 2958 Geology,
1330 2918 1490 2958 1818—73.
1599 2916 1615 2936 ²
1638 2918 1692 2950 W.
1714 2919 1762 2949 H.
1779 2918 1986 2961 Thompson,
2006 2919 2112 2956 D.D.‚
2130 2919 2257 2952 Master
2271 2919 2310 2951 of
2321 2919 2463 2961 Trinity.

459 2954 474 2975 ⁸
497 2956 683 2998 Euripides,
709 2957 867 2994 Bacchae,
892 2968 954 3000 90²
971 2958 992 2990 f.
1175 2958 1189 2979 ⁴
1213 2960 1330 3001 Henry
1348 2960 1512 3002 Montagu
1528 2960 1654 2998 Butler,
1672 2962 1778 3001 D.D.‚
1799 2962 1901 2994 Head
1917 2963 2043 2994 Master
2059 2962 2097 2994 os
2115 2963 2270 3002 Harrow,
2294 2963 2439 3005 1859-85
2455 2972 2464 3000 3

457 3000 555 3031 Dean
570 2999 607 3031 of
619 3000 823 3039 Gloucester,
844 3001 923 3041 1885
939 3012 948 3039 3
973 3001 1100 3034 Master
1115 3001 1152 3034 of
1164 3002 1295 3044 Trinity
1310 3003 1400 3035 since
1421 3002 1513 3036 1886.
1677 3003 1690 3023 ⁶
1713 3005 1946 3037 Westminster
1962 3005 2097 3042 School,
2113 3006 2179 3038 and
2195 3006 2325 3048 Corpus
2341 3005 2465 3039 Christi

457 3042 606 3084 College.
794 3042 808 3063 ⁶
830 3044 1028 3086 Appointed
1047 3045 1215 3077 Professor
1230 3045 1269 3077 of
1281 3046 1424 3078 Modern
1441 3047 1626 3079 Literature
1643 3052 1676 3079 at
1692 3048 1873 3090 Lampeter
1887 3048 1922 3080 in
1942 3049 2035 3087 1865.
2223 3048 2238 3069 ⁷
2260 3049 2361 3082 Vioer
2375 3048 2413 3081 of
2425 3049 2464 3082 St

460 3086 613 3160 Ρῗῐέῐεε,
637 3086 794 3160 ιέ77-86.
962 3085 976 3106 ⁸
998 3088 1072 3120 The
1089 3089 1397 3122 Commemoration
1415 3089 1462 3131 (in
1478 3090 1566 3123 Nov.
1587 3089 1681 3132 1886)
1699 3090 1738 3123 of
1749 3091 1805 3123 the
1822 3091 1923 3132 250th
1939 3092 2163 3134 Anniversary
2178 3092 2216 3125 of
2226 3092 2283 3125 the
2297 3092 2460 3134 founding

460 3139 480 3160 o
549 3139 642 3160 arvar
668 3151 677 3160 .

1435 3209 1486 3245 60
