2704 3770
732 330 944 379 Thomas
977 330 1212 379 Sta-vens..
1265 330 1454 396 George
1484 331 1759 381 Frederz'ck
1805 332 2088 382 leitmore.

404 474 565 527 Georgii
582 474 768 515 vexillum
783 475 918 516 denuo
933 488 1176 524 veneramur,
1193 482 1233 515 et
1251 474 1406 527 imperii
1425 475 1549 516 nostri
1567 475 1711 516 milites
1729 477 1782 516 ad
1797 489 1984 516 numeros
2000 476 2167 518 Martios
2181 477 2414 519 incedentes

404 538 539 577 denuo
558 536 829 577 admiramur¹.
888 538 1027 588 Nuper
1046 537 1258 577 modorum
1278 536 1520 577 musicorum
1540 544 1623 577 arte
1645 537 1753 589 quali
1772 537 1952 578 Gerontii
1970 538 2144 578 animam
2164 539 2353 591 temporis
2368 538 2415 581 in

403 607 555 651 puncto
584 599 849 639 minutissimo
877 599 976 639 caeli
1004 613 1074 651 per
1102 599 1274 651 spatium
1302 599 1502 639 infinitum
1530 600 1671 640 leniter
1699 601 1900 641 labentem
1929 600 2159 652 descripsit!
2195 609 2278 643 arte
2306 602 2414 654 quali

404 663 547 702 choros
567 663 755 702 caelestes
778 663 958 702 ‘laudem
984 663 1074 702 Deo
1101 662 1141 701 in
1168 662 1342 712 excelsis,
1364 664 1524 703 laudern
1553 665 1643 703 Deo
1669 663 1710 703 in
1735 664 1964 715 profundis'
1983 672 2188 705 cantantes
2216 665 2413 707 induxit'!

406 723 604 774 Quotiens
632 724 856 763 orchestrae
882 723 1003 764 totius
1033 737 1055 764 e
1084 732 1283 764 concentu
1311 738 1431 776 quam
1460 724 1735 765 admirabilem
1765 739 1954 766 sonorum
1982 726 2211 767 varietatem
2237 726 2414 768 elicuit⁸!

406 785 548 837 Operis
576 785 697 826 totius
726 785 766 825 in
795 785 1036 837 argumentis
1069 785 1230 825 musicis
1261 793 1300 826 et
1330 786 1372 825 in
1405 786 1493 839 ipso
1522 786 1685 826 exordio
1715 786 1940 828 indicandis
1971 795 2011 828 et
2041 801 2161 840 opere
2190 787 2233 828 in
2261 787 2414 841 reliquo

405 848 595 900 deinceps
615 847 831 897 iterandis⁴‚
855 849 1175 889 Mendelssohnii
1194 849 1446 901 potissimum
1466 849 1629 901 vestigia
1652 857 1822 899 secutus,
1845 850 2019 902 magistri
2042 858 2175 891 tamen
2202 850 2348 891 nullius
2372 851 2414 892 in

405 912 525 952 verba
547 911 696 951 iuravit.
756 913 963 951 Musarum
992 911 1124 963 potius
1153 911 1326 963 ipsarum
1356 911 1586 964 discipulus,
1612 912 1645 952 si
1673 914 1836 964 quando
1861 913 2071 953 Malvemii
2094 913 2155 953 sui
2182 927 2205 953 e
2232 913 2413 963 collibus,

405 987 529 1026 prope
547 973 633 1025 ipsa
654 975 861 1013 Musarum
882 973 1197 1014 Britannicarum
1213 974 1483 1024 incunabula⁸,
1499 988 1623 1027 prope
1638 983 1765 1016 castra
1785 976 2012 1017 Britannica
2028 976 2232 1018 Caractaci
2250 978 2416 1017 fortasse

405 1036 577 1085 conscia,
598 1035 692 1076 solis
717 1035 878 1075 orientis
903 1035 944 1074 in
968 1036 1118 1076 lumine
1141 1044 1200 1076 tot
1223 1039 1463 1108 templorum
1487 1038 1631 1076 turres⁶
1653 1037 1854 1089 prospicit,
1875 1038 2059 1090 vitaeque
2082 1052 2177 1079 suae
2199 1038 2415 1090 primordia

407 1098 575 1150 respicit,
596 1098 694 1138 vatis
713 1097 867 1150 antiqui
886 1097 1015 1138 verbis
1034 1112 1128 1139 usus
1148 1113 1230 1140 non
1250 1100 1334 1140 sine
1354 1100 1539 1151 superbia
1558 1102 1732 1152 quadam
1753 1103 1935 1142 modesta
1953 1110 2084 1154 potest
2103 1102 2283 1143 confiteri
2297 1117 2363 1142 :—

865 1171 1124 1213 αὐτοδίδακτος
1151 1171 1182 1211 δ’
1212 1173 1295 1223 εἰμί,
1326 1172 1420 1214 Θεὸς
1448 1173 1490 1212 δέ
1514 1189 1580 1224 μοι
1608 1175 1647 1213 ἐν
1674 1175 1813 1224 φρεσὶν
1841 1174 1950 1225 οἴμας

865 1226 1040 1267 παντοίας
1069 1226 1278 1276 ἐνέφυσενΊ.

518 1303 636 1341 Duco
655 1301 708 1340 ad
726 1314 797 1341 vos
818 1302 1077 1341 EDWARDUM
1097 1303 1371 1342 WrLLELMUM
1394 1301 1559 1341 ELGAR⁸
1561 1331 1571 1340 .

1235 1454 1264 1498 9
1300 1439 1430 1503 May
1471 1453 1589 1498 1901

515 1555 630 1608 (342)
660 1557 832 1595 M1L1'rrs
862 1556 1048 1605 Romani,
1077 1556 1304 1597 Britanniae
1333 1556 1454 1596 totius
1483 1556 1662 1608 martyris
1690 1556 1818 1609 primi,
1845 1555 2079 1596 memoriam
2109 1555 2243 1595 Sancti
2270 1556 2418 1596 Albani

409 1620 523 1659 sedes
551 1619 787 1670 episcopalis
816 1627 1032 1660 conservat.
1091 1619 1205 1660 Sedis
1233 1627 1366 1660 autem
1395 1619 1499 1659 illius
1527 1619 1729 1671 episcopo,
1754 1620 1919 1659 alumno
1947 1626 2094 1668 nostro,
2122 1631 2243 1669 quem
2270 1618 2419 1660 abhinc

408 1696 536 1722 annos
556 1682 744 1723 undecim
765 1683 1042 1731 laudavimus⁹,
1057 1683 1215 1723 adiutor
1234 1697 1361 1735 nuper
1375 1684 1492 1723 datus
1512 1690 1572 1723 est
1586 1684 1771 1722 alumnus
1791 1683 1899 1730 alter,
1913 1694 2032 1732 quem
2049 1680 2170 1721 hodie
2189 1682 2416 1722 salutamus.

409 1746 577 1785 Sanctae
598 1745 749 1786 Mariae
771 1748 1035 1798 Magdalenae
1054 1746 1095 1785 in
1116 1745 1296 1797 Collegio
1315 1745 1454 1785 litteris
1473 1744 1774 1785 humanioribus
1794 1745 1999 1796 quondam
2019 1745 2197 1783 excultus
2216 1750 2256 1783 et
2274 1744 2419 1784 domus

409 1806 696 1848 Carthusianae
721 1808 1044 1859 praeceptoribus
1068 1807 1257 1858 deinceps
1283 1807 1516 1858 adscriptus,
1538 1807 1579 1846 in
1603 1820 1691 1846 rure
1714 1805 1951 1858 propinquo,
1977 1804 2090 1845 cuius
2114 1805 2246 1857 ipsum
2269 1818 2418 1846 nomen

409 1883 548 1910 crocos
574 1871 737 1920 redolet,
763 1885 929 1922 operum
952 1884 1112 1910 suorum
1134 1884 1335 1910 sacrorum
1361 1870 1678 1910 recordationem
1702 1869 1974 1910 suavissimam
2001 1869 2200 1920 reliquit¹⁰.
2262 1869 2420 1910 Deinde

408 1946 479 1983 per
497 1946 624 1972 annos
647 1934 871 1984 complures
895 1932 1002 1972 urbis
1026 1932 1219 1972 maximae
1246 1932 1434 1972 Londinii
1459 1934 1559 1971 ultra
1583 1933 1682 1972 fines
1705 1932 1830 1971 solem
1854 1930 2047 1970 orientem
2071 1937 2295 1981 spectantes
2320 1930 2419 1970 lucis

410 1995 567 2035 divinae
587 1995 764 2036 minister
783 1995 1004 2036 indefessus
1024 1995 1212 2035 exstitit¹¹.
1258 1994 1365 2035 Olim
1381 1994 1595 2034 Suetonius
1616 1993 1804 2033 Paulinus
1819 2000 1859 2033 et
1879 1992 2125 2032 Londinium
2144 1992 2419 2033 defensoribus

410 2057 575 2097 nudavit
595 2057 859 2108 deseruitque,
880 2064 919 2096 et
939 2056 1200 2108 municipium
1223 2058 1453 2096 Romanum
1474 2055 1609 2095 Sancti
1628 2054 1774 2094 Albani
1799 2053 1961 2094 nomine
1984 2061 2123 2105 postea
2145 2061 2418 2105 nuncupatum

411 2133 435 2159 a
461 2119 660 2160 Britannis
689 2120 864 2160 dirutum
889 2120 1027 2160 vidit12.
1087 2121 1285 2158 Alumnus
1308 2126 1453 2165 noster,
1479 2117 1671 2157 Suetonio
1694 2116 1854 2163 felicior,
1876 2116 2011 2156 Sancti
2034 2115 2182 2155 Albani
2209 2116 2418 2156 ecclesiam

411 2180 597 2233 auspiciis
617 2180 777 2232 optimis
797 2182 933 2221 denuo
953 2180 1156 2221 conditam
1176 2180 1393 2232 conspexit.
1454 2181 1581 2228 Idem,
1605 2178 1796 2219 Suetonio
1815 2177 1962 2226 fortior,
1985 2177 2092 2217 urbis
2113 2176 2301 2217 Londinii
2320 2178 2420 2217 fines

412 2244 558 2283 tutelae
577 2256 672 2282 suae
691 2256 825 2282 sacrae
844 2242 1008 2282 traditos
1028 2242 1179 2282 fortiter
1197 2243 1397 2290 defendet,
1412 2249 1452 2282 et
1471 2249 1598 2281 castra
1616 2240 1710 2281 fidei
1729 2253 1823 2280 suae
1843 2239 1993 2279 credita
2013 2252 2231 2290 numquam
2251 2239 2418 2279 deseret.

522 2307 639 2346 Duco
658 2307 711 2346 ad
729 2319 799 2346 vos
819 2305 945 2345 virum
965 2306 1185 2346 admodum
1205 2306 1477 2351 reverendum,
1495 2306 1690 2344 THOMAM
1712 2304 1912 2350 STEVENS,
1930 2301 2064 2342 Sancti
2083 2301 2230 2342 Albani
2243 2300 2420 2354 episcopi

414 2369 647 2421 episcopum
667 2368 889 2409 adiutorem
902 2369 938 2407 ¹³.

522 2479 636 2533 (343)
675 2480 824 2521 Milites
857 2487 1024 2529 nostros,
1057 2481 1109 2520 de
1139 2480 1368 2529 Academia,
1402 2481 1453 2520 de
1484 2478 1749 2530 Cantabrigia,
1782 2479 1834 2518 de
1867 2477 1992 2530 patria
2024 2477 2128 2518 bene
2161 2477 2333 2527 meritos,
2368 2479 2421 2519 ab

414 2543 548 2583 Africa
570 2543 742 2583 Australi
768 2545 897 2584 salvos
920 2543 1169 2595 sospitesque
1188 2543 1305 2583 nobis
1325 2542 1501 2583 redditos
1521 2542 1643 2583 hodie
1662 2556 1710 2582 ex
1731 2543 1868 2581 animo
1891 2543 2117 2581 salutamus.
2178 2542 2270 2581 Plus
2298 2554 2420 2593 quam

413 2620 541 2646 annus
567 2613 626 2646 est
649 2613 821 2654 exactus,
842 2620 891 2646 ex
915 2620 997 2657 quo
1022 2605 1161 2645 Matris
1187 2607 1330 2646 Almae
1355 2605 1424 2645 filii
1448 2619 1571 2658 prope
1600 2605 1767 2657 triginta,
1790 2605 1859 2656 qui
1882 2604 2030 2656 patriae
2053 2605 2105 2644 ad
2127 2615 2237 2644 arma
2261 2603 2420 2644 vocanti

413 2669 577 2708 nomina
606 2676 747 2720 sponte
776 2670 979 2717 dederant,
1004 2671 1057 2709 ad
1083 2668 1256 2708 Africam
1280 2669 1445 2720 profecti
1470 2669 1604 2708 sunt¹⁴.
1666 2668 1730 2708 Ibi
1755 2668 1895 2708 itinera
1917 2670 2036 2719 longa
2058 2667 2245 2719 perpessi,
2268 2667 2341 2707 viis
2368 2667 2421 2707 ab

413 2729 528 2770 hoste
552 2730 696 2770 totiens
722 2729 861 2770 dirutis
885 2737 925 2770 et
948 2731 1083 2770 denuo
1110 2730 1336 2770 muniendis
1359 2738 1399 2770 et
1424 2730 1493 2769 diu
1517 2730 1780 2770 defendendis
1803 2743 1965 2781 operam
1989 2737 2188 2769 strenuam
2212 2729 2418 2768 dederunt.

416 2793 479 2832 Ibi
511 2792 650 2832 Martis
683 2805 845 2844 quoque
877 2792 1052 2844 pericula
1084 2792 1243 2844 experti,
1274 2792 1431 2832 victoris
1464 2792 1505 2831 in
1539 2792 1696 2844 agmine
1722 2805 1814 2832 cum
1843 2792 2035 2832 exercitus
2068 2790 2285 2831 Britannici
2317 2791 2421 2831 duce

501 2895 513 2916 ¹
537 2896 633 2946 “The
649 2895 754 2928 Black
771 2896 901 2938 Knight
912 2896 931 2934 ’,
951 2896 1017 2928 and
1034 2896 1114 2928 Lux
1133 2896 1277 2934 Christis
1296 2897 1304 2912 ‘
1315 2895 1389 2928 The
1405 2895 1568 2955 Bavarian
1586 2895 1809 2938 Highlands',
1828 2895 1974 2957 ιΚίηξ
1954 2894 2063 2933 Olaf’,
2082 2894 2177 2926 and‘
2188 2892 2418 2932 Caractacus’,

420 2941 429 2956 ‘
441 2940 506 2973 Sea
523 2940 670 2971 Pictures
683 2939 703 2976 ',
725 2940 809 2971 the‘
824 2940 954 2971 Banner
969 2940 1008 2971 of
1028 2939 1066 2971 St
1084 2940 1246 2996 George‚
1226 2939 1233 2952 ’
1263 2939 1328 2971 and
1345 2939 1427 2970 the‘
1440 2939 1598 2981 Imperial
1614 2938 1762 2971 March.
1743 2938 1751 2951 '
1966 2918 2096 2970 ‘Praise
2112 2943 2147 2969 to
2163 2937 2219 2969 the
2238 2936 2395 2968 Holiest
2385 2947 2419 2968 m

416 2983 472 3015 the
488 2983 614 3024 height,
634 2983 712 3014 And
729 2983 764 3014 in
780 2983 836 3014 the
851 2983 953 3024 depth
971 2983 1013 3015 be
1029 2981 1164 3024 praise',
1182 2982 1265 3014 from
1282 2982 1339 3014 the
1355 2983 1481 3014 Dream
1497 2982 1537 3024 os
1547 2982 1728 3014 Gerontius.
1937 2980 1950 3000 ³
1974 2981 2184 3013 ‘Orchestral
2197 2978 2415 3012 Variations’.

415 3025 430 3045 ⁴
451 3026 525 3058 The
541 3027 725 3058 Leitmotiv.
814 3025 827 3045 ⁶
848 3026 921 3058 The
938 3037 1035 3058 scene
1029 2994 1088 3057 pos
1104 3006 1250 3057 Wi'uiam
1268 3026 1363 3067 Lang
1365 3025 1453 3057 land'
1455 3036 1471 3057 s
1495 3026 1601 3056 Vision
1617 3026 1758 3069 osPiers
1773 3025 1825 3056 the
1842 3025 2026 3056 Plowman.
2124 3022 2138 3043 ⁸
2161 3023 2210 3056 Of
2222 3023 2418 3055 worcester.

417 3068 431 3090 ⁷
458 3070 606 3110 Odyssey,
625 3069 692 3101 xxii
710 3079 750 3110 34
754 3078 770 3110 7
784 3069 806 3100 f.
1046 3068 1059 3089 ⁸
1083 3068 1146 3102 See
1165 3069 1313 3100 Musical
1333 3069 1450 3106 Times,
1469 3068 1547 3101 Oct.
1568 3079 1660 3111 1900,
1680 3079 1736 3110 pp.
1754 3067 1873 3109 641-8.
2105 3065 2119 3086 ⁹
2142 3067 2208 3098 No.
2230 3065 2288 3106 167
2304 3071 2416 3107 supra.

416 3111 444 3174 ΓΛ)
467 3112 597 3187 Sagron
614 3112 769 3144 Walden.
887 3111 913 3131 ¹¹
937 3112 976 3145 St
989 3111 1089 3153 John’
1092 3123 1118 3149 s,
1136 3112 1311 3145 Stratford.
1433 3110 1460 3131 ¹²
1482 3111 1628 3151 Tacitus,
1647 3113 1742 3144 Ann.
1762 3111 1815 3143 xiv
1831 3120 1883 3153 33.
2016 3108 2042 3130 ¹⁸
2065 3110 2192 3153 Bishop
2206 3109 2244 3141 of
2257 3108 2414 3151 Barking.

466 3156 513 3188 Fe
538 3179 546 3187 .
570 3165 663 3197 1900.

1387 3228 1462 3266 160
