2704 3770
1131 326 1314 392 sosz'alz
1350 328 1540 376 Brown
1576 329 1811 378 Pearson.

469 469 690 509 accuratius
710 471 957 521 exploratum
977 478 1037 511 est
1057 473 1262 512 metallum
1282 472 1380 512 illud
1400 473 1572 524 antiquis
1592 473 1783 525 ignotum,
1801 475 1913 525 quod
1933 474 2194 515 bismuthium
2214 483 2476 528 nuncupatur.

470 531 604 572 Huius
641 533 777 572 labore
809 534 1051 584 patefactum
1090 541 1159 582 est,
1192 548 1312 586 quam
1352 535 1494 575 mirum
1526 535 1566 574 in
1601 537 1767 576 modum
1800 539 1959 577 lacuum
1993 538 2244 590 fontiumque
2274 552 2402 591 aquae
2434 539 2477 580 in

470 594 612 634 fistulis
640 595 839 646 plumbeis
867 604 1179 647 corrumpantur.
1240 598 1332 647 Qua
1360 599 1411 637 de
1439 612 1480 638 re
1509 598 1639 650 ipsum
1670 599 1885 639 Horatium
1915 600 2150 641 meministis
2177 601 2440 654 interrogare:

820 672 829 689 ‘
844 669 977 720 purior
1004 669 1045 709 in
1075 670 1170 710 vicis
1198 685 1302 722 aqua
1330 671 1458 711 tendit
1487 685 1669 723 rumpere
1696 674 1906 724 plumbum

842 737 962 774 quam
992 737 1094 775 quae
1122 738 1192 776 per
1221 738 1390 776 pronum
1419 725 1590 777 trepidat
1617 739 1709 766 cum
1739 740 1940 767 murmure
1968 727 2177 768 rivum?’¹.

467 795 712 836 Academiae
751 796 1008 848 Glasguensis
1045 799 1241 845 alumnus,
1281 798 1602 850 Tubingenensis
1634 799 1863 851 discipulus,
1896 813 1988 840 cum
2026 800 2127 840 inter
2165 801 2476 843 Mancunienses

467 857 732 908 praeceptoris
758 871 922 898 munere
946 858 1098 910 egregie
1119 860 1277 899 functus
1296 867 1410 907 esset,
1432 861 1615 900 laudatus
1643 874 1666 900 a
1691 861 1859 901 laudatis
1882 861 1982 910 viris,
2005 862 2153 901 abhinc
2175 875 2303 903 annos
2326 864 2408 904 duo
2433 864 2474 904 in

467 917 632 957 scientia
657 919 838 959 chemica
860 921 1079 970 praelector
1104 921 1156 959 ab
1179 921 1246 960 illo
1274 921 1454 972 Collegio
1481 922 1718 962 constitutus
1742 931 1812 971 est,
1835 924 1945 974 quod
1970 924 2136 962 alterum
2157 937 2179 963 e
2198 925 2475 966 fundatoribus

467 982 547 1020 suis
578 980 696 1021 iactat
727 983 929 1023 medicum
960 983 1161 1032 illustrem,
1194 983 1306 1023 cuius
1340 983 1400 1036 (ut
1434 983 1474 1023 in
1505 984 1628 1036 ipsius
1662 987 1843 1036 sepulcro
1872 985 2105 1036 inscriptum
2131 986 2208 1038 est)
2239 986 2355 1027 ‘vivit
2382 994 2474 1039 post

467 1043 605 1083 funera
624 1043 746 1083 virtus
760 1046 779 1082 ’.
839 1045 962 1094 Quod
985 1045 1018 1083 si
1044 1045 1109 1084 ille
1136 1045 1175 1083 in
1200 1045 1296 1084 vivis
1320 1059 1428 1085 nunc
1454 1053 1567 1094 esset,
1590 1046 1758 1086 libenter
1777 1048 1956 1098 profecto
1975 1046 2128 1087 audiret
2147 1048 2240 1087 huic
2260 1047 2356 1096 viro,
2375 1048 2473 1089 atria

465 1104 532 1145 illa
551 1105 679 1146 vicina
704 1107 870 1146 Virtutis
890 1114 929 1147 et
949 1107 1174 1158 Sapientiae
1200 1108 1347 1148 cotidie
1373 1109 1649 1160 frequentanti,
1671 1109 1710 1148 in
1739 1111 1928 1149 senaculo
1951 1117 2088 1149 nostro
2114 1117 2269 1161 portam
2294 1111 2473 1151 Honoris

466 1167 588 1208 hodie
607 1176 753 1220 patere.
812 1169 922 1218 Quid
942 1169 1048 1208 enim
1070 1169 1102 1208 si
1123 1183 1248 1221 nuper
1267 1183 1290 1209 e
1312 1178 1426 1221 porta
1448 1170 1626 1221 proxima
1645 1172 1815 1211 hederae
1835 1185 1983 1211 corona
2002 1179 2114 1211 vetus
2133 1173 2321 1212 evanuit?
2378 1174 2473 1213 Hoc

465 1237 570 1269 certe
589 1229 630 1269 in
650 1231 740 1270 loco
761 1229 928 1281 Collegii
948 1229 1051 1269 illius
1071 1232 1391 1282 praeceptoribus
1408 1232 1533 1272 debiti
1548 1233 1720 1272 honores
1735 1232 1853 1272 etiam
1870 1246 1978 1272 nunc
1998 1240 2208 1284 supersunt
2221 1247 2232 1282 3
2261 1241 2472 1285 supersunt

467 1298 476 1314 ‘
489 1293 696 1332 doctarum
717 1294 888 1333 hederae
907 1293 1083 1344 praemia
1102 1294 1290 1333 frontium
1305 1293 1344 1334 ’ἦ

573 1356 664 1394 Iure
688 1354 804 1406 igitur
828 1355 880 1394 ad
904 1354 1061 1393 titulum
1090 1355 1270 1406 Magistri
1296 1356 1337 1394 in
1366 1356 1530 1395 Artibus
1556 1356 1719 1395 honoris
1745 1369 1864 1395 causa
1888 1356 2118 1396 admittetur
2146 1356 2203 1396 vir
2230 1358 2282 1397 de
2305 1356 2471 1398 scientia

463 1417 643 1457 chemica
663 1417 765 1457 bene
786 1417 959 1466 meritus,
983 1419 1253 1457 MATTHAEUS
1274 1419 1534 1458 MoncmEFF
1554 1420 1765 1458 PArrrsoN
1788 1420 1924 1458 MUIR.

1247 1580 1308 1624 29
1343 1563 1513 1627 April
1549 1565 1674 1612 1880

569 1674 657 1728 (34)
696 1676 828 1725 QUEM
858 1676 1064 1726 quondam
1092 1687 1115 1714 a
1145 1675 1260 1715 Cami
1290 1673 1465 1725 margine
1493 1675 1546 1713 ad
1571 1673 1769 1713 Trivonae
1794 1673 1898 1725 ripas
1922 1673 2024 1713 curis
2051 1672 2171 1713 saeris
2196 1681 2382 1714 vocatum
2407 1681 2468 1716 tot

460 1738 589 1786 amici,
611 1736 692 1777 sive
716 1737 758 1775 in
781 1736 866 1788 ipsa
891 1735 1111 1775 Academia
1134 1735 1215 1775 sive
1234 1735 1275 1774 in
1299 1749 1387 1775 rure
1407 1735 1549 1783 vicino,
1572 1749 1640 1775 sex
1659 1734 1737 1774 iam
1757 1748 1884 1774 annos
1905 1735 2226 1775 desideraverunt
2237 1749 2250 1784 ‚-
2278 1736 2464 1785 eundem,

460 1801 512 1840 ad
541 1799 695 1851 imperii
717 1799 841 1839 nostri
871 1798 1070 1838 coloniam
1099 1797 1404 1838 remotissimam
1434 1810 1528 1837 mox
1555 1799 1825 1849 profecturum
1859 1798 2104 1850 episcopum,
2135 1805 2286 1849 quanto
2318 1798 2467 1840 maiore

461 1863 659 1903 desiderio
690 1875 831 1902 omnes
864 1863 1173 1913 prosequemur!
1231 1859 1356 1909 Quasi
1389 1873 1482 1899 vero
1510 1873 1593 1899 non
1622 1859 1716 1899 satis
1749 1867 1853 1899 esset
1880 1862 2105 1900 Australem
2138 1860 2245 1900 illam
2277 1868 2467 1902 terrarum

461 1934 613 1977 partem
642 1925 831 1977 eripuisse
860 1924 1008 1977 patriae
1038 1924 1232 1963 Iacobum
1263 1923 1509 1962 Moorhouse
1523 1937 1534 1972 3
1562 1924 1629 1961 illo
1657 1924 1805 1971 avulso,
1834 1922 2006 1962 etiamne
2034 1924 2131 1963 alter
2159 1923 2277 1963 simili
2304 1925 2466 1964 metallo

460 1998 542 2029 erat
575 1989 692 2029 nobis
724 1990 983 2028 avellendus?
1038 1989 1156 2026 Tales
1185 1987 1362 2038 profecto
1392 1985 1602 2037 episcopos
1630 1985 1798 2025 coloniis
1827 1987 1969 2025 nostris
1997 1985 2232 2026 invidemus.
2290 1987 2467 2037 Quando

461 2066 592 2092 rursus
629 2054 834 2091 alumnum
873 2059 1052 2091 nostrum
1090 2049 1378 2089 salutabimus?
1434 2049 1609 2097 Quando
1648 2048 1800 2097 iterum,
1841 2048 1942 2088 sicut
1979 2056 2106 2097 antea,
2146 2048 2188 2088 in
2221 2049 2465 2090 Academiae

460 2117 610 2166 templo
630 2114 838 2154 contiones
857 2113 1108 2153 admirabiles
1128 2113 1343 2151 habentem
1364 2111 1601 2151 audiemus?
1656 2113 1868 2162 Speramus
1888 2119 1993 2151 certe
2014 2111 2139 2151 virum
2159 2113 2266 2152 hunc
2285 2111 2463 2165 episcopi

460 2178 618 2229 prioris⁸
636 2178 687 2216 ab
713 2178 894 2227 exemplo
917 2176 1166 2227 aliquatenus
1186 2187 1272 2214 esse
1292 2175 1558 2222 decessurum,
1582 2187 1800 2225 numquam
1826 2188 1896 2225 per
1918 2187 2114 2214 annorum
2133 2174 2290 2226 triginta
2309 2175 2464 2216 labores

460 2241 625 2292 patriam
652 2239 845 2290 respicere
871 2239 1031 2290 dignati.
1089 2237 1213 2288 Atqui
1241 2236 1473 2276 meministis
1501 2236 1773 2276 munificentia
1799 2245 1947 2287 quanta
1973 2239 2029 2276 vir
2054 2237 2130 2286 ille,
2158 2237 2336 2277 eiusdem
2362 2239 2463 2280 forte

460 2301 627 2353 Collegii
646 2303 841 2348 alumnus,
863 2300 1070 2339 latifundia
1090 2313 1160 2338 sua
1180 2298 1315 2338 omnia
1334 2297 1524 2337 ecclesiae
1544 2297 1584 2336 in
1605 2311 1721 2337 usum
1745 2306 1984 2338 testamento
2004 2299 2197 2350 legaverit,
2220 2300 2328 2339 unde
2350 2301 2394 2340 fit
2418 2308 2462 2341 ut

459 2364 696 2404 condicione
723 2362 874 2414 optima
907 2362 1166 2402 hereditatem
1201 2374 1351 2400 sacram
1386 2373 1589 2399 successor
1621 2360 1798 2400 aditurus
1825 2361 1885 2408 sit,
1916 2363 1967 2401 ad
1996 2362 2350 2402 administrandam
2375 2376 2462 2416 pro-

458 2426 628 2466 vinciam
666 2425 751 2476 ipsa
784 2424 927 2475 Anglia
960 2424 1022 2463 vix
1057 2423 1186 2462 minus
1225 2424 1301 2462 late
1339 2429 1542 2473 patentem
1575 2421 1723 2462 idcirco
1757 2423 1917 2471 electus,
1953 2424 2064 2474 quod
2100 2424 2211 2464 oneri
2243 2431 2355 2464 tanto
2391 2437 2462 2476 par

458 2488 675 2528 videbatur.
733 2487 854 2526 Venit
887 2486 1003 2525 nobis
1032 2485 1072 2524 in
1106 2491 1282 2524 mentem
1311 2483 1444 2535 magni
1477 2483 1580 2522 illius
1609 2483 1691 2532 viri,
1721 2484 1789 2535 qui
1823 2483 1983 2535 ingenio
2012 2484 2152 2524 studiis
2184 2485 2460 2538 philosophiae

458 2551 663 2603 aptissimo
688 2549 902 2601 praeditus,
924 2548 1078 2600 imperii
1105 2547 1279 2587 Romani
1305 2546 1531 2598 provinciae
1550 2546 1803 2598 longinquae,
1825 2547 1964 2598 populi
1992 2547 2165 2587 Romani
2190 2562 2238 2609 ex
2257 2548 2458 2600 opinione,

458 2622 540 2654 erat
572 2612 830 2665 praepositus,
863 2611 1021 2651 adiecto
1051 2610 1306 2662 pontificatus
1340 2609 1573 2648 sacerdotio.
1633 2610 1755 2658 Quod
1786 2610 1837 2649 de
1870 2610 2054 2660 Agricola
2087 2618 2251 2650 testatur
2282 2612 2457 2660 Tacitus,

457 2676 564 2716 idern
584 2677 635 2715 de
654 2677 817 2714 alumno
837 2681 984 2721 nostro,
1007 2680 1065 2711 tot
1089 2671 1309 2711 amicorum
1336 2671 1629 2722 expectantium
1656 2671 1756 2710 votis
1782 2671 2034 2723 episcopatus
2058 2671 2200 2711 honori
2222 2671 2456 2712 iamdudum

457 2738 665 2786 destinato,
699 2737 819 2777 etiam
858 2735 974 2775 nobis
1008 2737 1170 2774 fortasse
1199 2733 1352 2785 gloriari
1378 2733 1478 2773 licet.
1540 2736 1549 2753 ‘
1564 2735 1688 2773 Haud
1717 2747 1873 2784 semper
1901 2741 2001 2773 errat
2027 2735 2143 2782 fama,
2173 2733 2390 2786 aliquando
2417 2742 2458 2775 et

456 2800 573 2852 elegit
586 2802 605 2837 ’.
667 2800 855 2838 ‘Nullum
885 2797 936 2836 ab
966 2796 1150 2847 Agricola
1178 2795 1351 2846 positum
1382 2796 1733 2845 castellum...fuga
1758 2796 1979 2834 desertum'
2005 2808 2092 2834 esse
2125 2794 2310 2844 dicitur⁴;
2344 2795 2456 2836 miles

456 2869 589 2901 noster
618 2861 691 2900 sub
714 2859 888 2899 Australi
913 2860 1024 2898 caelo
1053 2859 1215 2896 Novum
1241 2856 1339 2896 illud
1366 2857 1584 2896 Castellum
1607 2856 1700 2896 fidei
1724 2869 1819 2895 suae
1845 2855 2032 2895 traditum
2058 2855 2208 2896 fortiter
2229 2857 2454 2908 occupabit.

563 2925 776 2962 Praesento
823 2921 936 2961 vobis
982 2919 1208 2972 provinciae
1255 2918 1616 2958 Novocastellensis
1658 2918 1891 2970 episcopum
1938 2917 2200 2970 designatum,
2240 2919 2455 2972 episcopali

454 2986 617 3026 nomine
645 2985 782 3033 virum,
815 2987 1031 3024 Doctorem
1061 2985 1271 3021 PEARSON.

542 3088 553 3108 ¹
578 3090 723 3126 Horace,
749 3089 835 3130 Epp.
862 3087 872 3119 i
900 3099 949 3126 10,
977 3098 1027 3120 20.
1193 3086 1206 3106 ²
1232 3088 1345 3119 Carm-
1370 3086 1381 3117 i
1408 3096 1435 3122 1,
1462 3095 1513 3128 29.
1681 3085 1696 3107 3
1718 3086 1867 3117 William
1892 3087 2019 3128 Tyrrell
2044 3086 2082 3118 of
2101 3086 2139 3119 St
2161 3086 2278 3129 John’s
2301 3087 2450 3129 College,

456 3134 581 3176 Bishop
603 3133 639 3164 os
659 3133 847 3164 Newcastle
875 3133 1033 3173 1848-79.
1250 3128 1264 3148 ⁴
1287 3129 1432 3165 Tacitus,
1456 3130 1621 3170 Agricola,
1646 3139 1666 3171 9
1689 3130 1754 3161 and
1781 3140 1831 3161 22.

1428 3213 1475 3240 22
