2704 3770
1019 336 1091 388 W
1129 337 1197 389 E.
1234 337 1309 390 H.
1348 338 1519 405 Lecky.
1548 322 1551 325 ,
1590 338 1824 390 Antonin
1859 336 2086 389 Dvohik.

649 483 763 536 (179)
792 483 926 524 Etiam
953 485 1096 524 Musae
1120 483 1331 525 historicae
1355 486 1547 525 cultorem
1572 485 1775 533 illustrem,
1806 485 2050 525 Academiae
2077 484 2357 525 celeberrimae
2385 483 2553 523 Dublin-

541 545 647 586 ensis
671 547 890 595 alumnum,
911 545 1033 586 hodie
1060 547 1288 586 salutamus.
1348 547 1429 587 Diu
1458 547 1673 599 legentium
1701 547 1742 587 in
1772 547 1957 587 manibus
1984 548 2143 587 fuerunt
2170 559 2291 598 opera
2314 546 2381 586 illa
2408 559 2553 599 magna

541 607 632 647 stilo
657 607 793 648 lucido
820 607 1045 658 conscripta
1069 615 1110 648 et
1139 609 1324 660 Europae
1346 608 1387 648 in
1416 608 1579 649 historia
1604 610 1811 649 tractanda
1838 615 2043 660 occupata,
2066 621 2236 660 quorum
2255 607 2297 647 in
2323 620 2407 648 uno
2434 609 2487 649 de
2513 608 2553 649 vi

542 670 705 710 rationis
733 671 773 710 in
802 670 1012 710 hominum
1040 670 1298 722 opinionibus
1325 672 1621 712 commutandis
1649 671 1844 723 disputat²
1856 684 1868 720 3
1898 670 1938 710 in
1964 671 2089 710 altero
2111 671 2163 710 de
2188 669 2337 710 saeculi
2360 669 2554 723 cuiusque

543 733 720 773 moribus
740 734 842 774 inter
860 733 1029 785 Augusti
1048 740 1088 773 et
1107 733 1240 774 Caroli
1261 733 1400 786 Magni
1418 741 1568 775 aetates
1587 734 1772 774 disserit2.
1830 734 1964 786 Opere
1982 733 2023 773 in
2043 740 2212 784 utroque
2232 731 2301 773 diu
2319 732 2554 784 agnovimus

543 795 775 847 scriptorem
807 803 847 836 et
879 795 1060 836 doctrina
1092 796 1198 836 varia
1227 803 1267 836 et
1299 796 1472 837 veritatis
1504 810 1639 837 amore
1668 796 1876 848 insignem.
1935 794 2074 836 Hodie
2106 808 2199 835 vero
2232 795 2407 835 eundem
2439 794 2555 836 tinulo

543 864 680 897 nostro
712 857 861 897 idcirco
894 858 1129 898 decoramus
1162 858 1284 909 quod,
1315 871 1398 898 non
1430 858 1509 898 iam
1543 860 1728 910 Europae
1756 857 1878 898 totius
1911 858 1983 898 sed
2014 856 2163 909 patriae
2190 855 2323 908 potius
2351 855 2555 896 historiam

542 932 758 970 aggressus,
789 918 936 959 saeculi
963 918 1103 971 prioris
1130 920 1248 959 rebus
1271 919 1391 972 gestis
1414 920 1613 969 enarratis,
1635 933 1736 972 opus
1759 919 1898 971 ingens
1920 920 1973 959 ad
1999 920 2121 959 finem
2149 917 2314 958 feliciter
2338 917 2554 970 perduxit⁸.

545 982 656 1031 Quot
693 981 950 1034 Thucydides
987 982 1110 1022 libros
1147 982 1253 1022 bello
1287 982 1630 1034 Peloponnesiaco
1669 983 1866 1022 narrando
1903 981 2113 1028 dedicavit,
2148 980 2317 1021 totidem
2353 979 2557 1022 volumina

543 1056 697 1095 magna,
719 1057 802 1083 non
827 1043 1023 1083 minorem
1047 1042 1219 1083 veritatis
1241 1056 1418 1083 amorem
1437 1043 1634 1093 testantia,
1656 1043 1804 1084 saeculi
1827 1043 1944 1083 unius
1970 1042 2087 1082 rebus
2111 1041 2231 1094 gestis
2257 1041 2557 1083 conscribendis

543 1106 799 1146 consecravit.
858 1107 990 1158 Opere
1023 1106 1065 1146 in
1097 1113 1183 1147 toto
1216 1106 1385 1147 libenter
1409 1106 1651 1147 admiramur
1679 1108 1910 1158 scriptorem
1938 1118 2130 1153 veracem,
2162 1104 2247 1144 sine
2274 1106 2356 1144 ullo
2384 1105 2555 1157 partium

544 1169 677 1209 studio
707 1171 878 1218 fidelem,
908 1183 992 1209 rem
1023 1182 1347 1220 unamquamque
1377 1169 1603 1209 curiositate
1633 1169 1787 1209 minuta
1819 1175 2137 1220 prosequentem.
2196 1167 2417 1207 Hiberniae
2448 1180 2554 1216 vero,

543 1230 692 1282 patriae
725 1230 809 1270 eius
841 1230 994 1277 natalis,
1022 1232 1186 1270 annales
1218 1244 1339 1271 nemo
1368 1232 1502 1271 adhuc
1532 1230 1734 1280 minutius,
1765 1243 1886 1271 nemo
1918 1228 2139 1269 accuratius
2169 1227 2384 1280 exploravit
2396 1243 2408 1278 3
2444 1230 2556 1280 quod

544 1293 693 1345 patriae
711 1293 844 1342 totius,
866 1293 926 1333 his
946 1293 1174 1345 praesertim
1196 1293 1455 1345 temporibus,
1477 1301 1671 1345 quantum
1691 1292 1858 1342 intersit,
1877 1293 1966 1344 quis
1986 1298 2045 1331 est
2063 1291 2160 1343 quin
2183 1290 2316 1330 statim
2338 1292 2558 1343 agnoscat?

545 1358 626 1406 Qui
655 1358 860 1408 quondam
889 1356 1039 1407 patriae
1066 1356 1208 1395 natalis
1234 1357 1357 1396 duces
1383 1355 1556 1407 ingenue
1582 1355 1882 1402 admirabatur⁴‚
1911 1367 2019 1393 nunc
2044 1360 2150 1393 certe
2174 1353 2323 1405 patriae
2351 1352 2557 1394 universae

543 1420 758 1459 commoda
776 1426 868 1458 ante
887 1418 1024 1459 omnia
1038 1426 1151 1470 putat
1166 1431 1252 1458 esse
1267 1418 1582 1470 praeponenda⁶.
1641 1419 1734 1468 Qua
1748 1418 1800 1457 de
1814 1430 1856 1457 re
1870 1415 2006 1456 audite
2021 1415 2219 1467 paulisper
2232 1414 2410 1455 Tullium
2424 1415 2556 1468 ipsum

542 1480 584 1520 in
617 1481 719 1521 libro
752 1482 803 1521 de
841 1481 1015 1533 Legibus
1048 1481 1238 1532 inscripto
1271 1480 1544 1521 disserentem.
1604 1480 1827 1521 ‘Omnibus
1861 1478 2130 1530 municipibus
2160 1479 2260 1518 duas
2290 1491 2377 1518 esse
2411 1491 2558 1522 censeo

543 1543 699 1595 patrias,
730 1557 852 1583 unam
882 1552 1056 1592 naturae,
1083 1544 1247 1584 alteram
1276 1543 1572 1584 civitatis...sed
1597 1556 1761 1584 necesse
1789 1549 1849 1583 est
1874 1541 2036 1582 caritate
2061 1554 2150 1581 eam
2175 1547 2373 1592 praestare
2400 1553 2554 1593 quae...

543 1605 749 1647 universae
768 1606 936 1646 civitatis
956 1613 1026 1655 est,
1048 1619 1121 1658 pro
1140 1619 1219 1658 qua
1238 1606 1339 1646 mori
1359 1613 1398 1646 et
1417 1606 1481 1646 cui
1501 1619 1575 1647 nos
1594 1614 1700 1647 totos
1720 1607 1867 1647 dedere
1886 1612 1926 1645 et
1944 1604 1987 1644 in
2005 1617 2085 1656 qua
2103 1610 2238 1644 nostra
2256 1603 2392 1644 omnia
2409 1616 2558 1656 ponere

543 1675 583 1706 et
609 1668 722 1718 quasi
741 1681 972 1708 consecrare
998 1668 1204 1708 debemus.
1263 1667 1404 1708 Dulcis
1426 1675 1561 1708 autem
1586 1681 1670 1708 non
1696 1669 1823 1707 multo
1846 1679 1961 1707 secus
1980 1673 2040 1706 est
2062 1666 2129 1704 illa
2148 1678 2251 1716 quae
2275 1666 2412 1717 genuit
2436 1677 2558 1717 quam

542 1730 609 1769 illa
628 1743 730 1781 quae
749 1729 914 1781 excepit.
973 1731 1116 1781 Itaque
1135 1731 1239 1770 hanc
1259 1743 1390 1770 meam
1410 1743 1497 1771 esse
1516 1730 1682 1783 patriam
1701 1743 1861 1782 prorsus
1882 1741 2104 1781 numquam
2123 1728 2290 1780 negabo,
2307 1728 2406 1768 dum
2425 1727 2475 1768 sit
2493 1727 2560 1768 illa

545 1793 680 1841 maior,
702 1793 802 1832 haec
821 1793 862 1832 in
882 1805 930 1832 ea
949 1793 1200 1832 contineatur
1212 1792 1252 1830 '⁰.

654 1856 773 1895 Duco
791 1855 845 1895 ad
862 1868 934 1894 vos
953 1854 1079 1894 virum
1099 1862 1139 1895 et
1158 1854 1306 1906 patriae
1326 1868 1420 1895 suae
1440 1855 1581 1895 natalis
1601 1862 1640 1896 et
1660 1855 1808 1907 patriae
1827 1855 2034 1895 universae
2052 1853 2154 1894 inter
2171 1852 2389 1893 litterarum
2407 1852 2560 1892 lumina

545 1916 615 1957 diu
634 1922 896 1965 numeratum,
919 1918 1165 1956 WILELMUM
1185 1917 1443 1956 EDWARDUM
1466 1918 1702 1956 HARTPOLE
1722 1918 1879 1956 LECKY.

653 2081 767 2134 (180)
797 2082 1031 2122 Oratoribus
1053 2082 1228 2135 antiquis
1253 2082 1294 2122 in
1321 2083 1570 2135 peroratione
1599 2083 1827 2135 praesertim
1853 2082 1976 2123 animi
2000 2090 2132 2123 motus
2157 2081 2285 2122 varios
2303 2090 2372 2123 aut
2390 2082 2561 2124 excitare

546 2149 614 2182 aut
634 2144 773 2183 sedare
791 2143 959 2183 licebat:
988 2144 1081 2184 artis
1107 2144 1282 2184 musicae
1307 2144 1501 2196 magistris
1527 2145 1634 2185 idem
1661 2146 1789 2185 facere
1812 2145 1962 2196 ubique
1986 2146 2089 2184 licet.
2148 2145 2254 2195 Ergo
2282 2157 2356 2184 nos
2383 2157 2556 2197 quoque,

547 2204 679 2244 statim
699 2206 927 2255 peroraturi,
949 2205 1076 2244 virum
1095 2205 1263 2245 libenter
1282 2207 1491 2246 laudamus
1511 2206 1551 2246 in
1572 2206 1695 2246 animi
1713 2206 1921 2246 affectibus
1940 2206 2042 2246 inter
2066 2218 2153 2246 sese
2177 2205 2452 2245 diversissimis
2476 2213 2560 2246 arte

548 2267 699 2307 musica
718 2267 984 2319 exprimendis
1004 2268 1329 2320 sollertissimum.
1388 2269 1496 2310 Olim
1513 2269 1732 2309 Bohemiae
1745 2269 1787 2309 in
1806 2282 1894 2309 rure
1908 2275 2062 2309 remoto
2076 2267 2116 2307 in
2132 2269 2262 2307 lucem
2278 2267 2420 2317 editus,
2436 2275 2560 2319 et‘per

547 2330 681 2378 ardua,
703 2342 773 2381 per
790 2330 965 2378 adversa,
987 2330 1027 2369 in
1047 2330 1187 2370 altiora
1205 2338 1377 2380 evectus,
1397 2331 1547 2383 patriae
1565 2333 1712 2371 famam
1733 2344 1806 2371 suo
1825 2330 2031 2371 illustravit
2051 2329 2222 2383 ingenio,
2243 2329 2393 2381 patriae
2410 2329 2451 2369 in
2476 2335 2560 2370 arte

548 2390 700 2430 musica
728 2390 920 2442 quicquid
949 2391 1152 2443 proprium
1186 2400 1290 2433 esset
1322 2393 1492 2433 fideliter
1521 2393 1812 2445 interpretatus.
1870 2395 2085 2433 Testantur
2113 2399 2253 2432 cantus
2282 2391 2366 2431 eius
2394 2390 2560 2431 vocibus

549 2455 705 2494 duabus
724 2453 1028 2502 accommodati,
1053 2455 1256 2495 Moraviae
1280 2457 1420 2496 Musas
1443 2455 1548 2508 ipsas
1574 2458 1720 2508 spirare
1743 2454 1835 2496 visi⁷
1850 2470 1862 2505 3
1890 2462 2084 2495 testantur
2103 2456 2272 2495 choreae
2295 2453 2558 2503 Slavonicae⁸,

549 2528 652 2567 quae
664 2515 826 2555 fauton's
838 2523 879 2556 et
890 2516 1081 2556 adiutoris
1093 2519 1178 2557 eius
1191 2517 1345 2569 magni⁹
1356 2519 1522 2558 choreas
1536 2518 1787 2570 Hungaricas
1799 2518 2067 2566 aemulantur3
2082 2523 2275 2556 testantur
2286 2515 2558 2567 symphoniae,

548 2576 691 2629 partim
715 2578 915 2629 elegorum
945 2578 1075 2619 modis
1103 2579 1302 2619 flebilibus
1331 2580 1597 2630 contristatae,
1618 2581 1761 2632 partim
1787 2580 1927 2620 fidium
1951 2580 2081 2619 furore
2102 2579 2312 2624 tremendo
2333 2577 2537 2630 agitataew
2548 2592 2560 2628 3

549 2646 715 2680 testatur
751 2641 936 2692 denique,
971 2643 1078 2681 velut
1117 2643 1334 2682 Lemurum
1367 2657 1390 2683 e
1425 2656 1548 2696 regno
1580 2657 1746 2695 egressa,
1778 2643 2036 2683 formidulosa
2073 2654 2243 2693 sponsae
2275 2654 2345 2692 per
2376 2639 2560 2680 tenebras
2600 2645 2603 2647 ’

550 2701 737 2753 abreptae
753 2702 929 2742 fabulass.
988 2704 1103 2743 Idem
1119 2711 1202 2743 arte
1217 2704 1324 2755 quali
1339 2704 1459 2744 etiam
1478 2705 1787 2757 alienigenarum
1803 2704 1996 2744 musicam
2015 2710 2083 2742 aut
2097 2703 2346 2754 aliquatenus
2364 2700 2560 2741 imitando

548 2769 618 2802 aut
643 2763 685 2802 in
709 2763 850 2804 melius
873 2767 1160 2805 commutando
1186 2766 1386 2818 expressit,
1409 2767 1490 2807 sive
1513 2767 1688 2807 tribuum
1713 2767 1924 2807 errantium
1949 2773 2088 2806 cantus
2110 2765 2240 2805 tristes
2265 2764 2456 2815 effingitss,
2477 2764 2560 2804 sive

552 2826 744 2866 Italorum
773 2827 948 2866 carmina
980 2840 1090 2868 sacra
1119 2828 1429 2869 misericordiam
1463 2830 1664 2870 moventia
1693 2829 1822 2882 operis
1856 2828 1989 2881 magni
2018 2835 2295 2880 argumentum
2323 2826 2399 2866 sibi
2427 2826 2558 2866 sumit.

637 2940 650 2962 ²
673 2943 814 2985 His-tom!
828 2944 1139 2987 qs...Rati0nalism,
1162 2947 1242 2988 1865
1260 2952 1322 2980 etc.
1486 2946 1501 2967 ²
1522 2948 1662 2989 History
1677 2947 1904 2989 ofEuropean
1920 2946 2059 2985 Morals,
2083 2944 2176 2989 1869.
2337 2942 2351 2964 ⁸
2373 2943 2513 2984 History
2526 2941 2569 2985 qf

550 2986 717 3027 England
729 2987 768 3019 in
783 2988 837 3020 the
852 2989 1049 3030 Ezghteentlz
1069 2990 1099 3022 C
1096 2995 1228 3033 enlmy,
1250 2991 1474 3035 1878—1890.
1632 2991 1647 3011 ⁴
1668 2991 1810 3023 Leaders
1824 2990 1865 3033 qs
1871 2990 1990 3022 Public
2009 2990 2152 3031 Opinion
2169 2989 2207 3020 in
2223 2987 2370 3027 Ireland,
2393 2985 2471 3020 1861
2490 2985 2558 3018 and

556 3030 648 3070 1871.
783 3029 796 3049 ⁵
820 3031 861 3063 In
876 3032 942 3063 and
958 3032 1042 3065 after
1061 3033 1152 3066 1886.
1288 3034 1302 3053 ⁶
1325 3034 1454 3072 Cicero,
1472 3035 1525 3067 De
1540 3035 1693 3076 Legibus,
1712 3034 1735 3066 ii
1753 3044 1770 3066 2
1786 3035 1804 3073 ἕ
1821 3042 1850 3075 5.
1984 3032 1999 3054 ⁷
2021 3032 2095 3064 The
2112 3031 2287 3063 Moravian
2303 3031 2409 3069 duets,
2429 3029 2561 3071 Kldngt

551 3082 615 3103 aus
629 3073 787 3105 Mlilzren.
897 3073 911 3094 ⁸
933 3075 1006 3107 The
1022 3076 1188 3109 Slavz‘sche
1210 3077 1244 3109 T
1237 3079 1326 3110 ἄπει.
1439 3076 1453 3097 ⁹
1476 3078 1628 3110 Brahms.
1750 3076 1777 3097 ¹⁰
1799 3077 2013 3119 Symphonies
2028 3075 2184 3108 enriched
2199 3075 2246 3116 by
2261 3074 2318 3106 the
2334 3073 2560 3115 employment

552 3114 591 3177 ἑξ
600 3115 858 3201 ῐέᾇξοέἓξξη
874 3118 1014 3150 Dumka
1033 3118 1082 3161 (or
1097 3119 1205 3162 elegy)
1223 3121 1290 3152 and
1307 3120 1364 3153 the
1380 3122 1532 3153 Furiant
1547 3120 1579 3162 (a
1595 3120 1678 3153 kind
1694 3120 1734 3153 of
1748 3119 1827 3153 wild
1844 3118 2004 3161 scherzo).
2136 3117 2161 3137 ¹¹
2184 3118 2257 3150 The
2272 3117 2428 3159 Spectre’s
2442 3116 2557 3148 Bn'de.

1544 3249 1593 3287 92
