2704 3770
455 331 728 382 Frederick
771 333 979 396 Temple,
1019 332 1137 396 Abp
1172 332 1238 396 of
1263 332 1307 381 C
1304 333 1587 396 anterbury.
1659 332 1810 381 Lord
1838 332 2043 380 Russell
2072 331 2136 395 of
2157 332 2221 379 K
2215 331 2424 381 z'llowen.

433 482 678 534 amplissimo
710 489 803 522 ante
836 483 909 521 hos
943 481 1120 533 quinque
1152 494 1279 520 annos
1317 488 1377 520 est
1414 487 1586 520 ornatus.
1644 478 1729 518 Viri
1762 477 1966 518 doctrinae
1999 477 2157 518 divinae
2190 484 2248 517 tot
2281 476 2444 517 dotibus

434 546 585 586 eximiis
604 546 771 597 praediti
790 546 1016 593 adventum,
1039 557 1121 584 non
1142 545 1264 584 modo
1284 543 1523 583 concordiae
1542 550 1582 582 et
1600 540 1797 581 amicitiae
1816 540 1928 591 quasi
1947 539 2088 591 pignus
2107 539 2350 589 arbitramur,
2372 539 2444 579 sed

435 608 554 648 etiarn
574 608 654 649 diei
672 608 788 648 nobis
808 609 972 648 fortasse
986 607 1027 646 in
1043 606 1217 646 consiliis
1232 605 1467 646 caelestibus
1483 604 1668 645 destinati
1683 605 1790 643 velut
1805 617 1923 643 omen
1939 610 1978 643 et
1993 603 2200 654 augurium
2214 602 2442 654 accipimus,

435 684 517 722 quo
549 669 718 710 eeclesia
749 669 921 709 maxima
953 667 1153 708 orientalis
1186 681 1278 707 cum
1317 667 1484 707 ecclesia
1521 673 1655 706 nostra
1687 665 1853 705 vinculis
1891 664 2100 705 artioribus
2137 663 2442 704 consociabitur.

433 734 546 773 Stant
582 732 781 783 utrimque
818 731 995 783 episcopi
1025 738 1146 782 atque
1178 732 1281 770 adeo
1318 729 1604 781 archiepiscopi
1638 728 1789 780 optimi,
1826 730 2063 779 dextrasque
2096 728 2241 769 dextris
2273 726 2444 767 invicem

435 797 665 845 extendunt,
686 795 822 835 animo
849 796 1032 841 fraterno,
1052 793 1187 833 animo
1206 806 1296 833 vere
1317 792 1544 833 Christiano
1567 792 1669 831 inter
1691 805 1777 831 sese
1796 791 2029 831 coniuncti1.
2087 790 2246 830 Talium
2272 789 2444 830 virorum

434 858 579 898 auxilio
612 864 652 897 et
684 856 884 897 orientalis
914 863 953 895 et
982 854 1239 895 occidentalis
1273 854 1463 895 ecclesiae
1496 853 1736 894 desiderium
1767 855 1931 893 fortasse
1963 853 2179 904 aliquando
2212 850 2442 903 explebitur,

434 929 621 973 rataeque
648 921 745 960 fient
774 919 921 960 Christi
949 919 1071 970 ipsius
1099 931 1236 970 preces
1264 917 1393 957 verbis
1422 917 1497 956 illis
1527 916 1670 957 divinis
1699 929 1927 967 expressae:
1963 915 2023 955 ἵνα
2047 914 2138 955 ὦσιν
2157 914 2226 954 ἕν’.

545 984 663 1023 Duco
681 983 734 1022 ad
753 994 823 1022 vos
842 980 951 1033 pacis
971 988 1010 1020 et
1025 979 1264 1020 concordiae
1279 979 1464 1019 nuntium
1483 978 1815 1030 acceptissimum,
1834 980 2084 1026 ANTONHJM,
2102 976 2445 1029 archiepiscopum

435 1046 487 1086 de
507 1042 710 1084 Finland⁸.

1246 1156 1297 1186 11
1339 1139 1471 1187 Nov.
1518 1140 1639 1199 1897

545 1258 658 1312 (278)
680 1260 835 1299 NUPER
854 1259 956 1299 inter
975 1258 1156 1299 omnium
1176 1258 1429 1306 desiderium,
1451 1264 1542 1308 post
1560 1270 1688 1297 annos
1708 1255 1899 1296 tredecim
1918 1254 2206 1306 archiepiscopi
2219 1253 2261 1293 in
2281 1265 2444 1293 munere

434 1321 625 1362 ecclesiae
656 1321 900 1373 Anglicanae
930 1322 1127 1373 regendae
1159 1328 1199 1360 et
1232 1321 1438 1372 augendae
1472 1319 1688 1367 dedicatos,
1724 1332 1827 1358 unus
1859 1332 1908 1358 ex
1939 1317 2109 1358 alumnis
2142 1316 2285 1356 nostris
2317 1322 2445 1356 morte

435 1383 566 1424 subita
583 1384 781 1435 abreptus,
802 1382 844 1422 in
863 1383 949 1435 ipsa
968 1384 1091 1422 domo
1113 1382 1190 1423 Dei
1209 1382 1311 1422 inter
1330 1383 1526 1422 orandum
1546 1381 1586 1421 in
1608 1381 1786 1422 Domino
1806 1379 2076 1421 obdormivit⁴.
2134 1378 2299 1418 Alumni
2321 1377 2446 1418 nostri

436 1444 758 1486 desideratissimi
794 1444 835 1484 in
873 1447 1007 1485 locum
1041 1444 1319 1486 Universitatis
1357 1444 1596 1485 Oxoniensis
1628 1446 1834 1484 alumnum
1872 1443 2067 1496 insignem
2103 1441 2445 1494 archiepiscopum

435 1521 562 1559 nuper
580 1506 840 1547 constitutum
860 1508 1088 1546 salutamus.
1147 1506 1254 1547 Olim
1274 1506 1375 1546 inter
1395 1506 1643 1547 Oxonienses
1664 1520 1757 1546 suos
1777 1505 1916 1546 studiis
1936 1504 2224 1545 mathematicis
2248 1511 2287 1544 et
2308 1502 2446 1544 litteris

435 1569 736 1610 humanioribus
770 1570 948 1610 excultus
979 1577 1018 1609 et
1049 1569 1217 1621 Collegii
1250 1569 1460 1609 Balliolani
1493 1569 1624 1609 socius
1638 1572 1809 1619 electus,
1840 1576 1979 1621 postea
2006 1582 2075 1620 per
2102 1581 2229 1608 annos
2257 1566 2469 1623 undecim¹

436 1633 596 1672 scholae
623 1630 869 1683 Rugbeiensi
894 1631 1071 1682 praefuit,
1094 1631 1205 1671 cuius
1234 1645 1257 1671 e
1285 1631 1479 1683 magistris
1508 1639 1585 1671 tres
1614 1631 1803 1683 deinceps
1829 1629 2116 1683 archiepiscopi
2141 1628 2448 1670 Cantuarienses

434 1693 694 1734 exstiterunt⁵.
753 1693 979 1733 Britanniae
1008 1694 1059 1733 de
1088 1693 1235 1733 scholis
1263 1693 1484 1733 identidem
1512 1695 1711 1745 praeclare
1739 1693 1912 1743 meritus,
1945 1700 1984 1733 et
2013 1692 2265 1744 episcopatus
2293 1692 2446 1730 honore

437 1755 587 1807 duplici
606 1763 645 1796 et
665 1755 705 1795 in
727 1755 910 1796 Devonia
929 1763 968 1795 et
988 1755 1089 1795 inter
1109 1754 1401 1795 Londinienses
1422 1762 1621 1807 spectatus
1637 1762 1676 1796 et
1691 1756 1891 1807 probatus,
1909 1769 1978 1807 per
1996 1756 2120 1794 ardua
2133 1766 2204 1805 per
2217 1753 2381 1793 adversa
2393 1752 2447 1792 ad

436 1818 575 1858 altiora
603 1819 766 1858 demum
792 1824 952 1858 evectus
975 1824 1045 1857 est.
1105 1818 1358 1857 Gratulamur
1385 1818 1694 1870 archiepiscopo,
1717 1819 1786 1870 qui
1814 1826 1872 1858 tot
1901 1818 2098 1870 episcopis
2125 1818 2177 1857 ab
2203 1815 2314 1856 omni
2341 1814 2448 1856 orbis

436 1887 625 1920 terrarum
652 1887 762 1931 parte
784 1881 836 1919 ad
860 1892 933 1918 nos
960 1879 1135 1919 advectis
1155 1886 1265 1918 tanta
1284 1893 1376 1918 cum
1397 1879 1587 1931 dignitate
1607 1893 1733 1931 nuper
1755 1880 1923 1932 praefuit
1935 1895 1947 1929 3
1976 1880 2045 1931 qui
2064 1893 2146 1919 non
2166 1880 2290 1919 modo
2313 1876 2449 1918 Sancti

437 1941 650 1994 Augustini
679 1942 907 1989 adventum,
941 1942 1010 1980 sed
1044 1940 1163 1980 etiam
1197 1941 1387 1981 ecclesiae
1422 1941 1673 1981 Britannicae
1703 1944 1841 1982 sedem
1873 1941 2086 1994 Augustini
2118 1941 2241 1993 ipsius
2272 1942 2447 1981 adventu

437 2005 713 2057 antiquiorem,
728 2012 787 2045 tot
806 2004 1003 2056 episcopis
1023 2004 1188 2055 stipatus
1209 2003 1465 2053 celebravit⁶3
1493 2004 1562 2055 qui
1582 2004 1760 2056 Reginae
1779 2004 1953 2056 denique
1972 2004 2082 2056 regni
2100 2003 2314 2044 felicissimi
2332 2002 2448 2043 annis

438 2068 638 2120 sexaginta
657 2082 844 2120 prospere
863 2067 1020 2116 exactis,
1042 2081 1176 2107 coram
1195 2067 1281 2118 ipsa
1302 2067 1467 2118 Regina,
1488 2067 1634 2106 civium
1653 2067 1694 2107 in
1718 2066 2013 2107 multitudinem
2035 2067 2271 2114 immensam
2294 2065 2449 2118 imperii

439 2129 657 2169 Britannici
676 2137 715 2169 et
735 2129 980 2170 coloniarum
995 2136 1217 2168 nostrarum
1231 2141 1420 2180 pompam
1435 2128 1714 2180 triumphalem
1730 2128 2004 2180 spectantium,
2020 2128 2310 2168 benedictionis
2329 2127 2449 2167 verba

439 2192 544 2231 bene
563 2191 739 2231 ominata
758 2190 1036 2242 pronuntiavit.
1096 2192 1205 2229 Dum
1226 2190 1360 2230 Sancti
1376 2190 1488 2229 Pauli
1502 2198 1595 2230 ante
1609 2191 1750 2230 aedem
1769 2190 1837 2230 illo
1853 2190 1919 2230 die
1932 2190 2251 2242 archiepiscopus
2271 2203 2450 2230 summus

440 2252 569 2304 capite
597 2260 734 2304 aperto
763 2259 802 2291 et
830 2252 904 2291 soli
931 2251 1139 2303 ventisque
1167 2251 1347 2303 exposito
1375 2251 1515 2300 stabat,
1536 2251 1744 2291 videbatur
1771 2265 1905 2292 revera
1932 2265 2018 2292 esse
2037 2251 2099 2305 (ut
2125 2253 2277 2292 Graece
2302 2251 2451 2305 dicam)

439 2312 534 2364 ἀνὴρ
570 2312 833 2367 τετράγωνος7,
868 2313 948 2364 qui,
988 2313 1110 2353 saevit
1147 2315 1430 2364 undecumque
1467 2320 1618 2361 ventuS,
1651 2314 1758 2353 velut
1795 2313 1908 2354 turris
1945 2313 2111 2354 immota
2142 2313 2184 2352 in
2215 2320 2452 2366 perpetuum

445 2375 624 2427 perstat⁸.

552 2441 669 2478 Duco
694 2440 746 2478 ad
772 2452 842 2478 vos
873 2438 1000 2478 virum
1031 2439 1253 2478 admodum
1281 2439 1542 2478 reverendum
1572 2439 1858 2478 FREDERICUM
1889 2439 2077 2487 TEMPLE‚
2108 2437 2451 2491 archiepiscopum

443 2502 783 2544 Cantuariensem.

552 2635 665 2690 (279)
687 2635 885 2676 Hibernia
906 2635 1135 2676 Britanniae
1154 2642 1253 2687 quot
1272 2634 1439 2675 vinculis
1459 2634 1672 2675 coniuncta
1692 2635 1751 2684 sit,
1766 2634 1916 2675 nemini
1930 2635 2110 2687 ignotum
2126 2643 2185 2676 est
2191 2650 2203 2686 5
2233 2635 2452 2678 Hiberniae

445 2700 649 2740 Britannia
669 2713 789 2751 quam
809 2701 979 2739 multum
1000 2700 1155 2747 debeat,
1179 2699 1280 2739 inter
1299 2712 1440 2738 omnes
1460 2705 1625 2738 constat.
1683 2699 1749 2738 Ab
1766 2698 1961 2738 Hibernia
1976 2711 2058 2738 non
2073 2700 2196 2739 modo
2211 2700 2333 2739 duces
2347 2699 2452 2740 bello

443 2761 615 2812 insignes
635 2761 876 2812 accepimus,
896 2762 967 2801 sed
987 2760 1107 2800 etiarn
1126 2759 1229 2799 viros
1248 2759 1357 2811 pacis
1377 2761 1428 2799 de
1446 2759 1596 2799 artibus
1616 2759 1766 2810 optime
1786 2758 1956 2807 meritos,
1979 2772 2001 2798 e
2020 2758 2164 2810 quibus
2183 2773 2309 2799 unum
2332 2759 2452 2801 hodie

444 2830 692 2874 praesentem
711 2822 874 2862 honoris
898 2836 1017 2862 causa
1043 2823 1270 2861 salutamus.
1327 2823 1455 2861 Adest
1475 2821 1531 2860 vir
1549 2821 1651 2861 inter
1669 2820 1762 2860 iuris
1786 2820 2002 2860 Britannici
2027 2821 2177 2861 lumina
2198 2821 2278 2861 iam
2296 2823 2452 2862 dudum

445 2892 685 2933 numeratus,
707 2885 776 2936 qui
795 2885 889 2925 iuris
907 2886 1128 2925 admodum
1149 2884 1296 2936 peritus
1315 2884 1357 2923 in
1376 2884 1505 2924 causis
1524 2883 1644 2924 etiam
1667 2883 1905 2924 difficillimis
1928 2884 2091 2935 agendis
2114 2892 2154 2924 et
2178 2886 2453 2937 percontando

533 2980 545 3001 ¹
568 2981 648 3023 Abp
665 2981 844 3023 Maelagan
860 2991 928 3012 was
944 2984 1089 3022 present.
1235 2979 1249 2999 2
1271 2981 1307 3011 S.
1321 2980 1466 3021 loannis
1481 2980 1547 3011 Ev.
1565 2979 1632 3011 xvii
1648 2989 1700 3011 21.
1843 2978 1857 2999 ³
1879 2979 1954 3012 The
1968 2979 2197 3022 archbishop‘s
2212 2980 2340 3013 secular
2353 2991 2452 3013 name

447 3035 516 3057 was
532 3024 725 3056 Alexander
739 3024 958 3056 Vassilievich
975 3022 1188 3055 Vadkoffski.
1348 3022 1362 3042 ⁴
1385 3023 1531 3054 Edward
1549 3023 1662 3055 White
1678 3023 1821 3060 Benson,
1837 3023 1885 3055 ob.
1906 3033 1940 3055 11
1960 3023 2037 3056 Oct.
2058 3023 2152 3066 1896.
2325 3022 2339 3043 ⁶
2360 3024 2450 3064 Tait,

447 3068 591 3106 Benson,
610 3068 675 3099 and
692 3068 844 3109 Temple.
975 3066 990 3087 ⁶
1015 3067 1204 3105 Guardima,
1225 3074 1241 3107 7
1256 3066 1337 3108 July
1356 3067 1450 3109 1897,
1469 3077 1502 3108 p.
1525 3066 1638 3107 1083f.
1769 3065 1783 3087 ⁷
1807 3066 1996 3099 Simonides
2012 3077 2066 3109 ap.
2086 3068 2169 3098 Plat.
2186 3067 2320 3108 Protag.
2338 3077 2401 3109 334
2413 3075 2449 3099 Α.

446 3110 460 3131 ⁸
485 3112 494 3127 ‘
506 3111 595 3142 That
610 3116 714 3143 tower
728 3111 767 3142 of
782 3111 929 3152 strength
951 3108 956 3152 Ι
975 3110 1098 3142 Which
1116 3110 1213 3142 stood
1234 3109 1439 3152 four-square
1459 3114 1495 3141 to
1514 3109 1558 3141 all
1575 3110 1632 3141 the
1653 3109 1760 3141 winds
1774 3109 1846 3141 that
1866 3110 1953 3142 blew
1966 3112 1973 3142 !
1985 3109 1993 3125 '
2038 3109 2245 3152 Tennyson’s
2264 3111 2329 3142 Ode
2340 3121 2382 3142 on
2397 3111 2452 3143 tlte

447 3154 560 3186 Deatlz
574 3154 614 3195 qf
628 3154 681 3185 the
696 3155 795 3185 Duke
807 3154 847 3195 of
869 3154 1077 3195 Wellington,
1097 3158 1210 3185 stanza
1226 3165 1255 3190 4.

1415 3238 1490 3275 134
