2704 3770
918 339 981 388 E.
1021 341 1082 388 B.
1136 339 1334 388 Wilson.
1409 338 1617 387 Charles
1650 338 1794 386 Rem!
1821 338 1871 386 Z
1868 338 2023 388 ez'ller.

470 487 616 534 clauso,
635 485 834 526 radiorum
855 486 1079 526 lucidorum
1100 499 1167 526 sex
1182 485 1290 525 milia
1309 484 1403 525 olim
1420 484 1700 524 scintillabant.
1749 486 1900 524 Rerum
1920 490 2071 532 natura,
2087 483 2129 523 in
2147 483 2301 536 magnis
2318 496 2473 536 magna,

469 545 510 586 in
532 547 705 587 minimis
725 560 846 599 quam
866 548 1086 588 immensa!

508 648 517 658 ⁴
580 611 698 651 Duco
717 611 770 651 ad
788 623 859 651 vos
879 611 1093 652 CAROLUM
1114 611 1361 650 DoomT‘rLE
1379 609 1621 650 WALcoer1.

580 753 694 806 (530)
733 753 919 806 Populari
950 767 1024 794 suo
1056 753 1258 806 proximus
1286 753 1463 805 adsurgit
1494 753 1601 793 Novi
1632 752 1804 793 Eboraci
1836 753 1878 793 in
1911 752 2178 794 Universitate
2211 752 2479 795 Columbiana

469 815 671 867 zoologiae
691 817 899 867 professor,
921 815 990 867 qui
1010 815 1237 855 saltationes
1263 815 1360 863 illas,
1382 815 1646 865 karyokinesis
1670 814 1834 855 nomine
1858 821 2119 866 nuncupatas,
2140 814 2357 866 descripsit,
2377 827 2477 866 quas

471 889 637 916 ovorum
657 876 698 916 in
718 876 870 916 cellulis
890 876 1116 917 dividendis
1135 878 1368 917 nucleorum
1395 878 1614 929 fragmenta
1639 877 1818 917 certatim
1845 884 2038 917 exercent.
2098 878 2147 916 In
2167 875 2326 917 insectis
2344 883 2478 917 autem

471 939 684 989 nonnullis,
707 940 879 980 docente
898 940 1063 980 doctore
1083 946 1220 979 nostro
1239 953 1357 989 novo,
1381 939 1667 980 determinatur
1685 953 1812 987 sexus,
1828 947 1946 991 prout
1964 941 2197 980 nucleorum
2216 940 2478 991 fragmentum

471 1014 597 1040 unum
625 1008 693 1040 aut
720 1002 834 1041 adest
861 1008 930 1041 aut
958 1001 1080 1041 abest.
1141 1002 1279 1041 Genus
1308 1001 1544 1041 femininum
1573 1008 1633 1042 tot
1661 1002 1880 1053 fragmenta
1907 1001 2082 1041 efficiunt
2094 1015 2106 1050 3
2147 1001 2365 1053 fragmenta
2395 1011 2479 1040 uno

471 1068 626 1102 tantum
656 1062 809 1103 minora
837 1062 1113 1103 masculinum.
1171 1063 1337 1112 Videtis,
1359 1063 1605 1112 Academici,
1633 1062 1862 1103 discrimine
1887 1075 2008 1114 quam
2038 1061 2148 1103 tenui
2177 1075 2302 1115 genus
2328 1073 2480 1102 mascu-

471 1124 596 1164 linum
616 1139 640 1165 a
658 1139 802 1177 genere
820 1125 1013 1166 feminino
1033 1132 1244 1177 separetur,
1267 1139 1318 1165 ne
1338 1126 1469 1166 dicam
1489 1132 1703 1178 superetur.

581 1189 699 1228 Duco
718 1190 770 1230 ad
789 1202 860 1229 vos
880 1191 1141 1229 EDMUNDUM
1162 1190 1369 1229 BEECHER
1389 1189 1592 1228 W1Lsou2.

581 1326 696 1379 (531)
735 1328 769 1366 E
789 1334 849 1367 tot
868 1327 1101 1368 doctoribus
1126 1341 1335 1380 supremus
1360 1329 1474 1368 adest
1500 1329 1848 1379 Francogallorum
1875 1327 2053 1368 Instituti
2071 1326 2317 1368 celeberrimi
2335 1326 2478 1375 socius,

471 1388 825 1440 palaeobotanicae
862 1390 1062 1440 professor
1098 1391 1321 1441 praeclarus
1355 1389 1600 1438 Parisiensis,
1629 1389 1699 1441 qui
1735 1388 1814 1428 iam
1858 1402 1929 1441 per
1965 1402 2093 1430 annos
2130 1389 2288 1441 triginta
2323 1391 2479 1441 plantas

471 1451 625 1492 fossiles
654 1451 715 1502 (ut
747 1451 876 1503 aiunt)
906 1452 1201 1493 accuratissime
1227 1452 1491 1502 examinavit3
1532 1451 1700 1501 Africae,
1730 1452 1951 1500 Americae,
1977 1452 2130 1501 Indiae,
2161 1451 2281 1493 Asiae
2311 1451 2480 1492 Minoris

472 1516 589 1555 flores
618 1514 825 1563 extinctos,
856 1528 939 1555 non
968 1515 1054 1555 sine
1083 1528 1243 1555 summo
1271 1514 1432 1564 iudicio,
1463 1528 1547 1554 non
1571 1514 1658 1555 sine
1685 1528 1844 1555 summo
1870 1514 2042 1567 ingenio,
2074 1514 2333 1566 investigavit.
2394 1513 2482 1554 Viri

471 1577 588 1617 huius
625 1577 782 1627 auxilio,
824 1579 964 1619 Florae
1000 1578 1189 1630 antiquae
1235 1591 1258 1618 e
1294 1577 1566 1618 monumentis
1604 1591 1687 1618 non
1724 1577 1803 1618 iam
1847 1590 1973 1618 unum
2010 1579 2226 1618 alterumve
2262 1576 2481 1630 capitulum

471 1639 672 1691 perbreve,
702 1652 785 1679 non
814 1639 893 1679 iam
922 1639 1089 1692 paginae
1118 1639 1312 1692 cuiusque
1339 1639 1469 1680 lineae
1497 1638 1762 1691 paucissimae
1772 1639 1797 1688 ⁸,
1828 1640 1900 1680 sed
1925 1651 2053 1680 novae
2080 1639 2248 1691 paginae
2275 1637 2479 1691 plurimae,

471 1701 579 1741 orbis
597 1708 788 1742 terrarum
808 1702 922 1753 quasi
940 1702 1043 1742 vitae
1062 1709 1279 1754 perpetuae
1297 1703 1351 1742 ad
1370 1708 1553 1742 catenam
1572 1700 1805 1742 continuam
1823 1702 1965 1741 anulos
1984 1714 2110 1743 novos
2128 1701 2380 1743 addiderunt.

932 1776 1019 1817 ‘Sic
1047 1775 1368 1828 unumquicquid
1395 1775 1588 1827 paulatim
1615 1775 1807 1827 protrahit
1834 1782 1942 1816 aetas

959 1830 999 1870 in
1029 1830 1218 1879 medium,
1249 1830 1429 1882 ratioque
1457 1829 1499 1870 in
1527 1829 1687 1870 luminis
1715 1829 1827 1881 erigit
1855 1843 1954 1870 oras.

960 1898 1134 1936 namque
1161 1885 1243 1925 alid
1271 1898 1319 1924 ex
1346 1884 1424 1924 alio
1452 1885 1667 1924 clarescere
1694 1891 1734 1924 et
1762 1883 1901 1924 ordine
1929 1884 2050 1925 debet

958 1940 1143 1988 omnibus,
1173 1939 1226 1979 ad
1254 1951 1454 1978 summum
1485 1939 1616 1978 donec
1644 1951 1787 1978 venere
1815 1938 2055 1978 cacumen’⁴.

474 2013 626 2052 Rerum
664 2019 828 2052 naturae
865 2011 1006 2052 seriem
1043 2019 1245 2052 aeternam
1279 2011 1428 2051 claudit
1465 2012 1595 2050 Homo
1630 2011 1803 2061 sapiens:
1851 2012 2050 2050 honorum
2080 2017 2306 2051 nostrorum
2338 2009 2479 2052 seriem

474 2073 709 2114 hodiernam
728 2073 879 2115 claudit
897 2073 954 2113 vir
972 2073 1013 2113 in
1035 2074 1151 2113 Flora
1169 2072 1333 2124 antiqua
1352 2072 1676 2125 sapientissimus,
1700 2073 1898 2114 CAROLUS
1918 2073 2124 2113 RENATUS
2143 2073 2357 2112 ZEILLER⁶.

560 2190 573 2211 ¹
596 2191 729 2223 Author
744 2191 782 2223 of
798 2191 866 2223 The
880 2190 1055 2229 Trilobite3
1083 2190 1150 2223 The
1166 2191 1350 2223 Cambrian
1366 2191 1505 2223 Faunas
1518 2190 1560 2234 of
1565 2190 1678 2223 North
1693 2190 1860 2223 America.
2073 2187 2088 2209 ²
2110 2189 2243 2222 Author
2257 2189 2297 2222 of
2311 2189 2379 2224 W
2397 2190 2475 2224 cell.

475 2233 489 2254 ³
514 2234 623 2276 Only
638 2235 717 2267 here
743 2234 809 2266 and
833 2234 925 2266 there
949 2245 969 2266 a
992 2234 1085 2266 short
1107 2234 1244 2276 chapter
1265 2234 1326 2266 has
1348 2234 1434 2266 been
1456 2234 1652 2276 preserved;
1675 2234 1752 2273 and,
1779 2233 1818 2266 of
1835 2233 1917 2266 each
1936 2243 2033 2276 page,
2058 2232 2137 2276 only
2157 2233 2235 2266 here
2257 2233 2325 2265 and
2347 2233 2439 2267 there
2457 2244 2480 2267 a

476 2278 540 2310 few
555 2246 660 2310 lines'
677 2277 829 2319 (Darwin
844 2288 888 2309 on
904 2277 960 2309 the
974 2277 1160 2319 geological
1176 2277 1301 2316 record,
1326 2277 1448 2327 Origm
1463 2277 1504 2319 qs
1515 2278 1650 2319 Species,
1668 2276 1765 2320 chap-
1781 2277 1827 2314 ix,
1839 2281 1941 2319 prope
1943 2276 2078 2319 finem)
2255 2275 2270 2296 ⁴
2293 2276 2476 2317 Lucretius,

474 2333 495 2354 v
511 2321 669 2363 adfinem
686 2322 772 2364 (part
788 2321 826 2353 of
837 2321 895 2353 the
909 2331 1048 2363 passage
1062 2321 1211 2363 quoted
1202 2331 1237 2352 m
1253 2321 1444 2363 presenting
1459 2321 1610 2359 Darwin,
1631 2329 1669 2363 17
1687 2321 1776 2353 Nov.
1800 2322 1893 2362 1877,
1911 2330 1968 2353 no.
1986 2327 2003 2361 7
2019 2318 2149 2362 supra).
2311 2318 2325 2340 ⁵
2346 2319 2479 2354 Authooe

474 2364 513 2398 of
533 2363 697 2407 Vlgdtaux
698 2363 868 2406 fhsszles
884 2365 953 2403 E
954 2363 1085 2396 llments
1098 2365 1136 2396 de
1149 2365 1433 2407 Paleobotanique,
1450 2368 1515 2397 etc.

1091 2758 1409 2850 Explicit
1458 2759 1881 2842 Oratz'onum,

960 2882 1213 2971 Incipit
1257 2881 1734 2972 Epz‘stolarum
1782 2880 2004 2951 Liber.
