2704 3770
567 327 640 377 [ἶ.
679 328 754 377 Η.
792 329 1029 393 Asquz'th.
1100 330 1252 380 Duke
1283 332 1348 395 of
1368 333 1842 385 Nerthumberland.
1904 334 2054 383 Lord
2079 336 2351 401 Halsbury.

1266 538 1321 586 17
1348 524 1491 590 June
1535 527 1658 586 1908

725 640 775 687 T
768 639 826 688 lte
861 640 1231 704 [nauguratz'on
1266 641 1333 705 of
1353 641 1503 690 Lord
1530 641 1779 707 Raylezsglz
1811 659 1869 691 as
1908 642 2202 692 Chaucellor

564 756 807 809 Dignissime
826 756 999 806 domine,
1024 756 1199 797 Domine
1219 757 1477 806 Cancellarie,
1499 765 1538 798 et
1554 765 1642 798 -tota
1662 758 1905 799 Academia:

565 831 679 883 (473)
727 833 894 871 Pmmus
940 831 1090 872 incedit
1137 831 1415 873 Universitatis
1472 832 1713 874 Oxoniensis
1758 835 1944 874 alumnus
1981 833 2155 886 insignis,
2195 834 2237 875 in
2283 836 2464 889 Collegio

455 895 507 935 de
544 894 713 934 Balliolo
751 901 790 934 et
827 893 1017 934 scholaris
1054 901 1093 934 et
1130 895 1262 935 socius
1299 897 1459 944 electus,
1500 895 1612 935 cuius
1656 895 1776 936 vitam
1818 897 2038 937 honoribus
2078 899 2239 950 plenam
2280 899 2465 952 magister

456 956 541 1009 ipse
574 956 724 1009 optime
755 964 968 1008 auguratus
1001 964 1060 997 est
1075 959 1152 997 :—‘
1164 958 1194 997 it
1226 957 1379 998 directo
1392 972 1404 1007 3
1446 957 1601 1010 longius
1639 958 1764 999 ibit'¹.
1807 960 1965 1000 ,Orator
2002 961 2156 1001 subtilis
2189 961 2313 1014 magis
2342 975 2469 1015 quam

454 1019 624 1071 grandis,
646 1033 803 1071 pressus
828 1018 952 1071 magis
978 1033 1099 1071 quam
1120 1019 1306 1072 copiosus
1332 1022 1410 1060 iam
1436 1022 1591 1061 dudum
1614 1020 1869 1070 existimatus,
1890 1036 1973 1075 non
1995 1025 2231 1064 athletarum
2257 1032 2365 1066 toros
2392 1025 2466 1067 sed

457 1081 626 1121 militum
645 1082 813 1122 lacertos
831 1082 1081 1122 aemulatur².
1140 1083 1251 1122 Inter
1268 1084 1484 1123 advocatos
1504 1083 1599 1123 olim
1614 1084 1926 1124 adversariorum
1945 1084 1986 1124 in
2001 1085 2168 1127 testibus
2183 1087 2465 1138 percontandis

455 1157 646 1195 perquam
666 1144 844 1196 pertinax
863 1144 984 1184 fuisse
1003 1145 1152 1184 fertur³.
1212 1147 1329 1186 Idem
1352 1146 1461 1198 regni
1485 1147 1606 1186 totius
1631 1146 1887 1187 Senatoribus
1907 1148 2139 1201 adscriptuS,
2161 1149 2241 1189 suis
2261 1150 2400 1200 fidelis,
2422 1151 2464 1192 in

455 1207 699 1247 adversarios
719 1220 880 1258 aeunS,
903 1207 1144 1259 reipublicae
1163 1208 1204 1247 in
1227 1208 1430 1260 provincia
1455 1208 1676 1249 domestica
1698 1210 1965 1261 operariorum
1991 1219 2261 1264 propugnator
2282 1220 2465 1254 strenuus

454 1270 610 1309 exstitit.
669 1271 823 1319 Postea,
855 1270 1084 1310 commercii
1115 1270 1227 1311 liberi
1254 1273 1440 1312 defensor
1467 1272 1700 1320 indefessus,
1731 1272 1881 1313 aerario
1907 1273 2070 1325 publico
2104 1282 2163 1314 est
2190 1274 2438 1327 praepositus
2449 1290 2463 1326 5

453 1346 579 1384 nuper
615 1332 801 1383 denique,
834 1333 986 1372 alumni
1014 1333 1148 1382 nostri,
1180 1333 1252 1372 viri
1284 1333 1620 1383 desideratissimi,
1654 1334 1695 1373 in
1725 1335 1828 1383 loco,
1861 1335 2030 1386 partium
2064 1335 2285 1376 liberalium
2322 1338 2464 1378 ductor

454 1396 645 1435 salutatus
668 1396 758 1435 est⁴.
817 1396 876 1436 Ut
900 1398 1042 1447 poetae
1071 1395 1196 1435 nostri
1224 1395 1353 1436 verbis
1382 1403 1479 1444 utar,
1501 1409 1572 1448 per
1599 1396 1719 1436 vitam
1749 1403 1874 1437 totam
1902 1410 2059 1450 semper
2083 1397 2124 1437 in
2149 1398 2266 1439 altius
2291 1400 2463 1440 tendens

453 1457 711 1509 progreditur,

993 1536 1002 1553 ‘
1015 1532 1095 1572 vim
1125 1533 1256 1572 donec
1284 1531 1436 1572 instans
1464 1532 1627 1583 protulit
1656 1532 1828 1584 igneam,

1017 1594 1057 1626 et
1085 1587 1195 1626 clave
1223 1587 1388 1626 tandem
1416 1586 1619 1637 praeditus
1646 1600 1766 1627 aurea
1919 1627 1921 1629 .

1125 1647 1202 1680 stat
1231 1642 1364 1679 Roma
1393 1640 1490 1692 quid
1519 1641 1707 1681 decernat
1735 1648 1883 1689 auctor,

1237 1707 1319 1745 quo
1347 1694 1525 1746 patribus
1554 1702 1670 1735 sonet
1698 1708 1767 1735 ore
1795 1696 1994 1736 Caesar’¹⁵.

562 1772 681 1810 Duco
699 1771 752 1810 ad
771 1783 841 1811 vos
860 1769 969 1822 regni
990 1769 1111 1810 totius
1135 1768 1358 1809 ministrum
1382 1768 1567 1820 primum,
1587 1768 1714 1809 virum
1737 1769 1830 1810 iuris
1854 1769 2148 1822 peritissimum,
2168 1770 2295 1811 virum
2314 1771 2463 1824 patriae

451 1840 491 1873 et
510 1831 677 1883 imperio
696 1831 771 1872 toti
790 1831 1105 1880 devotissimum,
1130 1833 1405 1870 HERBERTUM
1427 1831 1672 1870 HENkchM
1692 1833 1899 1877 ASQUITH.

560 1935 673 1988 (474)
708 1935 885 1987 Assurgit
917 1934 1119 1987 proximus
1152 1934 1211 1973 vir
1242 1947 1386 1985 genere
1420 1934 1545 1974 nobili
1576 1942 1703 1983 natus,
1737 1934 1805 1986 qui
1835 1935 1937 1974 inter
1968 1935 2137 1976 maiores
2169 1949 2264 1977 suos
2291 1936 2461 1978 illustres

452 1998 730 2040 Universitatis
748 2005 909 2038 nostrae
924 1998 1217 2038 Cancellarium
1241 1996 1364 2045 illurn,
1385 1996 1512 2036 virum
1537 1997 1867 2046 liberalissimum,
1889 2006 2082 2047 numerat,
2104 1999 2172 2050 qui
2196 2000 2462 2041 astronomiae

451 2063 646 2112 templum
679 2067 858 2100 nostrum
887 2059 1152 2098 instrumento
1185 2058 1398 2109 splendido
1430 2058 1669 2098 adornavit⁶.
1729 2061 1822 2110 Ipse
1856 2059 2084 2100 Britanniae
2117 2062 2239 2101 totius
2273 2063 2462 2103 Instituto

453 2122 582 2173 Regio
600 2122 808 2173 praesidet,
824 2121 1077 2161 scientiarum
1098 2127 1288 2171 patronus
1302 2120 1639 2171 generosissimus,
1658 2120 1771 2160 cuius
1791 2121 1977 2172 auspiciis
1997 2122 2249 2162 scientiarum
2269 2125 2463 2176 templum

451 2184 562 2232 illud,
582 2184 729 2224 abhinc
748 2197 876 2223 annos
895 2185 984 2235 plus
1004 2196 1124 2234 quarn
1145 2189 1307 2222 centurn
1327 2182 1547 2232 conditum,
1569 2190 1609 2223 et
1629 2184 1866 2224 Cancellarii
1889 2185 2011 2224 nostri
2038 2192 2078 2225 et
2095 2184 2264 2225 aliorum
2288 2185 2461 2227 virorum

449 2245 663 2297 insignium
693 2245 1078 2297 Cantabrigiensium
1111 2257 1204 2283 cum
1232 2244 1389 2293 auxilio,
1420 2244 1559 2296 populi
1595 2245 1720 2285 nostri
1753 2253 1908 2286 mentes
1945 2259 2075 2286 rerum
2113 2254 2276 2287 naturae
2308 2248 2459 2289 lumine

451 2307 597 2347 totiens
624 2306 842 2346 illustravit.

561 2370 678 2409 Duco
697 2370 749 2409 ad
767 2382 839 2409 vos
860 2367 1009 2418 Regiae
1029 2367 1236 2407 Societatis
1255 2367 1421 2417 socium,
1444 2367 1725 2408 Universitatis
1745 2369 1985 2410 Oxoniensis
2007 2370 2213 2410 alumnum
2238 2371 2460 2412 admodum

450 2431 638 2480 nobilem,
662 2432 904 2470 HENRICUM
924 2431 1158 2469 GEORGIUM
1181 2430 1332 2477 PERcv,
1357 2431 1515 2469 Ducem
1536 2429 1851 2470 Northumbriae
1870 2430 2096 2482 septimum.

557 2540 671 2593 (475)
699 2539 883 2580 Exoritur
901 2539 1091 2591 deinceps
1110 2538 1168 2578 vir
1191 2538 1294 2578 inter
1315 2538 1409 2579 iuris
1436 2538 1652 2579 Britannici
1675 2539 1827 2579 lumina
1851 2539 1930 2579 iam
1954 2540 2108 2579 dudum
2130 2547 2370 2590 numeratus,
2391 2542 2462 2593 qui

449 2603 569 2643 etiarn
588 2604 682 2644 iuris
700 2603 803 2643 inter
822 2601 1109 2642 controversias
1129 2615 1285 2653 semper
1304 2615 1477 2650 serenus,
1499 2615 1655 2653 semper
1673 2601 1855 2642 amabilis
1870 2602 2041 2652 exstitit;
2069 2602 2150 2654 qui,
2165 2602 2312 2643 abhinc
2329 2617 2459 2645 annos

450 2673 528 2706 tres
548 2673 588 2706 et
607 2664 755 2717 viginti,
779 2663 1009 2704 Britanniae
1027 2662 1265 2705 Cancellarii
1282 2664 1336 2703 ad
1356 2676 1501 2703 munus
1521 2676 1723 2703 summum
1743 2670 1917 2712 vocatus,
1939 2671 2023 2704 erat

1072 2735 1250 2787 ‘insigne
1278 2735 1438 2776 maestis
1466 2736 1708 2787 praesidium
1737 2736 1824 2785 reis,

1096 2796 1137 2830 et
1164 2791 1389 2829 consulenti
1418 2790 1547 2830 Pollio
1575 2790 1758 2830 curiae’⁷.

537 2890 550 2911 1
575 2892 670 2930 ‘Yes,
693 2891 736 2923 he
756 2890 824 2923 will
846 2896 901 2933 get
925 2901 993 2930 on;
1015 2890 1058 2922 he
1081 2889 1109 2922 is
1131 2901 1168 2922 so
1191 2889 1322 2927 direct’,
1335 2891 1471 2932 Jowett,
1490 2890 1614 2932 quoted
1636 2890 1682 2932 by
1705 2891 1745 2922 T.
1764 2890 1912 2923 Herbert
1935 2890 2076 2923 Warren
2098 2890 2133 2923 in
2153 2891 2186 2933 J.
2207 2891 2243 2923 P.
2264 2891 2460 2925 Alderson’s

451 2936 514 2967 Mr
527 2935 670 2977 Asquitlz
684 2934 785 2991 (1905
788 2933 813 2976 )‚
831 2944 866 2976 Ρ
884 2945 901 2966 2
906 2944 937 2975 3
1125 2932 1203 2965 ²ib.
1220 2945 1253 2975 p.
1276 2943 1327 2974 25.
1518 2932 1532 2953 ³
1554 2934 1602 2965 As
1615 2933 1735 2976 Junior
1750 2938 1785 2965 to
1802 2934 1856 2967 Sir
1871 2934 2011 2966 Charles
2029 2934 2186 2966 Russell
2177 2944 2212 2966 ιιι
2227 2934 2313 2966 the‘
2326 2935 2459 2968 Parnell

451 2977 692 3011 Commission’
708 2978 794 3015 trial,
812 2983 874 3009 etc.
1203 2976 1218 2995 ⁴
1242 2977 1282 3008 In
1297 2976 1484 3009 suecession
1499 2981 1535 3008 to
1551 2976 1605 3009 Sir
1623 2977 1742 3018 Henry
1757 2976 1866 3019 Camp
1867 2977 1948 3009 bell·
1951 2978 2175 3016 Bannerman,
2193 2988 2248 3009 no.
2265 2989 2329 3019 444
2345 2984 2458 3020 supra.

448 3021 462 3041 ⁶
484 3023 675 3063 Tennyson,
691 3022 736 3053 In
752 3021 964 3058 Memoriam
981 3020 1050 3052 lxiv
1067 3019 1194 3077 (Jebb’s
1215 3021 1249 3052 T
1243 3021 1456 3057 ranslatzons
1473 3030 1508 3070 p.
1524 3028 1577 3061 47,
1597 3020 1651 3052 ed.
1669 3030 1699 3058 ἰ,
1720 3019 1827 3062 1907).
1957 3019 1972 3039 ⁶
1995 3020 2101 3063 Hugh
2119 3021 2231 3062 Percy,
2251 3021 2341 3053 third
2357 3021 2459 3054 Duke

448 3065 485 3097 of
513 3064 832 3102 Northumberland,
861 3064 933 3095 LL.
937 3064 996 3100 D.,
1026 3064 1065 3095 St
1087 3062 1215 3105 John',s
1250 3063 1449 3096 Chancellor
1476 3064 1510 3095 in
1539 3065 1697 3104 1840-47‚
1723 3063 1813 3103 who,
1837 3074 1874 3096 as
1901 3063 1995 3106 High
2028 3064 2179 3096 steward
2209 3064 2244 3096 in
2273 3066 2366 3107 1835,
2390 3075 2459 3098 was

449 3108 506 3140 the
526 3108 634 3140 donor
654 3107 693 3140 of
711 3107 794 3139 the‘
809 3106 1120 3138 Northumberland
1147 3106 1330 3149 equatorial
1355 3107 1550 3149 telescopess
1574 3107 1726 3149 together
1749 3087 1830 3139 witlr
1853 3107 1910 3140 the
1931 3107 2094 3150 building,
2117 3108 2183 3139 and
2207 3107 2263 3139 the
2288 3108 2459 3151 revolving

448 3151 560 3183 dome.
697 3149 710 3170 ⁷
735 3151 880 3187 Horace,
900 3151 1010 3182 Carm.
1031 3150 1054 3182 ii
1073 3160 1174 3191 1,13

1404 3234 1481 3268 214
