2704 3770
1050 345 1112 392 H
1112 361 1233 407 enry
1267 345 1526 393 Mortlake
1563 344 1605 392 S
1605 346 1780 408 tanley.

413 496 509 537 utar,
532 489 611 529 ‘sic
637 489 892 529 scribendum
921 489 1098 541 quidque
1118 488 1278 536 iudicat,
1300 489 1506 540 quomodo
1527 495 1641 528 sonat
1657 488 1706 528 'll
1764 490 1927 538 Quanta
1949 487 2163 527 subtilitate
2189 488 2240 527 de
2265 487 2423 538 linguae

415 552 590 591 Graecae
619 559 657 591 et
684 552 849 592 Latinae
879 552 1081 592 vocalibus
1110 552 1306 604 disputat⁹
1321 566 1330 600 ς
1359 565 1478 603 quam
1504 552 1657 591 minuta
1686 551 1911 591 curiositate
1939 551 2058 591 etiam
2087 550 2200 601 patrii
2229 549 2422 590 sermonis

413 626 557 652 sonum
595 626 924 665 unumquemque
961 615 1160 665 explorat!
1223 616 1260 652 A
1297 613 1425 664 poetis
1463 613 1605 653 nostris
1643 613 1931 664 antiquioribus
1969 625 2141 659 exorsus,
2180 625 2262 651 non
2300 612 2423 651 modo

414 676 661 714 saeculorum
696 674 868 725 priorum
902 688 1030 724 voces,
1067 675 1255 726 temporis
1284 677 1396 726 lapsu
1428 675 1667 723 obscuratas,
1697 673 1821 713 oculis
1855 681 1894 714 et
1926 673 2086 713 auribus
2116 673 2259 712 nostris
2290 674 2424 713 denuo

414 737 597 786 reddidit,
620 738 690 777 sed
710 737 828 777 etiarn
850 745 985 777 nostro
1005 751 1028 777 a
1048 740 1206 778 saeculo
1226 738 1267 777 in
1287 737 1465 778 dialectis
1485 736 1599 776 variis
1620 743 1847 787 usurpatam
1868 735 2083 775 litterarum
2102 733 2422 786 appellationem,

414 798 534 850 signis
566 798 758 838 accuratis
792 806 980 848 notatam,
1007 799 1225 851 posteritati
1256 813 1364 839 serae
1395 799 1716 850 cognoscendam
1744 797 1936 837 tradidit3.
1994 796 2168 837 Venient
2195 796 2290 836 anni
2316 795 2425 847 (licet

414 864 662 903 confidenter
693 862 914 915 vaticinari)
947 863 1092 914 quibus
1126 862 1383 902 dialectorum
1424 869 1646 901 nostrarum
1680 867 1738 901 tot
1771 860 1987 908 varietates,
2021 873 2103 899 non
2136 859 2266 898 minus
2304 871 2422 909 quam

414 925 617 964 Arcadum
637 932 676 964 et
695 924 930 976 Cypriorum
950 925 1107 976 linguae
1127 925 1323 976 antiquae,
1343 924 1551 964 hominum
1572 937 1594 963 e
1614 923 1840 974 cognitione
1856 936 2014 974 prorsus
2034 923 2310 971 obsolescent3
2338 928 2424 961 tum

413 987 591 1036 profecto
610 988 678 1026 viri
699 986 864 1027 huiusce
884 987 1037 1039 scriptis
1058 1001 1151 1028 cura
1170 987 1324 1027 infinita
1344 986 1553 1027 elaboratis
1573 986 1702 1027 indies
1720 994 1860 1026 auctus
1879 987 2044 1026 accedet
2064 987 2205 1026 honos.

1360 1060 1569 1100 ‘Mortalia
1597 1062 1700 1100 facta
1727 1060 1924 1112 peribunt,

873 1116 1023 1156 nedum
1052 1128 1280 1156 sermonum
1311 1121 1387 1155 stet
1415 1115 1545 1154 honos
1574 1122 1613 1154 et
1640 1114 1763 1166 gratia
1791 1115 1953 1154 vivax’4.

523 1187 686 1227 Interim
720 1201 743 1227 a
781 1187 896 1228 nobis
930 1196 1034 1228 certe
1068 1188 1260 1229 sermonis
1300 1187 1517 1227 Britannici
1555 1194 1806 1227 conservator
1843 1187 1965 1227 animi
2002 1186 2099 1238 grati
2137 1185 2421 1234 testimonium,

414 1249 689 1301 honoremque
718 1249 786 1289 diu
815 1250 1008 1298 debitum,
1039 1251 1107 1291 diu
1138 1252 1380 1297 duraturum,
1411 1249 1590 1301 accipiet.

523 1312 641 1350 Duco
660 1313 711 1351 ad
731 1325 801 1352 vos
820 1312 1067 1363 philologum
1087 1312 1294 1363 insignem,
1317 1313 1623 1350 ALEXANDRUM
1647 1312 1849 1350 IOANNEM
1871 1311 2007 1349 ELLls.

1240 1472 1299 1518 23
1342 1456 1444 1504 Oct.
1492 1474 1508 1504 1
1520 1459 1618 1517 890

525 1573 637 1626 (166)
669 1575 721 1613 IN
746 1575 823 1614 hoc
843 1574 930 1627 ipso
957 1577 1058 1623 loco,
1083 1574 1231 1614 abhinc
1254 1587 1382 1614 annos
1406 1574 1486 1613 fere
1507 1581 1583 1613 tres
1608 1581 1646 1613 et
1673 1573 1841 1625 triginta,
1868 1575 2036 1613 Senatus
2062 1575 2247 1625 frequens
2272 1572 2427 1613 Africae

415 1649 576 1675 causam
598 1635 879 1676 Britannorum
899 1636 1031 1676 virtuti
1051 1637 1204 1688 egregie
1224 1637 1576 1676 commendantem
1598 1635 1915 1687 Livingstonium
1938 1634 2118 1674 audivit⁶.
2178 1634 2315 1674 Hodie
2335 1647 2427 1674 vero

414 1711 494 1737 non
524 1697 676 1737 minore
705 1698 827 1738 animi
855 1698 1055 1738 alacritate
1083 1698 1210 1738 virum
1240 1698 1436 1749 insignem
1465 1697 1718 1749 adspicimus,
1747 1697 1815 1748 qui
1845 1696 2173 1748 Livingstonium,
2200 1696 2358 1736 Africae
2385 1695 2428 1735 in

415 1759 682 1811 penetralibus
721 1759 789 1800 diu
822 1761 1015 1809 abditum,
1051 1760 1271 1799 amicorum
1302 1759 1484 1799 omnium
1514 1773 1536 1799 e
1570 1766 1790 1810 conspeetu
1822 1758 1891 1798 diu
1925 1758 2144 1808 abreptum,
2180 1771 2262 1798 non
2295 1757 2427 1797 minus

415 1820 565 1861 fortiter
585 1820 777 1871 quaesivit
798 1835 917 1873 quam
942 1821 1106 1862 feliciter
1126 1821 1315 1873 repperit⁶
1328 1835 1338 1870 3
1368 1820 1436 1872 qui
1456 1828 1595 1872 postea
1614 1820 1685 1860 viri
1705 1820 1808 1859 illius
1828 1818 2059 1858 immortalis
2079 1819 2263 1871 reliquias
2281 1819 2428 1871 gloriae

416 1882 667 1922 Britannicae
686 1882 727 1922 in
748 1886 898 1935 templo
918 1884 1119 1936 depositas
1140 1883 1394 1923 veneratione
1414 1884 1550 1923 debita
1569 1891 1801 1936 prosecutus
1825 1891 1907 1932 est3
1936 1883 2005 1934 qui
2029 1896 2154 1934 nuper
2177 1883 2350 1934 denique
2375 1882 2427 1922 ab

415 1945 548 1985 Africa
566 1944 712 1984 totiens
727 1947 961 1996 perlustrata
976 1946 1147 1985 maxima
1166 1959 1258 1985 curn
1279 1946 1396 1985 laude
1416 1958 1604 1993 reversus,
1619 1947 1769 1996 templo
1789 1945 1830 1984 in
1850 1946 2004 1992 eodem,
2022 1944 2248 1995 nuptiarum
2267 1957 2426 1983 suarum

414 2006 729 2058 auspicatissimo
759 2007 835 2056 die,
858 2007 928 2047 viri
957 2008 1055 2047 tanti
1082 2009 1306 2059 sepulcrum
1333 2009 1478 2047 floreae
1504 2021 1674 2047 coronae
1701 2021 1864 2046 munere
1890 2020 2029 2047 ornare
2056 2020 2138 2046 non
2162 2014 2221 2047 est
2247 2006 2424 2050 oblitus⁷.

417 2069 593 2117 Interim,
630 2068 763 2108 Africa
796 2068 837 2108 in
865 2071 1119 2121 peragranda,
1157 2076 1254 2121 quot
1283 2068 1456 2120 pericula
1490 2082 1611 2120 quam
1644 2068 1794 2108 sortiter
1827 2070 2080 2108 toleraverat!
2137 2068 2301 2108 Viderat
2331 2067 2426 2107 olim

417 2130 696 2170 Britannorum
716 2144 824 2170 arma
853 2139 892 2171 et
912 2132 953 2171 in
981 2132 1161 2172 orientali
1188 2139 1226 2171 et
1254 2131 1295 2171 in
1321 2131 1560 2171 occidentali
1588 2131 1745 2172 Africae
1771 2139 1880 2184 parte
1908 2132 2189 2184 imperatorum
2218 2131 2425 2171 illustrium

416 2194 540 2232 ductu
560 2192 885 2243 triumphantia⁸;
913 2193 1020 2233 idern
1041 2201 1180 2245 postea
1199 2194 1340 2233 eadem
1361 2193 1401 2232 in
1421 2195 1558 2233 tellure
1574 2193 1682 2245 pacis
1698 2194 1918 2245 triumphos
1934 2193 2141 2233 virtutibus
2158 2206 2248 2233 vere
2263 2192 2428 2244 impera-

415 2254 524 2294 toriis
544 2254 661 2293 auxit.
722 2256 845 2304 Quod
864 2255 1110 2307 imperatoris
1132 2255 1304 2296 Romani
1327 2256 1455 2296 Gnaei
1477 2256 1656 2307 Pompeii
1676 2256 1777 2296 inter
1796 2259 1933 2297 laudes
1953 2257 2108 2296 Tullius
2128 2263 2426 2310 commemorat,

416 2315 524 2355 idem
551 2318 602 2356 de
629 2317 705 2355 hoc
732 2316 815 2356 viro
842 2319 968 2357 multo
991 2317 1119 2357 verius
1145 2318 1372 2369 praedicare
1398 2331 1610 2369 possumus
1626 2318 1889 2358 2-—‘Africam
1918 2317 2185 2369 exploravit’9.
2244 2319 2367 2368 Quod
2395 2317 2428 2358 si

417 2379 610 2418 factorum
641 2377 725 2417 eius
755 2378 970 2430 insignium
1001 2386 1120 2419 testes
1153 2379 1350 2430 quaeritis,
1382 2379 1545 2419 oratoris
1576 2379 1755 2420 eiusdem
1787 2381 1930 2420 eodem
1961 2381 2013 2419 de
2046 2379 2281 2431 imperatore
2309 2380 2429 2420 verba

417 2439 708 2490 usurpaverim:
742 2440 894 2480 ‘Testis
928 2448 987 2481 est
1017 2440 1214 2480 Afriea’10.
1273 2441 1403 2481 Testis
1433 2442 1612 2493 profecto
1639 2449 1699 2481 est
1729 2441 1872 2489 Africa,
1906 2440 2018 2480 cuius
2044 2454 2182 2481 amnes
2210 2441 2427 2482 immensos

417 2502 623 2553 superavit,
647 2502 757 2542 cuius
779 2503 893 2543 silvas
914 2505 1002 2543 luce
1022 2504 1193 2556 maligna
1213 2504 1402 2544 obscuras
1422 2512 1461 2544 et
1481 2504 1737 2545 barbarorum
1758 2505 1907 2556 sagittis
1927 2504 2131 2545 venenatis
2152 2505 2428 2545 formidulosas

416 2563 645 2614 penetravit,
663 2564 775 2604 cuius
790 2566 899 2605 lacus
914 2565 1088 2617 denique
1103 2565 1283 2617 ingentes
1299 2573 1536 2617 montesque
1550 2566 1708 2606 nivibus
1724 2566 1923 2618 perpetuis
1939 2567 2120 2606 obtectos
2136 2566 2428 2606 accuratissime

417 2624 648 2664 observavit.
708 2627 834 2675 Idem,
864 2628 970 2667 velut
995 2628 1092 2666 alter
1120 2627 1337 2674 Hannibal,
1368 2641 1497 2667 rerum
1527 2635 1690 2667 naturae
1716 2628 1756 2666 in
1787 2627 1965 2667 claustris
1994 2619 2275 2678 distringendis,
2307 2628 2427 2668 etiam

417 2686 521 2737 ipsas
556 2701 671 2738 rupes
704 2688 926 2740 perrupisse
958 2689 1228 2740 perhibeturu.
1289 2690 1398 2739 Quid
1428 2691 1558 2730 dicam
1588 2692 1639 2731 de
1665 2704 1947 2742 pygmaeorum
1975 2698 2094 2742 gente
2123 2704 2147 2729 a
2172 2691 2427 2742 scriptoribus

506 2782 516 2802 1
542 2783 739 2824 Quintilian,
757 2785 768 2817 i
786 2793 816 2827 7,
837 2796 886 2827 30.
936 2786 1083 2828 Pleafor
1097 2786 1255 2818 Phonetic
1270 2787 1426 2828 spelling,
1444 2787 1496 2819 ed.
1515 2797 1545 2826 2,
1570 2788 1661 2828 1848,
1678 2792 1741 2819 etc.
1944 2785 1957 2805 2
1981 2787 2035 2819 On
2051 2787 2107 2819 the
2123 2787 2375 2830 pronunciation
2392 2787 2432 2819 of

422 2826 521 2858 Latin
541 2826 650 2869 (1874)
669 2828 735 2860 and
751 2829 863 2861 Greek
881 2829 1006 2870 (1877).
1051 2859 1053 2862 ,
1190 2828 1204 2849 ³
1225 2830 1337 2869 Early
1351 2831 1499 2872 English
1515 2831 1788 2867 pronunciation,
1810 2830 1971 2872 1869-89.
2154 2830 2169 2850 4
2192 2831 2336 2870 Horace,
2357 2832 2426 2863 Ars

419 2871 557 2907 Pob'lica,
575 2870 627 2913 69.
759 2871 773 2891 ⁵
797 2885 817 2912 4
833 2873 915 2904 Dec.
937 2874 1029 2913 1857.
1179 2872 1192 2892 ⁶
1214 2873 1301 2905 How
1316 2873 1340 2903 l
1341 2874 1459 2914 found
1470 2874 1686 2915 Livingstone
1703 2872 1758 2911 (10
1775 2874 1863 2905 Nov.
1886 2875 1993 2915 1871).
2139 2872 2152 2894 ⁷
2180 2884 2216 2906 12
2229 2875 2309 2916 July
2329 2876 2421 2916 1890.

418 2911 431 2931 ⁸
457 2913 635 2946 Coomassz'e
652 2914 806 2956 (1873-4)
823 2917 897 2947 and
906 2916 1069 2957 Magdala
1087 2914 1255 2957 (1866-7),
1278 2917 1371 2957 1874.
1496 2915 1509 2935 ⁹
1532 2916 1660 2954 Cicero,
1677 2919 1731 2948 De
1746 2916 1832 2958 Imp.
1855 2917 1890 2948 C.
1908 2917 2066 2957 Pompeii,
2083 2927 2135 2958 34.
2261 2916 2288 2937 ¹⁰
2310 2918 2350 2949 ib.
2371 2927 2424 2959 30.

418 2954 443 2975 Π
468 2957 559 2988 Bula
575 2957 719 2994 Mutari,
738 2959 900 2990 ‘Breaker
916 2959 953 2990 of
966 2958 1106 2996 Rocks‘,
1118 2970 1185 2991 was
1202 2959 1256 2991 the
1273 2970 1369 2992 name
1385 2959 1429 3001 by
1446 2959 1555 2992 which
1572 2960 1709 3002 Stanley
1722 2971 1789 2992 was
1802 2961 1928 2992 known
1944 2965 1978 2991 to
1995 2960 2040 2992 all
2059 2961 2114 2992 the
2130 2960 2258 2993 natives
2273 2961 2357 2992 from
2371 2961 2427 2992 the

420 3009 475 3031 sea
491 3004 526 3031 to
542 3000 678 3042 Stanley
695 3001 795 3033 Falls.
842 3002 905 3044 Cp.
927 3003 994 3034 The
1014 3003 1132 3043 Congo,
1151 3003 1161 3034 i
1181 3011 1238 3044 147
1251 3003 1273 3041 f,
1295 3011 1373 3045 237;
1397 3003 1463 3034 and
1481 3014 1538 3045 pp.
1554 3013 1628 3045 330,
1648 3003 1710 3045 346
1720 3004 1743 3040 f,
1762 3003 1800 3035 of
1818 3003 1873 3035 the
1888 3004 2157 3045 Autobiograplzy
2170 3004 2281 3036 edited
2293 3004 2327 3036 in
2344 3013 2426 3046 1909

419 3042 463 3083 by
480 3043 574 3084 Lady
591 3043 738 3086 Stanley,
755 3045 831 3076 who
847 3045 984 3077 informs
999 3056 1053 3077 me
1069 3046 1152 3082 that,
1165 3046 1199 3077 in
1215 3046 1367 3088 building
1382 3047 1490 3085 roads,
1507 3047 1646 3088 Stanley
1662 3048 1769 3088 began
1785 3047 1829 3088 by
1844 3047 2002 3088 ‘lighting
2018 3047 2092 3079 fires
2108 3047 2174 3079 and
2190 3047 2309 3089 letting
2323 3053 2425 3079 water

419 3087 671 3171 It)l?ur.t&(iver(ill'e
692 3088 887 3173 rocksssYa
906 3089 1043 3120 method
1060 3089 1186 3121 similar
1203 3094 1236 3121 to
1259 3090 1329 3122 that
1345 3090 1491 3131 adopted
1508 3090 1552 3132 by
1569 3090 1741 3122 Hannibal
1757 3090 1807 3122 for
1823 3090 2025 3132 pulverising
2041 3091 2097 3122 the
2114 3090 2210 3122 rocks
2227 3090 2261 3123 in
2276 3090 2424 3132 crossing

459 3139 477 3160 e
542 3140 580 3170 ps
627 3141 706 3171 Avy,
726 3139 837 3172 xx137
858 3155 865 3162 .

1404 3205 1455 3251 84
