2704 3770
878 325 952 374 H.
981 324 1039 391 J.
1081 325 1300 389 Molony.
1371 325 1424 373 S.
1464 325 1528 374 R.
1568 326 1694 389 Ray.

273 473 492 514 multorum
523 473 653 514 oculis
685 472 778 514 sunt
811 472 1021 513 manifesta
1054 479 1175 524 atque
1207 477 1355 523 aperta.
1415 470 1744 511 Berolinensibus
1777 471 2009 522 praesertim
2042 480 2152 524 patet
2186 473 2303 513 Insti-

274 542 407 576 tutum
432 535 535 576 illud
561 549 754 588 magnum
782 534 960 576 consiliis
988 534 1074 575 eius
1102 533 1339 582 conditum3
1377 532 1516 573 talium
1550 546 1682 572 rerum
1714 532 1905 572 studiosis
1934 532 2084 584 ubique
2111 542 2302 575 terrarum

274 606 386 652 patet
413 613 517 651 opus
545 599 631 640 eius
659 598 850 640 eximium
879 598 1005 639 sexies
1034 599 1175 638 saltem
1203 597 1245 637 in
1274 599 1407 637 lucem
1436 596 1621 636 editum¹.
1679 595 1822 635 Virum
1850 594 1967 647 igitur
1996 604 2078 635 tam
2106 596 2303 649 insignem

272 669 316 704 et
340 664 494 704 salvere
521 670 562 704 et
589 664 719 704 valere
748 662 871 704 hodie
898 662 1070 703 libenter
1097 660 1296 709 iubemus,
1318 659 1386 712 qui
1418 659 1600 700 Faradaii
1623 658 1665 698 in
1690 658 1925 699 memoriam
1952 659 2174 699 orationem
2203 659 2305 699 inter

275 724 570 766 Londinienses
602 725 838 778 propediem
876 723 1084 764 habiturus
1121 729 1192 771 est,
1234 721 1395 774 quique,
1431 720 1657 761 studiorum
1695 719 1973 760 communium
2012 720 2306 761 consuetudine

275 788 488 829 nobiscum
507 789 774 838 consociatus,
796 801 846 828 eo
864 786 1008 827 artiore
1029 786 1243 826 nobiscum
1263 784 1425 825 vinculo
1445 783 1686 824 coniunctus
1707 790 1777 833 est,
1800 784 1911 835 quod
1931 783 2057 823 filiurn
2077 797 2194 823 suum
2210 791 2306 823 natu

275 851 494 892 maximum
528 851 787 894 Universitati
819 857 980 891 nostrae
1012 849 1055 889 in
1085 848 1253 890 scientia
1280 849 1464 889 chemica
1492 847 1758 888 erudiendum
1790 847 1901 887 haud
1929 846 1984 887 ita
2012 847 2167 899 pridem
2196 860 2305 887 com-

276 913 492 955 mendavit.

382 979 503 1018 Duco
539 977 592 1017 ad
628 989 701 1016 vos
737 975 866 1016 virum
903 974 946 1015 in
984 974 1151 1016 scientia
1187 973 1371 1015 chemica
1408 986 1479 1026 per
1519 973 1660 1014 orbem
1701 980 1894 1013 terrarum
1932 979 2062 1013 toturn
2100 971 2304 1020 illustrem,

274 1041 505 1082 Amnum!
535 1041 737 1080 F1scHER.

1117 1161 1141 1209 5
1180 1146 1300 1195 Dec.
1341 1158 1466 1208 1907

381 1266 498 1321 (467)
517 1268 719 1307 VESPERE
737 1265 931 1318 proximo,
954 1265 995 1305 in
1015 1266 1095 1305 hoc
1114 1264 1203 1317 ipso
1223 1266 1326 1313 loco,
1347 1278 1548 1305 annorum
1569 1263 1861 1316 quinquaginta
1881 1263 2128 1313 memoriam,
2150 1263 2309 1305 Africae

274 1329 471 1371 interioris
494 1343 586 1370 cum
611 1328 870 1381 exploratoris
889 1328 1082 1381 praeclari
1105 1327 1271 1368 nomine
1295 1327 1566 1374 coniunctam,
1589 1326 1910 1367 celebravimus'.
1971 1326 2110 1367 Hodie
2130 1340 2234 1375 vero,
2255 1327 2310 1367 ad

273 1393 373 1434 alias
409 1393 518 1434 orbis
556 1400 745 1433 terrarum
784 1399 916 1444 partes
954 1391 1130 1444 digressi,
1172 1392 1391 1431 salutamus
1423 1391 1643 1430 alumnum
1685 1397 1867 1441 nostrum
1908 1389 1950 1429 in
1995 1390 2178 1442 Collegio
2218 1402 2310 1430 vere

274 1455 518 1508 episcopal?
536 1456 765 1504 educatum,
788 1453 857 1506 qui
883 1453 924 1493 in
952 1455 1071 1494 India
1096 1453 1283 1493 interiore
1308 1466 1507 1493 annorum
1535 1451 1810 1503 septendecim
1837 1451 2080 1504 experientia
2105 1452 2308 1503 probatus,

275 1519 432 1572 imperii
463 1518 643 1559 Sinensis
671 1519 724 1558 ad
751 1518 1000 1570 provinciam
1034 1516 1221 1565 mediam,
1258 1515 1514 1568 episcopatus
1549 1528 1714 1555 munere
1742 1522 1918 1564 ornatus,
1954 1515 2190 1567 propediem
2224 1528 2312 1567 pro-

276 1584 486 1624 ficiscetur.
546 1582 610 1623 Ibi
634 1581 799 1622 habebit
824 1588 918 1621 ante
941 1581 1082 1621 oculos
1105 1579 1286 1632 episcopi
1305 1579 1446 1631 prioris
1470 1579 1683 1630 exemplar,
1706 1577 1871 1618 habebit
1894 1577 2009 1618 ducis
2032 1578 2137 1618 iuius
2157 1576 2312 1618 emeriti

275 1645 479 1694 auxilium,
501 1658 634 1697 quem,
656 1651 696 1685 et
716 1657 790 1684 suo
810 1651 850 1684 et
869 1644 1034 1683 fratrum
1054 1656 1217 1683 suorum
1237 1641 1402 1682 nomine
1422 1640 1540 1681 nobis
1556 1640 1943 1689 coniunctissimum,
1961 1640 2002 1680 in
2018 1641 2097 1681 hoc
2112 1641 2311 1681 Senaculo

273 1707 427 1750 abhinc
457 1721 588 1748 annos
617 1714 773 1759 septem
806 1714 846 1747 et
879 1705 1019 1758 viginti
1052 1705 1224 1745 libenter
1257 1704 1539 1751 laudavimus⁴.
1600 1701 1677 1752 Ibi,
1707 1702 1826 1742 huius
1859 1702 1941 1743 diei
1973 1716 2057 1743 non
2084 1702 2311 1751 immemor,

276 1772 464 1812 alumnus
483 1777 620 1810 noster
638 1781 948 1820 nonnumquam
968 1767 1243 1808 recordabitur
1257 1766 1539 1818 Cantabrigiae
1559 1778 1673 1805 caros
1689 1778 1776 1805 esse
1796 1778 1951 1812 omneS,
1973 1778 2145 1817 quorum
2164 1764 2312 1805 auxilio

276 1836 345 1875 lux
363 1833 500 1875 divina
518 1833 639 1873 etiam
659 1832 820 1872 ultimas
840 1831 948 1872 orbis
969 1838 1161 1870 terrarum
1177 1829 1359 1882 regiones
1374 1828 1609 1881 penetravit,
1626 1827 1709 1867 sive
1725 1827 1901 1867 Africam
1916 1827 2145 1868 interiorem
2160 1827 2312 1867 lumine

272 1896 440 1938 aelesti
454 1896 713 1945 illustrarunt,
736 1899 746 1917 ‘
759 1895 842 1936 sive
861 1894 1065 1935 subiectos
1084 1893 1248 1934 orientis
1268 1906 1362 1933 orae
1382 1894 1498 1933 Seras
1517 1898 1558 1931 et
1578 1892 1706 1931 Indos
1719 1891 1760 1930 '⁶.

353 1978 355 1980 ’
387 1961 507 2001 Duoo
543 1961 597 2000 ad
633 1973 705 2000 vos
739 1958 909 2011 Collegii
943 1956 1254 1998 Pembrochiani
1287 1957 1509 2003 alumnum,
1547 1955 1828 1995 HERBERTUM
1868 1955 2067 1995 IAcomm
2108 1956 2309 2003 MOLONY,

272 2023 514 2078 episcopum
541 2023 754 2064 Sinensem
783 2021 1051 2075 designatum.

1107 2174 1161 2207 12
1199 2158 1320 2208 Dec.
1367 2170 1494 2220 1907

386 2280 503 2334 (468)
534 2283 646 2321 Lum
672 2279 850 2320 litterarii
875 2278 1249 2331 hypodidascalum,
1274 2277 1402 2318 virum
1430 2277 1666 2330 dignitatem
1693 2276 1820 2329 magis
1843 2276 2033 2317 idoneam
2058 2276 2139 2317 iam
2159 2278 2316 2318 dudum

277 2346 479 2392 meritum,
500 2344 623 2385 hodie
645 2344 701 2384 ob
727 2343 968 2395 singularem
993 2342 1078 2383 eius
1102 2342 1329 2394 linguarum
1353 2340 1536 2393 peritiam
1556 2340 1714 2380 Artium
1742 2340 1981 2392 Magistrum
2008 2340 2173 2381 honoris
2196 2354 2317 2381 causa

279 2407 548 2449 nominamus.
608 2407 747 2448 Nostis
781 2405 1045 2446 Academiam
1079 2412 1269 2453 nostram,
1305 2404 1480 2456 primum
1518 2403 1669 2444 abhinc
1705 2404 1835 2444 annos
1875 2404 2132 2456 undeviginti,
2168 2405 2318 2446 deinde

279 2471 430 2512 abhinc
467 2483 596 2511 annos
630 2483 790 2517 novem,
824 2470 877 2509 ad
916 2469 1066 2508 insulas
1099 2469 1296 2520 quasdam
1331 2474 1471 2507 contra
1509 2466 1734 2507 Australiae
1769 2474 1924 2519 partem
1963 2468 2316 2519 septentrionalem

279 2532 442 2586 positas,
482 2532 739 2573 scientiarum
777 2531 926 2571 finibus
968 2530 1230 2582 proferendis,
1271 2531 1541 2582 exploratores
1584 2542 1678 2569 suos
1720 2528 1909 2580 auspiciis
1947 2529 2110 2581 optimis
2148 2530 2315 2571 misisse.

282 2595 419 2636 Primo
437 2595 602 2648 quidem
623 2609 672 2636 ex
691 2594 831 2635 itinere
852 2594 1045 2646 quicquid
1065 2595 1118 2634 de
1137 2593 1360 2633 incolarum
1379 2592 1524 2644 linguis
1544 2592 1647 2633 inter
1666 2606 1709 2632 se
1722 2591 1887 2633 diversis
1907 2594 1988 2633 dux
2001 2593 2088 2645 ipse
2103 2595 2317 2646 collegerat

281 2661 534 2711 domumque
553 2658 785 2705 rettulerat⁶,
807 2671 928 2698 nemo
948 2659 1027 2697 hoc
1047 2657 1131 2697 viro
1150 2656 1282 2709 potuit
1302 2655 1445 2696 melius
1465 2655 1724 2708 interpretari,
1748 2656 1818 2708 qui
1837 2656 1993 2708 linguas
2011 2657 2054 2697 in
2079 2657 2220 2698 insulis
2239 2658 2316 2698 illis

281 2721 401 2775 (quas
430 2735 653 2774 numquam
681 2719 851 2772 viderat)
880 2719 1056 2767 usitatas,
1088 2719 1278 2760 scientiae
1306 2732 1443 2758 amore
1474 2719 1651 2770 ingenuo
1684 2726 1837 2771 captus,
1868 2718 1938 2759 diu
1968 2719 2081 2760 domi
2109 2719 2315 2761 didicerat.

281 2783 409 2824 Alteri
428 2791 564 2824 autem
583 2783 715 2824 itineri
734 2782 868 2823 socius
887 2782 973 2839 ipse
992 2782 1165 2831 additus,
1180 2795 1230 2822 ex
1247 2781 1387 2821 insulis
1406 2780 1484 2821 illis
1504 2780 1746 2833 philologiae
1761 2781 1890 2833 spolia
1905 2782 2076 2834 plurima
2091 2783 2316 2834 reportavit,

283 2859 388 2898 quae
406 2845 448 2886 in
468 2859 589 2898 opere
609 2846 786 2898 quodam
802 2844 1013 2894 immenso,
1036 2858 1058 2885 e
1078 2845 1191 2897 prelo
1211 2851 1351 2884 nostro
1371 2857 1500 2896 nuper
1519 2843 1560 2883 in
1580 2844 1713 2883 lucem
1734 2843 1856 2891 edito,
1870 2844 1965 2884 licet
1980 2844 2098 2884 nobis
2117 2845 2316 2887 admirari.

285 2911 347 2950 Ea
365 2923 459 2950 vero
478 2909 626 2957 omnia,
648 2923 752 2961 quae
771 2922 893 2960 opere
912 2908 954 2948 in
974 2915 1088 2948 tanto
1108 2915 1169 2947 tot
1192 2907 1418 2959 linguarum
1443 2907 1494 2947 de
1517 2906 1737 2958 philologia
1763 2907 2035 2959 comparativa
2056 2907 2109 2948 ab
2132 2909 2211 2948 hoc
2235 2907 2319 2949 viro

283 2972 486 3025 disputata
508 2980 613 3023 sunt,
635 2986 719 3013 non
743 2980 925 3013 nostrum
949 2979 1009 3012 est
1035 2971 1158 3012 hodie
1185 2984 1320 3012 coram
1347 2970 1462 3011 vobis
1488 2971 1613 3011 fusius
1637 2969 1843 3023 explicare.
1905 2972 2042 3012 Placet
2067 2971 2212 3024 potius,
2234 2972 2319 3013 viro

371 3089 384 3111 ¹
407 3091 575 3123 Auleitun
611 3100 676 3122 zur
689 3090 916 3131 Darstellung
927 3089 1142 3131 organischer
1157 3089 1355 3130 Prdparate.
1524 3085 1539 3107 ²
1561 3087 1636 3120 The
1650 3086 1772 3120 fiftieth
1787 3087 2002 3130 anniversary
2018 3087 2056 3120 os
2069 3088 2320 3132 Livingstone's

284 3134 411 3169 Senate
428 3135 547 3167 House
634 3139 706 3167 ture
721 3133 761 3166 of
771 3147 792 3175 4
809 3134 894 3166 Dec.
916 3134 1010 3174 1857.
1119 3132 1134 3152 ³
1156 3132 1359 3165 Pembroke.
1478 3130 1493 3152 ⁴
1513 3131 1646 3174 George
1664 3131 1778 3164 Evans
1795 3131 1924 3170 Moule,
1944 3132 2052 3170 D.D.‚
2067 3143 2125 3165 no.
2142 3142 2183 3175 35
2199 3139 2314 3177 supra.

284 3177 299 3198 ⁸
324 3178 472 3215 Horace,
493 3179 608 3212 Carm.
627 3178 638 3210 i
658 3188 708 3215 12,
726 3187 765 3219 55
780 3178 802 3209 f.
936 3176 951 3197 Β
973 3177 1015 3210 Α.
1036 3176 1076 3210 C.
1095 3176 1259 3216 Haddon,
1278 3176 1312 3209 in
1332 3177 1426 3219 1889.

1270 3260 1344 3287 211
2079 3258 2207 3296 27-2
