2704 3770
1029 342 1214 394 Frank
1248 343 1513 399 McClean.

251 500 381 534 vestra
409 492 451 533 in
481 494 702 534 Academia
730 499 790 533 tot
819 491 1043 533 studiorum
1072 489 1282 530 varietates
1311 502 1395 529 non
1425 489 1504 528 iam
1535 501 1715 529 seorsum
1745 496 1949 540 separatae
1979 498 2178 539 maneant,
2209 491 2281 531 sed

250 555 374 597 artius
396 555 500 597 inter
521 570 609 598 sese
631 555 872 597 coniunctae
894 556 1003 596 velut
1026 566 1172 606 corpus
1194 552 1236 592 in
1261 565 1387 592 unum
1411 553 1649 600 coalescant,
1672 558 1808 602 utque,
1830 559 2004 591 vestrum
2033 552 2214 592 omnium
2241 560 2281 593 et

251 618 403 671 patriae
425 619 550 672 ipsius
571 621 626 661 ad
644 632 904 660 communem
925 617 1150 667 utilitatem,
1171 615 1296 656 libera
1315 616 1357 655 in
1377 613 1583 666 republica
1602 613 1853 655 Universitas
1870 613 1986 654 vobis
2006 627 2139 654 revera
2157 615 2282 655 libera

251 681 547 723 constituatur¹.
606 683 643 723 E
665 681 795 735 poetis
818 680 965 722 nostris
991 693 1108 730 unus,
1129 678 1199 731 qui
1223 678 1326 719 inter
1348 678 1459 717 lacus
1480 683 1720 728 montesque
1740 675 1843 716 vitae
1863 689 1959 716 suae
1978 676 2279 716 tabernaculum

250 743 397 796 posuit,
418 744 517 786 dixit
543 744 640 786 olim
663 745 706 785 in
731 758 862 785 rerum
887 751 1028 784 natura
1053 744 1154 784 duas
1178 755 1267 783 esse
1289 754 1421 788 voces,
1447 740 1566 781 maris
1589 754 1724 789 unam,
1750 740 1916 780 alteram
1942 739 2166 788 montium;
2195 754 2282 780 esse

249 813 462 859 utramque
489 808 729 859 gloriosam3
757 808 798 847 in
828 814 996 859 utraque
1025 818 1074 846 ex
1102 805 1263 845 saeculo
1286 803 1328 843 in
1355 804 1558 844 saeculum
1583 804 1779 843 exsultare
1806 801 2081 842 Libertatem².
2140 803 2283 842 Vestra

249 868 367 922 igitur
386 870 619 920 Academia,
640 884 757 923 quae,
773 870 814 910 in
835 871 938 911 colle
957 867 1220 910 saluberrimo
1239 866 1415 914 condita,
1437 874 1549 919 parte
1568 880 1616 907 ex
1635 866 1757 906 altera
1777 878 1897 913 mare,
1915 878 1963 904 ex
1981 866 2104 905 altera
2123 873 2282 905 montes

249 932 452 984 prospicit,
483 932 636 973 utinam
665 933 826 985 regione
857 946 906 973 ex
935 939 1103 983 utraque
1133 931 1317 970 fortunae
1342 930 1497 969 futurae
1527 929 1635 969 velut
1661 941 1782 968 omen
1810 926 1991 979 accipiat,
2023 934 2063 967 et
2090 926 2283 966 libertatis

248 993 439 1046 pristinae
456 994 611 1047 legibus
631 995 736 1035 bene
755 1001 1001 1046 temperatae
1020 993 1137 1033 sedes
1157 999 1197 1032 et
1215 993 1370 1043 asylum
1386 991 1508 1031 etiam
1523 990 1564 1030 in
1580 997 1784 1043 posterum
1802 991 1894 1029 fiat!
1952 988 2063 1029 Nihil
2079 997 2213 1030 autem
2229 991 2281 1030 de

248 1063 382 1096 vestro
412 1055 558 1096 artium
591 1056 815 1097 liberalium
850 1054 1188 1106 scientiarumque
1217 1053 1354 1106 generi
1391 1055 1571 1093 humano
1602 1052 1833 1093 salutarium
1871 1051 2078 1092 domicilio
2108 1052 2282 1091 nuntiari

246 1117 366 1159 nobis
383 1118 627 1170 auspicatius
641 1125 786 1170 potest,
804 1131 926 1170 quam
941 1118 994 1158 de
1012 1117 1195 1157 libertate
1214 1124 1345 1156 vestra
1362 1123 1538 1156 vestrum
1558 1115 1741 1155 omnium
1762 1128 1887 1167 spem,
1905 1122 2079 1155 vestrum
2099 1114 2281 1154 omnium

245 1187 351 1229 vota,
370 1179 559 1233 auspiciis
579 1179 743 1233 optimis
762 1181 816 1220 ad
835 1179 986 1220 exitum
1006 1179 1165 1220 felicem
1185 1192 1272 1219 esse
1292 1179 1497 1230 perducta.
1557 1179 1710 1219 Valete.

353 1252 512 1292 Datum
536 1252 818 1303 Cantabrzssgiae

463 1321 500 1347 a.
522 1309 558 1346 d.
581 1320 632 1346 xv
650 1307 745 1346 Kal.
771 1308 848 1346 Iul,

572 1362 624 1400 A.
646 1362 689 1401 S.
713 1360 945 1401 uncccxc3.

934 1488 1270 1531 FRANclsco
1308 1489 1582 1530 ΜοΟΙ-ΕΑΝ

555 1555 596 1596 S.
619 1556 666 1595 P.
690 1557 746 1595 D.
777 1555 1115 1595 Procancellarius
1142 1555 1386 1605 reliquusque
1415 1554 1584 1594 Senatus
1617 1553 1959 1604 Cantabrzgriensis.

353 1636 470 1690 (543)
510 1638 630 1688 QUID
668 1637 884 1678 iucundius
923 1636 1169 1677 Academiae
1206 1643 1340 1688 potest
1378 1638 1622 1688 contingere,
1662 1649 1783 1688 quarn
1822 1638 2077 1677 alumnorum
2117 1650 2280 1677 suorum

243 1698 481 1741 liberalitate
517 1700 726 1741 adiuvari?
794 1699 907 1750 Quid
940 1699 1082 1739 iustius
1119 1698 1292 1739 invicem
1332 1706 1531 1750 praestare
1569 1699 1778 1747 debemus,
1819 1711 1941 1750 quam
1980 1698 2280 1740 munificentiae

243 1763 489 1804 documenta
516 1763 698 1816 insignia,
720 1763 901 1804 animum
929 1771 1084 1816 gratum
1115 1762 1312 1811 testantia,
1334 1762 1471 1803 animo
1500 1775 1583 1802 non
1613 1762 1746 1802 minus
1770 1769 1883 1814 grato
1910 1762 2117 1814 accipere?
2174 1765 2278 1804 Rem

243 1833 351 1866 certe
376 1825 496 1866 nobis
522 1834 746 1879 pergratam
772 1826 912 1874 fecisti,
938 1825 997 1865 vir
1021 1824 1308 1874 liberalissime,
1335 1826 1447 1876 quod
1475 1824 1745 1865 astronomiae
1768 1823 1982 1876 praecipue
2010 1825 2152 1865 studiis
2177 1825 2281 1866 inter

242 1895 403 1928 nosmet
433 1887 542 1940 ipsos
573 1888 757 1929 fovendis
787 1895 942 1929 tantam
972 1887 1169 1940 pecuniae
1201 1900 1399 1927 summam
1431 1887 1472 1926 in
1501 1894 1740 1939 perpetuum
1771 1887 1978 1927 dedicasti.
2037 1888 2131 1938 Qua
2163 1887 2205 1928 in
2238 1902 2280 1929 re

241 1951 355 2003 quod
373 1952 426 1992 de
444 1950 652 1992 beneficiis
672 1951 771 1992 dixit
791 1952 956 2000 Seneca,
974 1950 1017 1991 id
1031 1950 1073 1990 in
1089 1958 1129 1990 te
1143 1950 1376 2002 praesertim
1391 1964 1529 1991 verum
1546 1964 1634 1991 esse
1649 1957 1807 1991 constat
1819 1965 1831 2000 5
1861 1964 2008 2003 nempe
2022 1950 2064 1990 in
2080 1951 2279 1992 beneficio

241 2013 574 2055 iucundissimam
593 2028 682 2056 esse
701 2015 913 2056 tribuentis
934 2015 1229 2064 voluntatem⁴3
1257 2013 1408 2055 etenim
1428 2014 1469 2054 in
1490 2022 1577 2055 toto
1596 2014 1760 2066 negotio
1775 2027 1897 2054 nemo
1913 2015 2141 2063 faciliorem,
2157 2029 2278 2056 nemo

241 2076 517 2130 benigniorem
556 2090 644 2118 sese
685 2077 877 2130 praebere
919 2076 1062 2129 potuit.
1120 2079 1254 2129 Auget
1297 2090 1392 2118 vero
1434 2078 1683 2128 voluptatem
1725 2083 1905 2116 nostram
1947 2078 2069 2128 quod,
2114 2090 2194 2128 qua
2236 2092 2278 2118 es

240 2139 451 2190 modestia,
481 2154 564 2181 non
595 2148 666 2182 tuo
696 2140 821 2193 ipsius
853 2141 926 2182 sed
960 2140 1148 2181 Newtoni
1179 2140 1304 2181 nostri
1335 2154 1430 2181 cum
1453 2141 1619 2182 nomine
1645 2140 1892 2181 liberalitatis
1920 2148 2013 2181 tuae
2043 2141 2278 2181 memoriam

239 2203 472 2245 consociare
491 2204 663 2245 voluisti.
723 2205 819 2256 Quo
839 2204 1004 2257 quidem
1025 2204 1126 2245 nihil
1145 2204 1277 2256 potuit
1296 2205 1563 2257 opportunius
1583 2205 1777 2247 accidere.
1835 2207 2002 2246 Annum
2024 2205 2132 2246 enirn
2151 2207 2204 2246 ab
2228 2219 2277 2246 eo

239 2266 574 2315 ducentesimum,
605 2280 687 2318 quo
718 2267 1003 2319 Philosophiae
1033 2267 1235 2307 Naturalis
1265 2267 1466 2319 Principia
1496 2267 1787 2308 Mathematica
1814 2267 1856 2308 in
1885 2269 2018 2308 lucem
2048 2269 2142 2308 data
2171 2276 2274 2317 sunt,

237 2341 262 2368 a
300 2328 484 2380 Collegio
522 2328 708 2377 maximo,
746 2329 860 2369 cuius
897 2330 1084 2370 alumnus
1123 2329 1318 2377 exstitisti,
1354 2331 1464 2370 haud
1503 2329 1558 2370 ita
1595 2329 1751 2381 pridem
1786 2331 2031 2371 celebratum
2065 2330 2239 2370 vidimus
2248 2330 2274 2372 ⁶.

240 2391 448 2442 Quamdiu
471 2392 589 2444 igitur
613 2393 802 2433 Newtoni
826 2392 868 2432 in
889 2393 1113 2433 Academia
1135 2392 1407 2433 astronomiae
1426 2393 1594 2433 scientia
1613 2393 1831 2433 iuventutis
1850 2394 2122 2434 Academicae
2145 2394 2278 2434 studia

237 2455 445 2505 accendet,
463 2455 762 2496 munificentiae
777 2463 869 2496 tuae
887 2456 1090 2505 memoria,
1108 2470 1202 2496 cum
1222 2464 1335 2496 tanto
1355 2457 1522 2497 nomine
1535 2457 1764 2507 coniuncta,
1779 2465 1980 2509 superstes
1995 2458 2110 2498 vivet.
2160 2459 2273 2498 Vale.

348 2527 560 2566 Dabamus
577 2540 597 2566 e
617 2527 806 2567 Senaculo

458 2596 494 2621 a.
517 2582 553 2620 d.
576 2582 615 2621 iv
633 2582 734 2620 Idus
751 2582 935 2621 Martias

566 2638 618 2675 A.
642 2637 682 2676 S.
705 2637 954 2676 mncccxcst

327 2725 340 2747 ²
363 2727 497 2770 During
518 2727 576 2760 the
600 2727 849 2770 Sexcentenary
872 2727 1019 2761 Festival
1047 2727 1125 2762 ‘the
1141 2728 1296 2762 Minister
1312 2729 1351 2762 of
1370 2729 1559 2762 Education
1577 2730 1649 2763 said
1666 2730 1738 2763 that
1755 2730 1813 2763 the
1829 2731 2058 2764 Government
2076 2732 2270 2775 recognised

240 2770 298 2805 the
317 2770 438 2814 justice
460 2770 500 2804 of
517 2770 574 2804 the
596 2771 706 2804 desire
728 2772 905 2815 expressed
929 2772 974 2814 by
998 2772 1217 2815 Montpellier
1240 2773 1306 2805 and
1329 2773 1386 2806 the
1409 2773 1506 2806 other
1530 2779 1626 2816 great
1652 2774 1794 2808 Schools
1821 2781 1856 2808 to
1882 2786 2012 2808 resume
2036 2776 2092 2809 the
2116 2787 2214 2809 name
2237 2777 2277 2810 of

241 2815 437 2859 University
449 2815 516 2848 and
532 2815 590 2848 the
605 2815 785 2879 privilege?
801 2816 1199 2893 ffs'IS'OCiassd'thereWitixh,
1217 2816 1270 2858 (T
1264 2818 1304 2850 he
1326 2818 1359 2850 T
1354 2818 1444 2868 inlus,
1459 2819 1604 2894 ¹‘’14hMay
1625 2820 1718 2862 1890,
1737 2830 1770 2862 p.
1790 2818 1834 2862 7).

859 2871 910 2892 wo
966 2870 1055 2893 oices
1078 2871 1134 2892 are
1196 2871 1252 2893 ere
1260 2872 1269 2899 ;
1297 2871 1361 2894 one
1385 2872 1413 2894 is
1436 2872 1457 2894 o
1493 2868 1505 2894 t
1531 2873 1550 2895 e
1571 2872 1639 2900 sea,

823 2903 900 2936 One
922 2903 962 2936 of
979 2903 1036 2936 the
1059 2905 1267 2942 mountains;
1292 2905 1375 2938 each
1398 2916 1419 2938 a
1441 2906 1571 2948 mighty
1595 2906 1718 2939 Voice:

819 2947 862 2980 In
884 2947 968 2980 both
990 2947 1077 2980 from
1101 2959 1164 2991 age
1187 2954 1224 2981 to
1247 2959 1312 2991 age
1335 2949 1417 2982 thou
1440 2950 1530 2982 didst
1555 2950 1686 2992 rejoice,

823 2991 922 3033 They
944 3001 1031 3024 were
1053 2992 1114 3034 thy
1136 2993 1261 3025 chosen
1283 2993 1400 3030 music,
1426 2993 1566 3036 Liberty
1579 2994 1600 3026 '.
1763 2994 2063 3033 Wonnswowru,
2086 2998 2179 3029 1802.

237 3031 254 3054 ⁸
274 3033 332 3067 On
349 3033 431 3076 May
447 3044 487 3066 ἠ
504 3033 562 3066 the
578 3034 687 3067 Graee
704 3045 771 3067 was
785 3035 906 3077 passed
922 3035 1121 3078 appointing
1134 3036 1191 3068 Mr
1206 3036 1331 3079 Sedley
1346 3037 1471 3079 Taylor
1487 3042 1522 3070 to
1538 3044 1707 3080 represent
1723 3038 1780 3070 the
1794 3039 1988 3081 University
2002 3045 2036 3071 at
2051 3040 2269 3082 Montpellier

241 3076 300 3120 (on
322 3076 403 3120 May
427 3076 581 3120 ἰα-25),
600 3078 660 3110 but
676 3078 701 3111 it
718 3088 786 3110 was
802 3084 860 3111 not
877 3079 961 3111 until
977 3079 1060 3112 after
1076 3079 1149 3112 that
1165 3081 1242 3113 date
1263 3080 1334 3113 that
1355 3081 1413 3113 the
1434 3081 1557 3114 Orator
1578 3093 1647 3114 was
1668 3083 1845 3125 requested
1862 3088 1897 3115 to
1918 3093 2058 3126 prepare
2080 3083 2138 3116 the
2160 3084 2269 3117 above

239 3121 398 3154 Address.
619 3121 633 3142 ¹
656 3121 795 3162 Seneca,
814 3122 869 3155 De
880 3122 1066 3165 Benefia'zk,
1088 3131 1117 3156 11
1134 3124 1145 3156 i
1164 3134 1194 3156 2.
1415 3123 1429 3145 ⁶
1455 3136 1494 3169 19
1510 3125 1608 3168 April
1629 3127 1724 3159 1888.
1923 3126 1938 3147 ⁶
1962 3126 2079 3160 Letter
2093 3127 2133 3160 of
2144 3127 2268 3161 thanks

238 3170 275 3198 to
291 3165 347 3198 Mr
364 3165 477 3197 Frank
496 3165 673 3205 Meclean,
695 3166 806 3205 M.A.,
826 3166 958 3209 Trinity
973 3165 1126 3209 College,
1144 3167 1195 3200 for
1215 3168 1268 3200 his
1282 3168 1345 3211 gift
1368 3168 1405 3201 of
1424 3168 1582 3211 ss¹²s500
1605 3170 1655 3202 sor
1678 3170 1735 3202 the
1758 3169 1922 3213 founding
1944 3170 1983 3203 of
2002 3171 2098 3204 Isaac
2122 3172 2269 3205 Newton

240 3208 479 3252 Studentships
494 3209 529 3242 in
545 3209 754 3252 Astronomy
768 3210 834 3242 and
854 3210 1006 3252 Physieal
1022 3211 1151 3254 Optics.

1220 3282 1297 3320 243
2024 3284 2155 3322 31—2
