2704 3770
575 313 626 361 T
618 313 678 362 lze
711 313 1087 378 Plzz'losoplzz‘cal
1114 314 1300 379 Socz'ety
1334 314 1397 378 of
1419 314 1473 361 A
1480 313 1673 362 marica.
1756 313 2042 378 Unz'versz'ty
2075 313 2140 377 of
2162 313 2216 361 A
2222 313 2435 363 berdeen.

672 473 854 514 Soa'etati
876 473 1164 523 Philosoplzicae
1192 473 1446 513 Americanae
1474 474 1514 512 S.
1545 474 1592 512 P.
1623 473 1680 511 D.
1718 473 1959 512 Universitas
1993 472 2329 524 Cantabrigienszk.

611 554 727 609 (574)
757 558 856 595 REM
877 555 994 596 nobis
1013 563 1233 607 pergratam
1253 555 1409 604 fecistis,
1431 555 1501 594 viri
1521 554 1731 594 nobiscum
1751 562 1790 594 et
1809 554 1962 606 generis
1986 562 2025 595 et
2044 554 2201 606 linguae
2224 562 2263 595 et
2286 554 2508 596 studiorum

502 617 778 658 communium
804 616 971 656 vinculis
994 616 1320 665 coniunctissimi,
1343 617 1453 668 quod
1479 629 1606 655 annos
1632 617 1827 656 ducentos
1855 615 2084 656 Conditoris
2109 616 2227 656 vestri
2248 629 2273 656 a
2297 616 2363 657 die
2386 617 2508 658 natali

504 695 630 733 nuper
661 680 826 721 feliciter
859 687 1017 720 exactos
1049 679 1281 732 propediem
1315 678 1559 726 celebraturi,
1592 678 1695 718 feriis
1723 678 1860 718 vestris
1889 678 2155 718 saecularibus
2186 678 2305 719 etiam
2332 686 2509 720 nostram

504 743 814 786 Universitatem
846 743 1035 784 interesse
1067 743 1256 782 voluistis.
1314 742 1520 782 Societatis
1554 741 1662 782 enim
1695 749 1846 781 vestrae
1884 741 2080 782 Conditor
2115 741 2181 781 ille
2217 741 2392 794 insignis,
2426 755 2510 783 non

503 808 627 847 modo
647 805 887 857 reipublicae
906 812 1057 845 vestrae
1078 804 1271 844 maximae
1291 804 1392 844 inter
1411 804 1515 843 cives
1536 803 1728 843 maximos
1748 811 1830 843 erat
1850 810 2089 851 numeratus,
2111 805 2183 843 sed
2201 803 2321 844 etiam
2339 804 2511 845 universi

502 869 656 921 generis
681 868 847 908 humani
872 881 1007 908 amore
1033 881 1191 907 summo
1216 866 1448 918 praeditus¹.
1507 868 1556 906 In
1582 866 1751 918 publicis
1776 874 1910 906 autem
1934 866 2051 906 rebus
2074 866 2143 906 diu
2166 874 2351 916 versatus,
2371 867 2511 919 populi

505 932 638 985 magni
657 932 819 972 vixdum
839 931 1038 971 nascentis
1058 933 1209 982 legatus
1229 937 1311 969 erat
1330 929 1431 969 inter
1451 937 1603 969 exteros
1623 928 1932 980 acceptissimus.
1991 928 2272 980 Philosophiae
2287 941 2380 970 vero
2393 928 2509 979 illius,

504 1009 607 1047 quae
639 996 692 1035 ad
724 995 827 1035 vitae
861 994 1085 1034 cotidianae
1117 994 1332 1033 commoda
1364 992 1592 1044 praesertim
1623 999 1785 1043 spectat,
1816 991 2007 1043 imprimis
2041 991 2252 1041 studiosus,
2281 1005 2352 1043 per
2383 1005 2511 1033 annos

503 1056 695 1108 plurimos
723 1070 746 1097 e
773 1057 884 1108 prelo
913 1069 985 1095 suo
1012 1062 1109 1107 quot
1135 1054 1267 1103 libros,
1289 1062 1438 1106 quanta
1459 1054 1580 1094 animi
1605 1053 1827 1105 prudentia,
1847 1060 1998 1104 quanto
2021 1053 2304 1093 sententiarum
2326 1053 2511 1095 acumine

505 1119 725 1168 instinctos,
760 1119 905 1159 civium
939 1133 1100 1159 suorum
1133 1118 1174 1158 in
1208 1117 1504 1157 multitudinem
1538 1117 1774 1156 immensam
1801 1115 1952 1156 emisit!
2011 1117 2138 1163 Idem,
2168 1115 2356 1156 scientiae
2384 1129 2511 1158 novae

504 1183 610 1222 velut
642 1195 765 1234 augur
797 1189 836 1222 et
867 1181 1125 1233 praenuntius
1158 1180 1372 1232 perspicax,
1408 1179 1488 1219 vim
1518 1179 1742 1219 electricam
1775 1179 1894 1219 etiam
1932 1178 2101 1218 nubium
2138 1180 2290 1230 fulgura
2325 1192 2511 1231 generare

504 1243 654 1296 primus
692 1243 872 1283 omniurn
910 1242 1195 1294 comprobavit,
1235 1242 1403 1293 ipsoque
1441 1242 1552 1281 caelo
1590 1242 1739 1280 fulmen
1781 1238 1953 1292 eripuit¹.
2012 1241 2108 1280 Non
2153 1240 2351 1281 immerito
2395 1240 2513 1293 igitur

505 1305 712 1346 Societatis
732 1313 882 1346 vestrae
902 1313 1068 1357 patrona
1087 1312 1147 1345 est
1168 1305 1350 1344 Minerva
1369 1304 1466 1355 ipsa,
1486 1317 1569 1344 non
1592 1303 1671 1343 iam
1696 1303 1789 1343 belli
1811 1317 1968 1354 praeses
1994 1305 2066 1343 sed
2088 1303 2340 1344 scientiarum
2364 1304 2509 1356 regina,

504 1380 625 1418 quam
658 1374 788 1407 vestro
821 1366 863 1406 in
896 1366 1023 1418 sigillo
1056 1366 1155 1406 caeli
1187 1366 1228 1405 in
1262 1365 1436 1405 nubibus
1469 1365 1571 1405 inter
1604 1365 1702 1404 lueis
1735 1364 1866 1404 radios
1895 1366 2033 1404 sedere
2060 1364 2267 1405 cernimus.
2327 1367 2431 1418 Ergo
2457 1367 2512 1408 ad

504 1427 754 1476 Societatem,
777 1428 951 1468 numinis
977 1435 1058 1467 tam
1085 1427 1246 1479 benigni
1272 1426 1492 1478 patrocinio
1521 1428 1737 1474 defensam,
1759 1427 2026 1477 professorum
2052 1433 2276 1466 nostrorum
2299 1440 2348 1467 ex
2372 1427 2512 1469 ordine

503 1491 675 1541 legatum
695 1489 888 1541 imprimis
907 1489 1099 1530 idoneum
1119 1489 1323 1538 mittimus,
1346 1488 1414 1540 qui
1434 1489 1542 1528 festis
1561 1489 1636 1528 illis
1655 1488 1797 1529 diebus
1817 1488 2046 1529 Conditoris
2059 1489 2175 1528 vestri
2190 1491 2414 1541 sepulcrum
2428 1505 2511 1532 non

504 1553 590 1592 sine
622 1552 839 1592 reverentia
872 1552 1023 1601 inviset,
1057 1552 1264 1592 Societatis
1297 1559 1448 1592 vestrae
1480 1552 1722 1591 incunabula
1754 1565 1837 1591 non
1870 1551 1955 1592 sine
1987 1552 2133 1604 gaudio
2165 1553 2510 1605 contemplabitur,

504 1614 612 1654 urbis
645 1622 797 1655 vestrae
830 1629 901 1666 per
933 1615 1025 1663 vias,
1058 1622 1117 1655 tot
1150 1616 1336 1655 arborum
1371 1615 1606 1655 silvestrium
1635 1615 1866 1655 nominibus
1893 1615 2057 1656 feliciter
2085 1615 2272 1665 ornatas⁸,
2300 1618 2352 1657 ad
2379 1618 2511 1658 aulam

504 1683 674 1715 vestram
694 1676 932 1728 hospitalem
955 1676 1124 1716 libenter
1142 1676 1313 1724 incedet,
1335 1676 1375 1716 in
1399 1676 1484 1728 ipsa
1510 1677 1684 1728 denique
1709 1676 1854 1716 amoris
1879 1677 2038 1717 fraterni
2063 1679 2158 1718 sede
2182 1678 2285 1718 bene
2307 1678 2513 1720 nominata

505 1746 684 1778 nostrum
704 1739 885 1779 omnium
904 1739 946 1778 in
965 1753 1036 1779 vos
1056 1753 1196 1779 omnes
1215 1739 1395 1779 animum
1415 1740 1630 1779 fraternum
1649 1738 1896 1780 declarabit⁴.
1954 1741 2106 1780 Valete.

613 1820 769 1858 Datum
796 1820 1073 1869 Cantabrtgiae

720 1874 911 1912 Kalendis
929 1874 1098 1912 Martiis

828 1928 880 1967 A.
903 1928 945 1967 S.
968 1928 1153 1966 MCMV105.

796 2071 1054 2111 Universitati
1079 2073 1345 2111 Aberdonensi
1371 2074 1410 2112 S.
1442 2075 1490 2111 P.
1520 2075 1577 2112 D.
1614 2075 1857 2114 Um’versz'tas
1890 2076 2223 2126 Cantabrzgriensis.

615 2153 728 2207 (575)
776 2155 906 2204 QUOD
943 2167 1070 2194 annos
1108 2154 1419 2206 quadringentos
1460 2156 1512 2195 ab
1550 2156 1700 2207 origine
1737 2165 1865 2197 vestra
1901 2158 2065 2198 feliciter
2101 2166 2260 2199 exactos
2296 2168 2513 2202 auctumno

506 2215 687 2268 proximo
715 2215 808 2255 estis
837 2215 1081 2264 celebraturi,
1110 2217 1162 2255 de
1190 2229 1231 2256 re
1260 2223 1341 2255 tam
1370 2219 1474 2257 laeta
1501 2218 1614 2260 vobis
1643 2218 1840 2266 omnibus,
1868 2219 1939 2258 viri
1966 2219 2083 2260 nobis
2111 2220 2437 2271 coniunctissimi,
2465 2237 2514 2264 ex

505 2278 641 2318 animo
659 2279 910 2330 gratulamur.
970 2278 1142 2318 Habetis
1165 2279 1332 2330 patriam
1356 2280 1561 2321 doctrinae
1585 2295 1720 2321 amore
1744 2281 1964 2334 insignem3
1993 2283 2148 2323 habetis
2173 2284 2292 2325 etiam
2315 2286 2516 2327 Universi-

505 2347 628 2380 tatem
647 2339 862 2391 antiquam,
883 2339 924 2379 in
944 2341 1088 2379 eodem
1107 2353 1243 2380 amore
1267 2341 1393 2392 patria
1415 2341 1501 2393 ipsa
1520 2342 1802 2394 dignissimam.
1864 2345 1979 2384 Iuvat
2004 2347 2167 2386 annales
2192 2354 2341 2387 vestros
2363 2355 2514 2390 veteres

506 2403 686 2442 evolvere
693 2416 705 2451 ;
724 2402 831 2442 iuvat
843 2402 987 2441 mentis
1000 2404 1139 2442 saltem
1152 2403 1277 2443 oculis
1290 2404 1397 2443 urbis
1410 2413 1560 2445 vestrae
1573 2406 1759 2457 antiquae
1772 2407 1873 2446 inter
1884 2421 2022 2448 amnes
2035 2410 2136 2448 duos
2149 2410 2366 2451 collocatae
2377 2413 2515 2452 sedem

507 2463 712 2515 pristinam
737 2463 944 2503 arboribus
967 2463 1163 2503 consitam
1186 2466 1458 2516 contemplari,
1480 2466 1549 2506 ubi
1573 2468 1741 2519 Collegii
1761 2468 1921 2519 Regalis
1940 2469 2054 2509 turris
2072 2471 2346 2521 pulcherrima,
2367 2486 2516 2514 corona

506 2527 611 2578 regia
633 2526 773 2575 cincta,
795 2534 902 2566 trans
928 2527 1069 2566 oceani
1092 2529 1235 2567 fluctus
1262 2529 1387 2568 solem
1414 2529 1608 2570 orientem
1634 2531 1850 2582 prospicit⁶.
1911 2534 2025 2571 Iuvat
2045 2533 2213 2585 Collegii
2230 2534 2334 2574 illius
2359 2535 2400 2575 in
2426 2536 2513 2588 ipso

507 2590 653 2629 sacello
678 2588 798 2628 etiam
825 2590 1004 2639 sepulcra
1029 2589 1149 2638 adire,
1172 2603 1254 2628 non
1281 2592 1405 2630 modo
1429 2591 1645 2632 conditoris
1671 2592 1798 2640 vestri,
1820 2592 1890 2632 viri
1913 2593 2064 2644 optimi,
2086 2596 2157 2635 sed
2180 2595 2299 2635 etiam
2323 2597 2514 2648 praesidis

506 2650 623 2691 vestri
641 2650 768 2702 primi,
791 2651 979 2691 Hectoris
1001 2651 1170 2699 Boethii,
1190 2653 1344 2692 Erasmi
1359 2654 1633 2706 condiscipuli,
1653 2655 1809 2695 Livium
1824 2656 1954 2707 ipsum
1970 2657 2010 2696 in
2031 2657 2184 2709 scriptis
2199 2658 2279 2698 suis
2293 2660 2510 2701 aemulati⁷.

508 2715 623 2753 Iuvat
645 2714 686 2753 in
714 2714 812 2754 urbe
837 2727 940 2754 nova
969 2714 1193 2766 Collegium
1219 2723 1391 2755 vestrum
1418 2718 1584 2756 alterum
1610 2731 1733 2768 prope
1757 2725 1917 2758 centum
1940 2719 2054 2758 annis
2076 2727 2215 2771 postea
2233 2721 2452 2772 conditum,
2474 2730 2514 2764 et

594 2819 607 2842 ¹
631 2821 806 2864 Benjamin
822 2822 994 2854 Franklin.
1227 2821 1242 2842 ²
1264 2823 1410 2865 Eripuit
1423 2824 1662 2866 caelo‘fulmen,
1680 2836 1724 2858 an
1739 2826 1882 2859 allusion
1897 2831 1933 2859 to
1948 2827 2005 2860 the
2021 2827 2191 2861 invention
2208 2829 2247 2861 of
2261 2830 2319 2862 the
2333 2830 2513 2875 lightning-

509 2864 694 2897 conductor
708 2865 742 2897 in
758 2865 915 2907 Turgot's
931 2865 1125 2907 inscription
1140 2866 1192 2897 for
1209 2866 1387 2898 Houdon's
1403 2867 1478 2899 bust
1494 2867 1533 2899 of
1545 2868 1573 2899 F
1575 2869 1719 2901 ranklin.
1840 2869 1854 2890 ³
1876 2870 1950 2902 The
1965 2876 2082 2903 streets
2097 2873 2136 2904 of
2147 2872 2392 2916 Philadelphia,
2409 2874 2443 2907 in
2458 2875 2515 2908 the

505 2907 670 2949 language
682 2908 721 2940 of
732 2909 968 2950 Longfellow’s
979 2909 1194 2950 Evangeline‚
1212 2910 1296 2941 ‘still
1313 2909 1432 2942 reecho
1448 2910 1505 2943 the
1520 2921 1634 2943 names
1650 2912 1688 2943 of
1700 2912 1756 2944 the
1771 2917 1857 2945 trees
1872 2913 1910 2945 of
1923 2914 1978 2946 the
1990 2914 2092 2947 forest
2102 2914 2345 2956 ',—Chestnut,
2361 2917 2511 2956 Waluut,

507 2950 644 2992 Spruce,
661 2951 728 2983 and
744 2951 826 2983 Pine
842 2952 979 2989 Streets,
996 2957 1059 2984 etc.
1208 2951 1222 2972 ⁴
1247 2953 1416 2985 Professor
1432 2953 1486 2986 Sir
1501 2954 1632 2996 George
1649 2956 1800 2987 Howard
1818 2957 1966 2989 Darwin.
2111 2958 2126 2978 ¹⁵
2148 2959 2190 2990 In
2206 2959 2263 2992 the
2278 2960 2392 3003 spring
2406 2961 2445 2993 of
2455 2961 2513 2994 the

507 2994 660 3035 previous
677 3005 755 3036 year
776 2995 832 3027 the
855 2995 964 3027 writer
982 2995 1021 3027 of
1038 2995 1103 3027 this
1123 2995 1237 3028 Letter
1251 2995 1319 3027 had
1335 2996 1392 3028 the
1407 2997 1593 3039 advantage
1609 2998 1647 3029 of
1667 2999 1802 3041 visiting
1817 3000 1862 3031 all
1878 3000 1934 3032 the
1950 3001 2111 3033 Franklin
2127 3002 2206 3034 sites
2221 3003 2260 3035 of
2279 3003 2512 3047 Philadelphia

507 3037 612 3069 under
632 3037 688 3070 the
708 3038 870 3080 guidance
891 3039 929 3070 of
949 3037 1018 3078 (the
1039 3038 1117 3079 late)
1135 3039 1305 3071 Professor
1324 3040 1443 3071 Albert
1461 3041 1507 3072 H.
1528 3041 1658 3082 Smyth,
1678 3043 1735 3074 the
1752 3043 1951 3085 biographer
1967 3044 2006 3076 of
2024 3045 2185 3078 Franklin
2201 3047 2267 3078 and
2284 3046 2340 3079 the
2354 3047 2463 3079 editor
2477 3048 2513 3080 of

506 3080 558 3112 his
574 3080 695 3113 works.
837 3080 851 3100 ⁶
873 3082 946 3113 The
962 3081 1092 3124 Chapel
1107 3082 1145 3113 of
1164 3082 1283 3124 King's
1299 3083 1437 3124 College
1454 3084 1614 3122 (founded
1638 3086 1745 3128 1494),
1763 3086 1842 3118 with
1865 3087 1906 3119 its
1922 3088 2063 3120 massive
2080 3093 2184 3120 tower
2199 3090 2414 3122 surmounted
2429 3091 2474 3133 by
2488 3101 2510 3124 a

505 3123 597 3165 royal
612 3134 734 3157 crown.
867 3123 881 3143 ⁷
905 3125 1137 3157 Monumental
1154 3126 1242 3157 slabs
1258 3125 1292 3158 in
1309 3137 1458 3168 memory
1473 3127 1511 3159 of
1523 3128 1575 3170 Bp
1592 3128 1816 3170 Elphinstone
1832 3131 1899 3162 and
1916 3131 2046 3163 Hector
2062 3132 2182 3164 Boece.

1477 3201 1555 3247 264
