2704 3770
881 318 1072 383 George
1106 318 1340 367 Mursell
1371 318 1586 368 Garrett

218 477 452 517 magnarum
478 477 527 505 ex
551 462 744 515 angustiis
770 464 943 515 pestium
969 464 1156 503 cohortes
1179 462 1399 512 exturbare,
1422 470 1462 502 et
1488 462 1668 502 divinum
1697 462 1797 502 illud
1826 462 2003 502 edictum
2037 474 2131 502 rm·
2160 475 2243 503 va

215 539 439 580 pauperum
454 527 509 567 vin
537 526 714 568 tenebris
741 527 835 567 licet
863 525 1131 578 pronuntiare.
1191 525 1257 566 Sic
1286 539 1444 578 semper
1475 527 1602 565 ‘salus
1631 525 1771 577 populi
1800 539 1987 576 suprema
2014 527 2077 565 lex
2104 527 2242 566 est0’1.

325 589 442 631 Talia
459 590 576 643 igitur
594 591 647 630 ab
666 591 746 630 hoc
761 589 844 630 viro
863 589 966 630 intra
985 589 1212 642 proximum
1233 588 1556 641 quinquennium
1576 588 1618 628 in
1638 590 1788 629 Senatu
1808 587 1876 628 illo
1895 589 2047 640 perlata
2061 596 2165 637 sunt,
2180 589 2246 629 cui

216 653 348 708 priore
366 653 645 707 quinquennio
665 654 819 707 magnis
842 653 918 693 illis
945 652 1118 694 comitiis
1143 652 1508 692 Lancastriensium
1536 665 1699 692 suorum
1726 650 1919 703 suffragiis
1945 651 2124 692 redditus
2150 659 2244 702 erat,

217 717 294 769 ipsi
325 715 546 757 ‘Achilli'’
575 729 660 756 non
691 716 842 768 ‘impar
868 728 1105 768 congressus
1118 715 1156 755 '⁸.
1215 716 1356 767 Nuper
1385 722 1533 764 autem,
1564 715 1676 766 quod
1709 712 1947 754 meministis
1979 726 2133 763 omnes,
2163 720 2248 754 tota

219 778 426 819 Britannia
443 778 548 819 inter
565 791 707 831 pacem
731 786 772 819 et
799 779 948 819 bellum
975 791 1180 830 suspensa,
1203 777 1335 818 eidem
1362 777 1447 817 viro
1470 776 1664 817 acerrimo
1689 784 1811 827 atque
1837 775 2167 828 eloquentissimo
2192 776 2247 816 ita

217 840 426 894 respondit
445 848 489 881 ut
506 841 597 893 plus
613 854 735 892 quam
756 840 837 880 suis
857 840 1035 893 partibus
1055 853 1202 880 novam
1223 839 1413 880 fiduciam
1433 840 1610 880 adderet.
1666 840 1715 878 In
1736 840 1884 879 Senatu
1906 837 2138 878 Britannico
2158 838 2247 890 quis

217 904 549 958 percontantibus
582 905 834 957 promptior?
871 904 972 956 quis,
1003 911 1047 944 ut
1075 903 1322 944 Academice
1347 904 1500 955 loquar,
1533 903 1607 943 ‘ad
1636 902 1965 954 respondendum
1999 901 2247 954 quaestioni’

217 967 420 1020 paratior?
476 967 601 1017 Quod
620 968 673 1007 ad
692 967 820 1019 ipsam
840 967 1016 1019 denique
1037 966 1300 1007 Academiam
1321 966 1477 1015 attinet,
1492 978 1575 1005 non
1595 965 1754 1005 silentio
1773 964 2171 1017 praetermittendum
2187 972 2248 1005 est

202 1031 328 1071 ‘hunc
364 1030 492 1070 virum
530 1029 634 1070 inter
670 1029 820 1081 primos
858 1029 954 1082 legis
994 1029 1097 1070 illius
1135 1031 1304 1070 latorem
1342 1028 1474 1078 fuisse,
1511 1042 1591 1081 qua
1629 1036 1788 1068 nostrae
1821 1026 2067 1069 Academiae
2105 1027 2247 1068 melius

217 1093 468 1135 ordinandae
496 1093 724 1145 septemviri
752 1093 895 1146 optimi
923 1107 1053 1146 nuper
1080 1092 1289 1134 constituti
1317 1101 1421 1133 sunt.

329 1157 412 1209 Qui
431 1164 604 1198 cum-tot
625 1158 780 1209 legibus
799 1157 965 1198 feliciter
984 1156 1158 1198 ferendis
1178 1163 1318 1197 auctor
1343 1155 1471 1206 fuerit,
1493 1155 1576 1196 iure
1600 1156 1755 1207 optimo
1776 1156 1930 1208 Legum
1952 1157 2106 1196 Doctor
2125 1155 2248 1197 hodie

217 1220 428 1262 creabitur.
474 1219 672 1260 Academi
692 1221 733 1259 in
754 1219 870 1260 silvas
890 1219 1014 1260 hodie
1036 1233 1247 1271 regressus,
1270 1233 1379 1260 nunc
1402 1219 1547 1259 iterum
1573 1218 1615 1258 in
1640 1217 1898 1273 Cantabrigia
1921 1232 1993 1259 sua
2017 1232 2104 1259 sese
2128 1219 2248 1259 sentit

217 1297 307 1325 esse
325 1283 448 1325 domi.
507 1283 636 1324 Vobis
655 1291 802 1334 autem,
824 1284 989 1324 iuvenes
1013 1283 1260 1332 Academici,
1283 1297 1374 1335 spes
1400 1282 1550 1335 patriae
1574 1290 1614 1323 et
1641 1281 1886 1323 Academiae
1912 1289 2072 1323 nostrae
2097 1295 2247 1322 novum

217 1346 524 1396 incrementum,
547 1348 680 1387 Mater
698 1346 765 1387 illa
784 1348 915 1394 Alma,
936 1359 1040 1398 quae
1060 1359 1366 1398 nonnumquam
1387 1345 1477 1386 filiis
1497 1346 1578 1386 suis

630 1419 851 1472 ‘inspicere
880 1428 1087 1472 tamquam
1115 1419 1158 1459 in
1187 1421 1395 1472 speculum
1425 1419 1467 1458 in
1495 1418 1595 1459 vitas
1624 1418 1806 1459 omnium

653 1474 765 1515 iubet
793 1483 914 1527 atque
943 1489 992 1515 ex
1019 1474 1105 1514 aliis
1135 1487 1292 1514 sumere
1321 1475 1548 1526 exemplum
1579 1473 1656 1514 sibi
1673 1474 1712 1523 '⁴,

219 1549 363 1589 eadem
382 1547 506 1588 hodie
530 1549 738 1588 alumnum
766 1561 895 1597 suum,
917 1548 1152 1600 integritatis
1178 1548 1431 1599 incorruptae
1455 1555 1494 1588 et
1521 1546 1750 1599 diligentiae
1776 1546 2012 1596 indefessae,
2034 1547 2184 1600 patriae
2206 1547 2248 1587 in

218 1624 338 1652 usum
367 1611 589 1659 dedicatae,
619 1611 734 1663 quasi
762 1611 1030 1652 domesticum
1059 1612 1112 1651 ad
1135 1610 1377 1651 imitandum
1406 1609 1596 1662 proponit
1624 1611 1836 1662 exemplar,
1867 1609 1999 1662 Regni
2028 1610 2249 1651 Britannici

219 1672 448 1726 provinciae
467 1673 715 1714 domesticae
734 1673 969 1726 praesidem,
993 1675 1263 1712 R1CHARDUM
1285 1675 1516 1713 Assnmon
1538 1674 1686 1712 Cnoss.

1034 1848 1090 1880 21
1131 1832 1264 1881 Nov.
1310 1833 1435 1894 1878

328 1949 417 2004 (17)
454 1952 612 1991 Ani-nu
642 1951 837 1992 musicam
866 1965 960 1992 cum
989 1951 1127 1992 divino
1150 1951 1382 2005 praesertim
1409 1952 1519 1991 cultu
1545 1949 1831 1999 consociatam,
1857 1957 1969 1991 tanta
1992 1951 2250 1994 veneratione

219 2014 408 2057 colebant
427 2015 708 2065 Athenienses,
730 2023 774 2056 ut
799 2015 1021 2069 antiquitus
1047 2023 1153 2056 certe
1174 2016 1249 2069 (uti
1274 2015 1371 2056 dicit
1400 2015 1635 2068 disciplinae
1661 2015 1932 2056 Academicae
1957 2023 2097 2056 auctor
2118 2016 2184 2058 ille
2210 2025 2250 2058 et

218 2077 407 2131 princeps
445 2078 579 2130 Plato)
613 2079 805 2118 festorum
844 2078 1001 2119 dierum
1035 2078 1233 2119 sollennia
1265 2080 1384 2118 nullis
1417 2079 1659 2119 clamoribus
1697 2078 1855 2131 ineptis,
1891 2079 2000 2118 nulla
2037 2079 2250 2130 pastoricia

220 2140 364 2190 fistula,
385 2139 608 2181 violarent⁵.
669 2142 719 2181 In
738 2149 874 2182 nostra
894 2141 1012 2193 igitur
1031 2140 1254 2182 Academia
1274 2148 1592 2182 consentaneum
1618 2148 1678 2182 est
1705 2141 1855 2181 maiore
1881 2141 2000 2181 solito
2027 2141 2186 2183 silentio
2210 2150 2250 2184 et

220 2203 440 2245 reverentia
459 2203 512 2243 ab
531 2203 721 2244 omnibus
741 2204 811 2256 qui
836 2206 985 2245 adsunt
1010 2204 1135 2244 virum
1163 2206 1272 2244 hunc
1292 2204 1415 2245 hodie
1436 2205 1576 2256 excipi,
1599 2205 1713 2245 cuius
1739 2205 1902 2257 ingenio
1928 2205 2090 2246 musicis
2118 2206 2249 2247 modis

220 2265 360 2306 donati
385 2267 518 2306 cultus
544 2266 668 2306 divini
694 2267 792 2307 ritus
816 2269 1018 2308 sollennes
1045 2267 1086 2307 in
1112 2267 1247 2307 multis
1272 2267 1502 2308 Britanniae
1528 2268 1707 2320 partibus
1728 2268 1988 2308 celebrantur.
2050 2269 2249 2319 Quotiens

221 2329 331 2369 hunc
367 2327 496 2368 virum
540 2328 582 2368 in
626 2330 873 2370 Academiae
911 2332 1062 2382 templo
1101 2330 1277 2370 carmina
1315 2344 1427 2370 sacra
1464 2338 1547 2371 arte
1585 2330 1730 2371 eximia
1767 2343 1918 2382 organo
1956 2332 2067 2383 quod
2105 2331 2251 2372 dicitur

222 2391 500 2431 modulantem
519 2391 746 2432 audivimus
761 2407 772 2442 ;
801 2391 986 2444 quotiens
1006 2392 1046 2432 in
1069 2392 1252 2445 Collegio
1271 2405 1434 2444 quoque
1448 2392 1506 2432 illi
1525 2394 1723 2445 Apostolo
1743 2401 1988 2442 consecrato,
2007 2394 2076 2446 qui
2096 2394 2192 2435 olim
2207 2395 2249 2436 in

222 2454 386 2506 Aegaeo
406 2453 506 2494 mari
525 2454 629 2494 inter
646 2468 840 2507 aquarum
868 2457 987 2507 longe
1011 2456 1241 2496 sonantium
1268 2457 1579 2506 multitudinem,
1602 2457 1705 2497 inter
1729 2457 1908 2509 ingentia
1933 2458 2120 2508 tonitrua,
2141 2459 2250 2512 ipsos

222 2517 456 2569 angelorum
483 2518 628 2558 choros
651 2525 691 2558 et
714 2518 948 2559 caelestium
977 2521 1148 2570 lyrarum
1173 2527 1416 2560 concentum
1444 2521 1656 2561 exaudivit.
1716 2522 1837 2572 Quali
1859 2529 1969 2562 tactu
1994 2522 2250 2564 admirabiles

222 2577 313 2619 illos
339 2579 559 2619 fistularum
585 2579 785 2620 vocalium
813 2594 935 2620 sonos
961 2581 1079 2630 elicit,
1100 2581 1156 2621 ita
1184 2589 1320 2621 tamen
1346 2590 1390 2622 ut
1419 2582 1522 2622 inter
1547 2583 1778 2623 canentium
1806 2597 1924 2624 voces
1947 2598 2031 2624 non
2057 2586 2135 2624 iam
2164 2587 2250 2638 ipse

222 2653 386 2693 regnare
418 2649 459 2682 et
492 2642 702 2690 dominari,
734 2644 806 2683 sed
839 2643 988 2683 sensim
1024 2645 1171 2684 ducere
1204 2643 1290 2684 illas
1324 2651 1364 2684 et
1397 2644 1579 2684 comitari
1612 2645 1746 2697 potius
1778 2645 1969 2686 videatur.
2031 2648 2148 2699 Ergo,
2180 2650 2249 2700 qui

221 2702 391 2744 aliorum
426 2717 544 2745 voces
577 2705 725 2746 totiens
754 2718 847 2745 cum
877 2707 1081 2757 voluptate
1111 2705 1240 2746 audiri
1269 2719 1409 2758 passus
1438 2714 1508 2754 est,
1540 2708 1649 2746 hunc
1683 2706 1815 2759 ipsum
1849 2707 1890 2747 in
1921 2709 2090 2749 Senatus
2124 2712 2249 2751 nostri

221 2767 398 2808 consiliis
423 2775 506 2809 tam
530 2769 599 2809 diu
626 2770 798 2810 tacuisse
825 2768 989 2809 minime
1013 2769 1206 2822 congruit.
1267 2771 1411 2822 Itaque
1434 2784 1482 2810 ex
1508 2772 1587 2810 hoc
1613 2769 1690 2819 die,
1720 2778 1856 2810 nostra
1884 2770 2044 2812 civitate
2071 2780 2246 2824 ornatus,

221 2844 306 2871 non
325 2830 405 2872 iam
425 2832 578 2884 oppido
597 2840 753 2872 tantum
775 2832 1096 2885 Cantabrigiensi
1115 2834 1187 2873 sed
1208 2833 1284 2885 ipsi
1300 2847 1462 2885 quoque
1482 2834 1728 2874 Academiae
1749 2835 1960 2875 consilium
1976 2837 2071 2877 dare
2090 2837 2246 2889 poterit,

220 2891 345 2946 idque
364 2907 447 2934 non
467 2894 546 2934 iam
566 2894 695 2935 tacitis
715 2895 933 2935 litterarum
955 2895 1228 2935 monumentis
1244 2897 1479 2936 mandatum
1501 2898 1572 2936 sed
1588 2896 1675 2936 viva
1690 2896 1757 2937 illa
1771 2911 1871 2938 voce
1886 2911 2127 2950 expressum,
2146 2912 2249 2952 quae

223 2968 306 2996 non
326 2957 451 2996 modo
470 2956 512 2996 in
532 2956 685 2997 musica
705 2958 777 2997 sed
797 2957 840 2997 in
858 2957 945 2997 aliis
971 2971 1135 3010 quoque
1158 2959 1277 2998 rebus
1305 2958 1448 2998 mirum
1474 2966 1670 3010 quantum
1695 2961 1810 2999 valet.
1870 2960 1966 3010 Quo
1990 2960 2156 3013 quidem
2182 2961 2248 3002 die

222 3017 292 3059 tali
328 3019 473 3060 honori
505 3019 700 3071 aptiorem
735 3022 891 3060 nullum
925 3034 1013 3061 esse
1049 3022 1242 3072 arbitror,
1287 3021 1439 3062 scilicet
1476 3024 1556 3062 hoc
1593 3022 1681 3075 ipso
1718 3022 1815 3063 anni
1851 3023 1918 3064 die
1955 3023 2249 3065 immortalibus

397 3113 410 3134 ¹
433 3115 563 3153 Cicero,
581 3117 633 3148 De
647 3116 800 3158 Legibus,
819 3117 854 3149 iii
870 3119 900 3151 8.
1112 3115 1127 3137 ²
1150 3118 1207 3150 W.
1226 3118 1266 3150 E.
1284 3117 1482 3151 Gladstone.
1691 3116 1706 3139 ⁸
1727 3118 1848 3162 virgil,
1866 3121 1951 3153 Aen.
1970 3120 1979 3153 i
1995 3129 2072 3163 475.

397 3157 412 3178 ⁴
434 3159 596 3200 Terence,
614 3161 681 3193 Ad.
701 3170 776 3202 415.
1113 3160 1127 3181 ⁶
1152 3162 1277 3195 Plato's
1292 3162 1405 3202 Laws,
1426 3173 1458 3205 p.
1480 3170 1587 3205 3250.

1211 3248 1259 3287 13
