2704 3770
563 338 672 403 sos.
709 337 909 401 Hodges
947 336 1140 385 Choate.
1216 335 1362 384 Lord
1390 335 1554 382 Rosse.
1640 332 1866 381 Wz‘lliam
1906 331 2061 380 Court
2097 330 2262 394 Gully.

417 481 528 532 quod
561 493 688 532 nuper
718 479 876 520 Africae
908 479 1102 520 Australis
1132 478 1173 519 in
1202 479 1308 519 bello
1337 476 1567 518 Britanniae
1594 488 1756 517 causam
1787 474 1932 516 iustam
1961 487 2048 515 esse
2077 471 2356 526 pronuntiavit,
2388 478 2430 513 et

417 541 663 582 coloniarum
692 549 914 582 nostrarum
943 542 1064 582 fidem
1093 546 1133 581 et
1160 540 1434 580 fortitudinem
1461 537 1675 590 praeconio
1704 537 1905 589 praeclaro
1933 542 1993 576 est
2020 534 2282 589 prosecutus¹.

528 603 674 644 Merito
701 603 817 655 igitur
843 602 986 655 gratias
1014 602 1209 643 habemus
1237 600 1427 641 maximas
1455 598 1742 640 Scandinaviae
1770 597 1851 650 regi
1878 597 2033 650 insigni,
2054 604 2095 638 et
2117 595 2246 648 regiae
2270 601 2429 636 nostrae

419 667 563 708 domus
583 673 622 707 et
642 666 869 707 Britanniae
888 666 1011 707 totius
1029 673 1069 706 et
1089 663 1244 716 imperii
1264 662 1481 703 Britannici
1499 661 1641 703 amico.

1233 870 1286 903 12
1315 853 1457 920 June
1500 867 1626 913 1900

526 974 640 1027 (326)
661 975 951 1015 RE1PUBL10AE
974 973 1168 1014 maximae
1194 971 1477 1013 transmarinae
1499 971 1552 1011 ad
1579 968 1824 1010 Britanniam
1847 968 2021 1019 legatum
2048 965 2208 1007 vinculo
2236 979 2319 1008 non
2346 979 2431 1008 uno

418 1037 629 1078 nobiscum
649 1035 923 1077 consociatum
943 1049 1030 1077 esse
1049 1042 1214 1076 constat.
1272 1036 1460 1086 Aequore
1486 1032 1688 1073 Atlantico
1710 1029 1945 1082 interposito
1967 1028 2146 1081 separati,
2168 1036 2274 1069 stant
2296 1028 2430 1071 utrim-

419 1114 498 1153 que
525 1101 608 1141 duo
634 1098 772 1150 populi
801 1098 972 1148 maximi,
1000 1098 1225 1139 communis
1252 1097 1418 1150 generis,
1443 1095 1668 1137 communis
1695 1094 1864 1146 linguae,
1895 1092 2170 1135 communium
2198 1092 2427 1141 litterarum,

418 1161 694 1203 communium
722 1175 851 1202 rerum
879 1161 1096 1213 antiquitus
1123 1168 1322 1213 gestarum
1350 1159 1517 1200 vinculis
1547 1159 1649 1199 inter
1677 1170 1764 1198 sese
1792 1156 2006 1198 coniuncti.
2065 1157 2175 1196 Dum
2205 1155 2309 1197 bella
2335 1168 2429 1197 cum

418 1224 504 1264 aliis
523 1224 574 1264 ab
593 1225 780 1263 alterutro
799 1230 996 1274 geruntur,
1019 1223 1093 1263 etsi
1118 1224 1269 1275 populo
1298 1221 1410 1262 alteri
1437 1235 1460 1261 a
1488 1228 1599 1275 parte
1631 1227 1768 1260 neutra
1797 1226 1900 1259 stare
1929 1225 1989 1258 est
2015 1217 2275 1270 propositum,
2296 1224 2430 1258 tamen

418 1289 568 1338 populo
593 1286 634 1325 in
657 1293 826 1336 utroque
850 1284 996 1325 summi
1022 1292 1128 1326 certe
1154 1284 1225 1325 viri
1243 1284 1363 1324 tacita
1387 1284 1561 1335 quadam
1587 1281 1865 1323 benevolentia
1887 1280 1989 1321 inter
2012 1293 2098 1321 sese
2123 1279 2429 1332 coniunguntur.

420 1351 530 1390 Inter
548 1348 651 1388 viros
670 1360 848 1388 summos
868 1347 936 1399 qui
951 1347 992 1387 in
1010 1349 1205 1400 populum
1224 1360 1341 1387 suum
1361 1347 1483 1387 fidem
1498 1346 1736 1397 singularem
1755 1357 1846 1384 curn
1863 1342 2142 1384 benevolentia
2159 1343 2201 1383 in
2217 1343 2430 1385 Britannos

418 1411 675 1462 coniungunt,
707 1411 841 1449 locum
871 1408 1067 1461 insignem
1097 1409 1251 1449 obtinet
1284 1408 1524 1460 reipublicae
1556 1407 1660 1447 illius
1693 1406 1887 1449 maximae
1919 1408 2082 1458 legatus,
2115 1405 2171 1445 vir
2202 1405 2304 1446 inter
2335 1418 2430 1448 suos

417 1473 458 1513 in
489 1474 571 1514 iure
594 1472 699 1513 civili
730 1473 950 1512 admodum
978 1472 1138 1524 peritus,
1168 1472 1210 1513 in
1237 1471 1387 1512 artibus
1416 1470 1603 1511 omnibus
1631 1483 1735 1522 quae
1762 1469 1940 1511 iudicum
1967 1469 2123 1509 animos
2151 1467 2362 1509 conciliare
2389 1474 2431 1509 et

417 1548 669 1575 commovere
688 1541 855 1585 possunt
874 1533 1178 1580 sollertissimus,
1194 1533 1251 1573 vir
1269 1532 1444 1584 denique
1459 1546 1542 1572 non
1557 1532 1659 1572 inter
1673 1545 1767 1572 suos
1781 1538 1948 1580 tantum,
1965 1532 2037 1571 sed
2052 1530 2172 1571 etiam
2186 1529 2431 1584 ubicumque

417 1597 551 1649 lingua
569 1604 704 1637 nostra
722 1595 947 1636 communis
967 1604 1187 1648 usurpatur,
1207 1596 1248 1635 in
1268 1595 1379 1636 omni
1398 1595 1623 1635 orationum
1642 1607 1786 1646 genere
1805 1593 2048 1634 existimatus
2067 1592 2426 1645 eloquentissimus

418 1660 631 1699 Laetamur
650 1658 818 1710 Collegii
838 1658 1103 1699 Harvardiani
1122 1660 1329 1698 alumnum
1349 1665 1431 1697 tam
1451 1657 1646 1709 insignem
1667 1656 1769 1696 Iuris
1794 1657 2012 1696 Doctorem
2035 1655 2087 1695 ab
2106 1668 2156 1695 eo
2175 1654 2427 1707 potissimum

417 1720 718 1773 pronuntiatum
738 1720 793 1768 iri,
815 1720 884 1771 qui
905 1720 1103 1761 Harvardi
1122 1720 1245 1772 ipsius
1264 1719 1446 1772 Collegio
1464 1727 1524 1759 est
1543 1719 1820 1771 praepositus2.

528 1786 647 1824 Duco
665 1783 718 1823 ad
737 1796 807 1823 vos
827 1782 953 1823 virum
973 1783 1261 1832 honorabilem,
1278 1784 1452 1835 legatum
1465 1782 1783 1831 illustrissimum,
1799 1783 2021 1822 IosspnuM
2040 1782 2220 1821 HoncEs
2234 1781 2425 1822 Cnoxrz.

526 1887 641 1942 (327)
670 1887 850 1939 Assurgit
872 1888 1073 1940 proximus
1097 1888 1375 1930 Universitatis
1403 1888 1663 1929 Dublinensis
1686 1888 1967 1938 Cancellarius,
1988 1888 2101 1928 cuius
2120 1895 2243 1940 pater,
2265 1900 2429 1928 munere

418 1953 562 1993 eodem
582 1959 743 1992 ornatus
762 1959 883 2002 atque
901 1951 1021 1992 etiam
1042 1951 1192 2003 Regiae
1210 1950 1397 1992 Societati
1417 1950 1676 2003 praepositus,
1694 1951 1891 1992 Hibernia
1909 1951 1950 1991 in
1970 1951 2103 1992 media
2121 1951 2428 1991 instrumentum

418 2014 557 2067 ingens
594 2013 715 2054 stellis
753 2013 1010 2054 observandis
1047 2013 1143 2054 olim
1180 2013 1439 2062 construxit³;
1482 2013 1594 2054 cuius
1633 2015 1684 2054 de
1721 2015 1837 2055 fratre
1873 2022 2018 2063 autem,
2054 2014 2164 2054 navis
2201 2012 2428 2053 celerrimae

418 2076 623 2116 inventore
649 2074 930 2123 sollertissimo,
952 2075 1139 2115 omnibus
1161 2083 1303 2115 notum
1328 2082 1399 2124 est,
1424 2078 1527 2126 ‘quo
1546 2075 1704 2115 turbine
1723 2082 1905 2127 torqueat
1918 2075 1927 2093 '
1945 2075 2103 2116 undas⁴.
2163 2076 2256 2127 Ipse
2280 2076 2427 2115 famam

418 2137 520 2177 inter
548 2136 694 2188 peritos
727 2137 896 2187 adeptus
929 2143 998 2184 est,
1034 2150 1116 2176 non
1150 2137 1274 2177 modo
1306 2137 1358 2176 de
1390 2138 1508 2176 lunae
1541 2137 1673 2177 calore
1705 2136 1887 2176 subtilius
1921 2137 2170 2189 inquirendo,
2203 2137 2275 2176 sed
2306 2135 2426 2176 etiam

419 2200 619 2238 stellarum
656 2197 813 2237 nebulis
849 2196 1121 2238 remotissimis
1152 2197 1211 2249 (ut
1249 2197 1527 2249 Aristophanis
1558 2211 1584 2237 a
1621 2197 1827 2237 Nubibus⁵
1863 2197 2151 2250 aliquantulum
2188 2198 2430 2250 mutuemur)

417 2258 558 2310 ὄμματι
575 2258 802 2310 τηλεσκόπῳ
820 2258 1088 2299 observandis.
1149 2259 1321 2299 Habetis
1340 2261 1540 2311 exemplar
1558 2260 1702 2299 domus
1721 2261 1944 2310 praeclarae
1963 2267 2003 2300 et
2021 2259 2273 2299 scientiarum
2291 2272 2428 2300 amore

419 2322 669 2374 conspicuae,
699 2321 812 2362 cuius
842 2329 961 2372 caput
993 2321 1194 2374 dignitatis
1220 2321 1486 2363 Academicae
1519 2322 1633 2362 heres
1666 2320 1920 2373 dignissimus
1953 2322 2110 2363 exstitit.
2167 2321 2249 2372 Qui
2279 2321 2428 2363 abhinc

417 2397 546 2424 annos
571 2391 664 2424 octo
688 2382 965 2424 Universitatis
991 2397 1086 2424 suae
1111 2383 1213 2424 inter
1238 2383 1352 2424 ferias
1378 2384 1598 2424 saeculares
1621 2390 1681 2423 tot
1703 2384 1875 2425 honores
1897 2384 1938 2424 in
1963 2384 2062 2425 alios
2087 2383 2284 2433 contulit⁸,
2306 2384 2428 2426 hodie

418 2447 583 2486 fortasse
608 2446 725 2486 nobis
752 2445 943 2498 ignoscet,
972 2447 1084 2498 quod
1112 2448 1242 2487 honos
1267 2446 1342 2498 ipsi
1370 2446 1466 2487 olim
1495 2445 1655 2487 debitus
1683 2454 1896 2499 praecepto
1923 2447 1979 2488 illi
2009 2447 2233 2488 Horatiano
2260 2447 2427 2488 nimium

417 2509 593 2561 paruisse
612 2510 718 2550 visus
738 2517 797 2550 est
812 2513 890 2551 z-—‘
902 2523 1055 2551 nonum
1075 2518 1276 2562 prematur
1294 2510 1336 2550 in
1355 2524 1506 2550 annum
1520 2510 1557 2548 ’⁷.

528 2574 646 2613 Duco
674 2573 727 2613 ad
755 2586 825 2613 vos
853 2572 979 2613 virum
1006 2574 1227 2614 admodum
1256 2572 1542 2621 honorabilem,
1574 2573 1866 2613 LAUREN‘rruM
1901 2575 2105 2622 PARsoua
2137 2574 2341 2615 Courrssu
2370 2584 2428 2613 nr:

421 2636 568 2675 Rossss.

526 2744 640 2797 (328)
673 2746 872 2788 Senaculo
905 2752 1042 2786 nostro
1071 2745 1192 2788 hodie
1224 2746 1425 2789 redditum
1458 2747 1674 2787 salutamus
1704 2747 1911 2787 alumnum
1942 2754 2132 2795 nostrum,
2163 2746 2272 2799 regni
2304 2746 2427 2789 totius

418 2808 653 2847 Senatorum
690 2807 874 2858 suffragio
911 2809 1127 2849 electorum
1165 2809 1244 2849 iam
1281 2823 1351 2861 per
1388 2808 1707 2861 quinquennium
1743 2809 1966 2860 praesidem
2004 2809 2292 2861 dignissimum,
2325 2809 2427 2853 inter

504 2894 516 2915 ¹
539 2898 548 2914 ⁸
563 2896 580 2928 1
597 2907 650 2928 am
668 2897 808 2938 entirely
824 2908 867 2929 on
883 2897 940 2929 the
957 2898 1078 2930 British
1100 2898 1171 2931 side
1189 2898 1223 2931 in
1243 2898 1308 2930 this
1328 2909 1397 2930 war
1415 2899 1449 2930 in
1470 2896 1577 2930 South
1599 2896 1722 2929 Africa.
1737 2898 1925 2940 ...Already
1943 2909 2008 2940 you
2030 2909 2086 2931 are
2105 2898 2235 2940 finding
2251 2909 2317 2931 one
2335 2898 2425 2940 good

417 2938 512 2981 thing
535 2939 606 2971 that
629 2940 689 2972 has
711 2951 835 2982 sprung
857 2941 941 2972 from
961 2941 1055 2973 those
1078 2952 1156 2984 very
1179 2952 1335 2981 reverses,
1361 2942 1469 2974 which
1492 2950 1578 2972 were
1600 2940 1780 2972 inevitable
1803 2942 1944 2974 because
1966 2952 2031 2984 you
2054 2953 2141 2974 were
2164 2941 2344 2983 inevitably
2365 2952 2423 2974 un-

417 2983 591 3032 prepared3
636 2983 725 3015 That
740 2984 830 3025 good
846 2984 940 3026 thing
955 2984 983 3016 is
998 2985 1055 3016 the
1071 2985 1283 3026 magnificent
1303 2989 1441 3027 support
1457 2983 1523 3016 and
1539 2983 1596 3015 the
1611 2983 1765 3025 splendid
1781 2984 1923 3047 fighting
1937 2985 1976 3017 os
1992 2995 2075 3027 your
2091 2985 2247 3018 Colonies
2258 2984 2277 3016 '.
2323 2985 2422 3017 From

417 3035 459 3056 an
475 3032 645 3058 interview
662 3026 741 3058 with
756 3027 812 3058 the
830 3027 922 3068 King
937 3027 974 3059 of
994 3028 1136 3060 Sweden
1151 3028 1218 3060 and
1235 3028 1380 3070 Norway
1396 3028 1430 3060 in
1446 3028 1502 3060 the
1518 3027 1624 3067 Daily
1641 3027 1796 3068 Express.
1942 3028 2017 3060 The
2034 3029 2161 3061 Master
2174 3028 2212 3060 of
2225 3027 2424 3060 Emmanuel

417 3068 484 3107 (W.
503 3068 678 3119 Chaw-ner,
699 3070 811 3111 M.A.)
828 3081 895 3102 was
910 3070 990 3102 then
1007 3071 1315 3104 Vice-Chancellor.
1468 3069 1483 3091 ⁸
1505 3070 1579 3102 The
1596 3070 1701 3102 Rosse
1716 3070 1882 3114 telescope
1897 3076 1932 3103 at
1948 3071 2020 3103 Birr
2037 3071 2159 3110 Castle,
2179 3071 2422 3109 Parsonstown,

416 3111 604 3153 completed
619 3123 653 3143 m
675 3114 765 3153 1845.
969 3112 982 3132 ⁴²
1003 3114 1122 3165 Virgil,
1139 3115 1223 3147 Aen.
1245 3114 1276 3147 xi
1294 3116 1367 3156 284,
1387 3125 1442 3147 no.
1461 3115 1525 3156 478
1542 3112 1648 3155 infra.
1816 3113 1829 3134 ⁶
1851 3115 1873 3147 1.
1892 3125 1966 3158 ‘²90-
2120 3113 2135 3135 ⁶
2157 3115 2205 3147 At
2221 3114 2278 3147 the
2293 3113 2422 3147 Dublin

416 3153 671 3197 Tercentenary,
696 3156 786 3198 1892.
933 3155 947 3178 ⁷
969 3158 1039 3191 Ars
1053 3158 1191 3195 Poe'tzca‚
1209 3158 1283 3200 388.

1385 3231 1461 3273 15⁴
