2704 3770
696 300 882 349 Robert
914 298 1209 364 Brownz‘ng.
1288 299 1518 348 William
1555 301 1746 350 stubbs.

211 445 384 490 Hunni
410 447 583 495 Helena,
608 445 780 487 Homeri
803 445 1015 494 Nausicaa,
1038 444 1226 497 Aeschyli
1252 446 1581 497 Clytaemnestra,
1604 446 1815 498 Sophoclis
1842 448 2012 496 Electra,
2035 448 2239 501 Euripidis

210 507 394 558 Aloestis,
424 515 485 549 tot
514 507 754 549 feminarum
787 507 1034 549 immortales
1064 504 1227 556 formae,
1259 507 1378 548 huius
1407 507 1569 560 ingenio
1603 522 1708 549 nova
1738 508 2035 550 immortalitate
2065 511 2239 552 donatae

209 577 315 613 sunt.
373 571 520 623 Neque
547 583 642 610 vero
665 577 748 610 arte
775 583 855 610 una
881 564 1109 618 contentus,
1129 569 1341 621 sculptoris
1370 583 1533 622 quoque
1561 570 1696 623 magni
1724 571 1887 611 laudem
1916 573 2138 612 aemulatus
2167 581 2238 623 est,

210 647 353 676 omna
371 641 476 675 artes
495 647 600 686 quae
618 635 671 674 ad
691 634 932 675 imitandum
951 633 1195 686 pertinerent
1209 633 1371 674 vinculo
1386 635 1565 685 quodam
1585 633 1688 674 inter
1702 647 1790 674 sese
1805 633 2001 674 contineri
2015 635 2235 676 arbitratus.

211 696 296 748 Qui
313 696 431 750 igitur
449 695 564 749 quasi
583 697 753 737 alterum
772 696 1005 749 Apollinem
1024 710 1118 737 curn
1137 697 1263 737 altero
1284 697 1468 747 Pythone
1487 697 1761 737 decertantem
1780 704 1865 737 arte
1891 696 2054 748 Lysippi
2078 710 2127 737 ex
2150 711 2239 738 aere

210 759 372 810 effinxit,
410 759 635 813 Apollinari
672 761 806 801 laurea
843 774 935 801 vere
973 760 1119 812 dignus
1157 767 1218 801 est
1230 774 1241 810 ;
1289 759 1359 812 qui
1397 762 1615 801 laureatam
1663 760 1864 812 Apollinis
1901 774 2094 813 pompam
2136 774 2239 812 quae

212 821 460 874 δαφνηφορία
478 822 719 872 nominatur,
741 823 849 863 velut
867 824 969 863 alter
987 824 1162 875 Apelles,
1183 822 1389 874 pingendo
1409 822 1612 874 expressit,
1635 830 1813 863 nostram
1833 824 2000 863 fortasse
2022 824 2239 864 laureolam

210 897 295 926 non
312 884 601 939 aspernabitur.
660 886 780 925 Duco
799 886 852 926 ad
871 899 943 926 vos
958 885 1153 938 pictorem
1173 885 1375 934 eximium,
1394 886 1638 937 sculptorem
1658 885 1871 938 egregium,
1889 885 2057 936 militem
2077 899 2240 937 quoque

210 954 430 999 strenuum,
451 956 651 990 oratorem
670 948 848 1001 denique
867 949 1079 1002 optimum,
1103 950 1393 989 FREDERmuM
1414 950 1656 989 Lmorrron,

321 1062 410 1118 (20)
449 1065 574 1116 Quod
593 1069 714 1118 poeta
731 1072 846 1104 vetus
866 1065 918 1104 de
937 1065 1081 1105 virtute
1105 1064 1214 1113 dixit,
1237 1065 1343 1104 viam
1368 1065 1530 1116 longam
1557 1071 1596 1104 et
1619 1065 1787 1104 arduam
1813 1070 1853 1104 et
1877 1063 2048 1116 primum
2075 1064 2239 1116 quidem

211 1125 415 1168 difficilem
440 1126 494 1166 ad
519 1125 629 1166 illam
652 1127 830 1175 ducere1,
852 1125 960 1167 idem
987 1140 1130 1167 omnes
1149 1126 1335 1167 videntur
1361 1125 1528 1178 experiri
1554 1125 1622 1178 qui
1647 1126 1729 1166 vias
1755 1126 1865 1166 tritas
1891 1126 2161 1178 relinquentes
2188 1129 2242 1168 ad

211 1190 322 1231 hunc
349 1194 512 1242 poetam
542 1189 703 1241 penitus
733 1191 1064 1241 cognoscendum
1092 1189 1386 1242 aggrediuntur,
1408 1188 1523 1229 cuius
1553 1188 1741 1236 carmina,
1773 1190 1881 1230 velut
1913 1188 2073 1229 Pindari
2103 1189 2238 1242 ipsius,

210 1261 305 1296 sunt
323 1267 458 1295 revera
477 1256 656 1303 φωνᾶντα
674 1255 917 1294 συνετοῖσινῖ
981 1253 1104 1306 Atqui
1123 1267 1245 1294 nemo
1266 1253 1380 1306 quasi
1400 1253 1441 1293 in
1461 1252 1630 1293 vallibus
1651 1254 1907 1294 immorando
1927 1254 2114 1306 languere
2133 1255 2238 1303 velit,

209 1317 276 1359 eui
294 1319 403 1359 velut
421 1317 621 1359 montium
641 1320 764 1359 latera
783 1317 902 1358 liceat
921 1325 1074 1358 tentare
1093 1325 1133 1358 et
1153 1317 1348 1370 superatis
1368 1316 1545 1357 nubibus
1565 1316 1606 1356 in
1627 1316 1759 1368 ipsum
1783 1317 1944 1357 culmen
1968 1318 2148 1366 evadere,
2170 1316 2241 1357 ubi

209 1379 329 1421 huius
353 1379 516 1434 ingenio
543 1382 695 1433 templa
723 1388 816 1421 sunt
846 1380 1022 1429 condita,
1054 1394 1137 1421 non
1168 1381 1247 1420 iam
1279 1393 1410 1420 rerum
1440 1387 1604 1420 naturae
1633 1380 1706 1420 sed
1735 1380 1914 1420 humano
1943 1379 2078 1432 potius
2105 1379 2240 1432 generi

209 1444 526 1496 contemplando
544 1450 788 1484 consecrata.
846 1443 1011 1493 Quanta
1029 1442 1247 1483 subtilitate
1267 1442 1353 1494 ipsa
1371 1443 1496 1482 corda
1509 1442 1723 1482 hominum
1742 1451 1900 1491 reserat,
1917 1442 2080 1483 intimos
2095 1441 2242 1483 mentis

209 1518 390 1547 recessus
419 1506 608 1558 explorat,
639 1505 768 1546 varios
801 1505 926 1545 animi
956 1512 1089 1545 motus
1120 1513 1399 1557 perscrutatur.
1459 1505 1584 1555 Quod
1611 1505 1665 1544 ad
1695 1506 1942 1556 tragoediam
1973 1504 2240 1557 antiquiorem

210 1569 365 1616 attinet,
385 1568 666 1621 interpretatus
684 1577 745 1610 est
765 1569 840 1620 (uti
860 1569 986 1609 nostis
1006 1568 1165 1622 omnes)
1182 1583 1265 1609 non
1285 1570 1411 1609 modo
1427 1570 1670 1620 Aeschylum
1691 1581 1773 1620 quo
1792 1582 1914 1609 nemo
1930 1568 2149 1617 sublimior,
2167 1569 2240 1610 sed

210 1633 332 1673 etiam
352 1631 588 1684 Euripidem
607 1645 690 1684 quo
710 1645 831 1672 nemo
851 1631 1064 1671 humanior
1077 1646 1088 1681 3
1117 1645 1199 1683 quo
1220 1633 1263 1671 fit
1283 1639 1327 1671 ut
1347 1630 1468 1671 etiam
1488 1630 1577 1670 illos
1597 1631 1666 1682 qui
1691 1631 1846 1671 Graece
1871 1630 2068 1679 nesciunt,
2092 1630 2240 1672 miseri·

210 1694 349 1736 cordia
362 1702 522 1736 moveat
535 1697 720 1743 Alcestis,
737 1703 885 1736 terrore
904 1702 1041 1747 tangat
1058 1696 1266 1735 Hercules.
1327 1694 1569 1734 Recentiora
1583 1701 1819 1745 argumenta
1838 1693 1985 1746 tragica
2004 1707 2098 1735 curn
2117 1693 2240 1746 lyrico

211 1759 390 1812 quodam
423 1758 626 1799 scribendi
657 1772 803 1811 genere
839 1757 1060 1808 coniunxit,
1095 1759 1196 1798 duas
1232 1760 1372 1798 Musas
1406 1765 1446 1798 et
1482 1758 1773 1809 Melpomenen
1806 1764 1846 1796 et
1880 1758 2087 1810 Euterpen
2120 1757 2240 1799 simul

210 1829 432 1864 veneratus.
491 1822 675 1863 Musicae
695 1823 885 1862 miracula
905 1821 995 1873 quis
1015 1821 1174 1874 dignius
1198 1821 1344 1862 cecinit
1356 1821 1394 1861 ?³
1451 1821 1618 1861 Pictoris
1649 1822 1681 1859 F
1682 1820 1870 1861 lorentini
1898 1820 1939 1860 in
1966 1829 2050 1862 arte
2075 1823 2240 1874 perfecti

209 1885 332 1926 vitam
351 1885 454 1926 inter
472 1886 706 1938 crepuscula
719 1892 1065 1938 vesperascentem
1085 1885 1288 1925 coloribus
1308 1899 1431 1937 quam
1447 1884 1589 1925 vividis
1605 1884 1814 1937 depinxit⁴.
1854 1885 2023 1937 Vesperi
2038 1885 2236 1938 quotiens,

210 1949 310 1990 dum
330 1949 422 1989 foco
440 1948 685 1997 adsidemus‚
709 1949 786 1988 hoc
806 1948 971 1988 iubente
991 1948 1158 2000 resurgit
1178 1948 1323 1988 Italia⁶.
1376 1948 1544 2000 Vesperi
1565 1961 1702 1999 nuper,
1726 1948 1824 1987 dum
1845 1947 1964 1988 huius
1984 1948 2120 2000 idyllia
2138 1949 2240 1988 forte

210 2010 445 2061 meditabar,
466 2011 584 2054 Carni
603 2011 707 2052 inter
725 2011 943 2052 arundines
964 2011 1063 2051 mihi
1089 2011 1255 2052 videbar
1281 2025 1421 2052 vocem
1450 2025 1638 2064 magnam
1667 2011 1805 2052 audire
1831 2012 2200 2061 clamantis—Hau
2219 2012 2240 2051 ὅ

207 2073 328 2129 μίγας
360 2075 405 2115 οὗ
435 2074 641 2125 τέθνηκεν’.
699 2074 808 2114 Vivit
838 2075 972 2115 adhuc
1006 2076 1091 2114 Pan
1122 2074 1219 2128 ipse,
1252 2089 1346 2115 cum
1379 2074 1630 2115 Marathonis
1662 2074 1856 2115 memoria
1887 2082 1926 2115 et
1962 2074 2239 2127 Pheidippidis

209 2137 420 2181 velocitate
447 2137 663 2178 immortali
691 2137 959 2178 consociatus.
1019 2140 1137 2179 Duco
1165 2140 1218 2179 ad
1247 2152 1318 2180 vos
1350 2141 1595 2179 Romu-um
1626 2140 1877 2178 BRowNmG.

318 2249 407 2304 (21)
437 2250 611 2304 Regium
637 2251 748 2291 illum
776 2251 965 2293 historiae
992 2254 1259 2305 professorem
1283 2253 1558 2295 Oxoniensem
1586 2265 1762 2306 purpura
1790 2260 1926 2293 nostra
1955 2254 2240 2306 qualicumque

209 2316 399 2356 decorare
413 2317 610 2366 volumus,
627 2318 697 2369 qui
712 2330 958 2369 quamquam
978 2317 1121 2370 imperi
1140 2317 1200 2358 sui
1220 2317 1323 2357 intra
1342 2317 1534 2358 terminos
1549 2317 1775 2357 universam
1791 2316 1996 2356 annalium
2011 2324 2238 2357 nostrorum

210 2378 446 2419 memoriam
478 2379 650 2429 inclusit,
681 2393 803 2432 regna
833 2388 968 2421 tamen
1003 2382 1149 2422 domus
1180 2381 1484 2433 Andegavensis
1515 2381 1630 2433 quasi
1658 2380 1859 2433 propriam
1888 2380 2134 2432 provinciam
2164 2394 2238 2421 suo

209 2439 286 2481 sibi
314 2440 400 2481 iure
432 2441 661 2482 vindicavit.
721 2442 847 2483 Cuius
880 2444 1019 2483 laudes
1052 2445 1185 2495 palam
1219 2443 1449 2496 praedicare
1483 2457 1532 2483 eo
1566 2445 1691 2495 magis
1725 2443 1845 2490 iuvat,
1880 2444 1992 2495 quod
2025 2456 2237 2495 regnorum

209 2501 369 2543 illorum
396 2503 584 2544 historiae
612 2511 765 2555 partem
795 2517 878 2544 non
908 2505 1117 2545 minimam
1146 2505 1186 2545 in
1217 2506 1491 2546 monumentis
1514 2505 1679 2557 publico
1708 2513 1871 2558 sumptu
1898 2505 2015 2546 editis
2041 2505 2236 2552 condidit,

209 2566 501 2619 praefationum
530 2580 762 2618 magnarum
786 2567 827 2607 in
854 2568 997 2608 umbra
1023 2570 1156 2609 lucem
1182 2569 1358 2609 veritatis
1381 2583 1522 2622 passus
1545 2571 1678 2610 latere.
1737 2571 1947 2620 Quantum
1966 2576 2117 2618 autem,
2136 2570 2239 2609 inter

208 2629 318 2683 ipsos
337 2630 568 2671 conditores
587 2630 682 2671 iuris
703 2630 872 2684 Anglici‚
895 2631 997 2684 regis
1022 2632 1192 2672 Henrici
1216 2633 1384 2673 secundi
1408 2633 1602 2673 memoria
1627 2633 1722 2672 huic
1748 2632 1832 2672 viro
1858 2632 2052 2684 imprimis
2076 2632 2234 2681 debeat,

208 2693 444 2735 doctissimo
477 2694 623 2747 cuique
662 2694 756 2735 satis
790 2703 943 2736 notum.
1004 2695 1189 2736 Pluribus
1227 2697 1447 2747 loquuntur
1480 2696 1569 2736 libri
1603 2695 1670 2745 illi,
1702 2696 1743 2735 in
1777 2695 1924 2747 quibus
1962 2695 2235 2735 institutorum

208 2764 436 2797 nostrorum
456 2756 628 2810 origines
648 2771 698 2798 ex
717 2756 812 2809 ipsis
832 2757 1011 2797 fontibus
1031 2757 1227 2798 derivatas
1247 2758 1470 2810 descripsit,
1489 2758 1687 2810 optimum
1709 2757 1898 2809 quidque,
1922 2757 2004 2797 sive
2023 2759 2235 2809 antiquum

207 2818 291 2859 sive
321 2832 483 2868 novum,
515 2820 626 2860 nullo
659 2820 831 2872 partium
861 2820 996 2860 studio
1029 2820 1203 2872 ingenue
1236 2820 1464 2861 admiratus.
1527 2820 1751 2861 Ecclesiam
1785 2820 2047 2871 Anglicanam
2083 2820 2236 2871 populo

207 2880 394 2922 universo
422 2880 614 2922 libertatis
643 2881 844 2922 vindicem
874 2881 1096 2923 identidem
1125 2882 1321 2923 exstitisse
1350 2882 1538 2923 ostendit.
1598 2882 1891 2934 Episcoporum
1919 2881 2234 2934 Anglicanorum

208 2942 310 2984 serie
342 2942 534 2984 continua
566 2942 773 2995 explicata,
808 2944 1057 2997 temporibus
1091 2944 1301 2998 diligenter
1334 2945 1492 2994 notatis,
1522 2944 1629 2984 mille
1658 2952 1698 2984 et
1732 2951 2002 2985 trecentorum
2036 2956 2235 2983 annorum

296 3045 309 3068 ¹
334 3046 477 3088 Hesiod,
490 3047 605 3079 Works
616 3047 690 3079 and
698 3048 804 3090 Days,
821 3049 896 3090 287.
999 3046 1013 3067 ²
1039 3049 1090 3081 Ol.
1105 3048 1128 3081 ii
1144 3059 1196 3093 93.
1313 3047 1327 3069 ³
1349 3050 1446 3089 Saul,
1465 3049 1531 3081 and
1548 3050 1617 3081 Abt
1639 3049 1763 3091 Vogler.
1875 3047 1889 3068 ⁴
1912 3048 2050 3081 Andrea
2065 3047 2122 3081 del
2136 3049 2235 3082 Sarto

209 3088 332 3133 (called
348 3090 425 3123 ‘the
441 3090 590 3124 saultless
605 3091 738 3133 painter
749 3090 784 3133 ').
901 3090 916 3111 ⁶
938 3093 994 3134 By
1009 3093 1061 3125 the
1076 3093 1236 3133 Fz‘resffle,
1255 3098 1297 3125 st.
1315 3104 1336 3124 v
1352 3098 1415 3125 etc.
1524 3091 1539 3112 ⁶
1563 3093 1730 3132 Plutarch,
1758 3093 1812 3125 De
1832 3092 1971 3134 Desectu
1998 3092 2231 3132 Oraculorum,

207 3144 238 3168 c.
265 3141 317 3177 17,
341 3135 415 3168 Πὰν
439 3134 457 3167 ὁ
478 3135 583 3177 μέγας
606 3135 772 3175 τέθνηκεν.

1199 3222 1244 3263 15
