2704 3770
734 303 959 351 William
996 303 1354 367 Spottz'swoode.
1427 305 1610 368 Henry
1632 304 1775 370 solzn
1812 305 2023 369 Steplaen
2060 305 2238 355 Smith.

472 449 706 490 memoriam
726 463 809 489 uno
829 449 964 490 libello
984 450 1191 502 colligavit.
1252 450 1335 501 Ipsi
1355 451 1529 501 denique
1549 449 1812 489 recordamini
1832 457 2071 501 quantorum
2091 449 2262 490 virorum
2281 451 2322 491 in
2342 454 2476 493 locum

472 519 621 563 quanta
640 525 731 551 cum
752 511 945 563 dignitate
965 520 1004 552 et
1025 526 1151 564 nuper
1168 520 1208 553 et
1228 512 1323 552 olim
1343 514 1493 552 electus
1513 512 1586 561 sit,
1614 511 1656 551 in
1684 513 1836 563 Collegi
1862 512 2092 552 societatem
2122 512 2292 564 primurn
2319 514 2477 567 triginta

471 573 619 614 abhinc
637 587 765 613 annos
785 581 995 625 cooptatus
1015 581 1084 622 est,
1107 573 1339 614 discedente
1359 573 1441 613 viro
1461 587 1553 613 curn
1579 574 1696 613 huius
1723 575 1828 613 fama
1854 573 1999 613 totiens
2025 574 2265 624 consociato,
2288 577 2476 617 Edvardo

471 638 654 688 Augusto
688 638 881 675 Freeman
895 650 906 685 ;
948 635 1056 676 idem
1086 649 1221 687 nuper,
1258 635 1445 675 omnibus
1482 634 1776 686 plaudentibus,
1809 635 1932 675 Aedis
1963 635 2097 675 Sancti
2131 636 2242 675 Pauli
2272 638 2475 678 canonicis

470 698 675 751 ascriptus,
706 698 896 738 successit
928 698 1010 738 viro
1045 698 1184 738 studiis
1219 705 1304 737 tum
1337 698 1433 744 aliis,
1463 706 1548 737 tum
1582 697 1702 737 etiam
1736 697 1942 746 historicis,
1973 698 2075 738 inter
2105 700 2289 739 alumnos
2319 708 2477 741 nostros

472 761 755 813 promovendis
788 761 938 814 optime
973 761 1124 810 merito,
1158 761 1362 813 Episcopo
1397 760 1672 808 Dunelmensi‚
1706 760 1871 800 Doctori
1906 760 2121 813 Lightfoot.
2181 764 2297 802 Duco
2324 765 2377 804 ad
2405 777 2476 804 vos

471 825 718 864 WILELMUM
748 826 916 865 STUBBs.

579 923 665 977 (22)
704 925 910 966 Societatis
931 925 1183 965 Britannicae
1203 925 1456 965 scientiarum
1476 925 1622 965 finibus
1646 925 1892 977 proferendis
1911 939 2068 977 praeses
2088 928 2165 975 ille,
2187 941 2307 979 quem
2329 928 2478 980 Regiae

470 1001 632 1040 quoque
651 989 860 1029 Societatis
880 991 1102 1041 praesidem
1123 988 1244 1029 hodie
1264 990 1491 1037 salutamus,
1515 990 1612 1028 fines
1637 1002 1756 1040 quam
1779 991 1934 1040 amplos
1961 990 2330 1030 mathematicorum
2356 1005 2478 1044 regno

469 1051 734 1103 assignaverit,
751 1053 987 1093 meministis
1007 1066 1147 1093 omnes
1168 1052 1236 1104 qui
1250 1065 1358 1091 anno
1377 1052 1558 1103 proximo
1574 1052 1793 1092 orationem
1809 1053 1916 1092 illam
1934 1052 2246 1093 Dublinensem¹
2259 1053 2475 1096 audivistis.

471 1113 689 1165 Imperium
713 1127 844 1165 neque
864 1114 1053 1166 temporis
1073 1128 1204 1166 neque
1224 1114 1338 1166 spatii
1367 1114 1511 1154 finibus
1535 1114 1790 1154 terminatum
1813 1114 1889 1154 illis
1909 1115 2030 1163 dedit,
2052 1129 2153 1166 quos
2172 1129 2476 1168 nonnumquam

470 1177 576 1216 iuvat
596 1177 708 1228 quasi
728 1178 868 1217 oceani
887 1178 1032 1217 infiniti
1051 1185 1211 1229 propter
1236 1177 1350 1217 litora
1376 1178 1550 1217 calculos
1573 1191 1791 1224 numerare,
1814 1191 2118 1228 nonnumquam
2142 1178 2183 1217 in
2209 1192 2352 1230 purum
2378 1179 2477 1220 illud

469 1240 635 1287 caelum,
653 1239 854 1291 regionem
874 1240 982 1279 illam
1002 1239 1318 1291 inexplicabilem
1339 1241 1504 1287 evolare,
1522 1239 1591 1278 ubi
1611 1239 1781 1290 spatium
1802 1239 2009 1290 multiplex
2027 1240 2260 1289 extenditur,
2278 1240 2347 1280 ubi
2366 1241 2474 1291 nodi,

469 1307 624 1340 tantum
639 1301 752 1341 abest
766 1309 810 1341 ut
825 1301 934 1350 solvi,
951 1309 994 1341 ut
1010 1315 1061 1340 ne
1076 1301 1181 1340 necti
1196 1301 1359 1352 quidem
1374 1300 1538 1352 possint.
1580 1302 1683 1352 Ipse,
1701 1314 1752 1341 ne
1768 1302 1953 1352 Europae
1968 1301 2131 1352 quidem
2147 1302 2476 1354 philosophorum

470 1363 616 1403 finibus
636 1371 858 1412 contentus,
883 1365 1076 1404 Indorum
1096 1377 1258 1415 quoque
1277 1364 1499 1403 doctrinam
1516 1364 1837 1404 mathematicam
1853 1372 1892 1404 et
1911 1364 2116 1415 antiquam
2132 1365 2306 1416 linguam
2325 1379 2476 1406 sacram

469 1426 685 1477 exploravit
698 1440 709 1475 ς
737 1425 856 1466 Asiae
875 1433 914 1465 et
942 1427 1127 1477 Europae
1150 1425 1324 1465 confinia
1349 1425 1410 1465 bis
1436 1425 1623 1474 lustravit,
1645 1428 1807 1466 lustrata
1832 1427 1970 1466 litteris
1994 1426 2206 1466 mandavit.
2265 1428 2409 1479 Populi
2433 1428 2475 1468 in

469 1502 596 1537 usum,
615 1487 754 1528 ordine
774 1501 894 1539 quam
915 1487 1050 1527 lucido
1070 1487 1168 1527 lucis
1188 1495 1227 1527 et
1247 1487 1390 1527 coloris
1409 1489 1514 1539 leges
1534 1488 1619 1539 ipse
1638 1487 1843 1527 illustravit
1857 1503 1867 1537 ;
1895 1496 1993 1539 quot
2008 1488 2175 1528 aliorum
2194 1489 2316 1529 libros
2330 1503 2353 1529 e
2367 1491 2477 1542 prelo

469 1563 542 1590 suo
562 1550 668 1602 regio
687 1550 728 1589 in
747 1552 880 1589 lucem
898 1550 1039 1598 emisit,
1062 1557 1101 1589 et
1122 1563 1192 1589 sua
1212 1557 1251 1589 et
1270 1557 1404 1589 nostra
1423 1563 1515 1589 cum
1536 1549 1756 1589 Academia
1778 1549 2070 1601 privilegiorum
2093 1550 2368 1591 communium
2393 1551 2478 1592 iure

468 1613 601 1651 adhuc
632 1612 882 1664 aliquatenus
913 1611 1150 1652 coniunctus
1164 1626 1175 1661 3
1213 1619 1362 1663 quanta
1390 1611 1565 1663 denique
1594 1611 1837 1659 liberalitate,
1869 1618 1908 1651 et
1941 1611 2209 1651 ministrorum
2243 1625 2405 1652 suorum
2437 1621 2478 1654 et

469 1673 607 1726 populi
652 1673 825 1713 universi
870 1673 1081 1713 liberaliter
1119 1675 1420 1714 educandorum
1459 1686 1588 1721 causa,
1628 1686 1700 1724 pro
1737 1673 1837 1712 virili
1874 1680 1984 1724 parte
2026 1673 2229 1713 laboravit.
2299 1675 2357 1715 Ut
2393 1675 2477 1715 viro

468 1736 732 1788 integerrimo,
753 1736 875 1776 titulis
895 1736 1073 1787 plurimis
1093 1736 1254 1776 aliunde
1274 1737 1486 1784 cumulato,
1509 1735 1633 1775 nostri
1653 1749 1814 1787 quoque
1834 1736 1937 1776 tituli
1960 1736 2149 1776 mantissa
2173 1738 2348 1786 accedat,
2370 1739 2476 1779 duco

467 1800 520 1839 ad
539 1812 609 1839 vos
629 1801 875 1838 WILELMUM
896 1799 1230 1838 SPOTTISWOODE.

579 1901 667 1954 (23)
705 1901 854 1941 Pariter
872 1899 1055 1951 iniquum
1075 1913 1162 1939 esse
1181 1899 1416 1939 existimavit
1435 1900 1667 1940 Aristoteles
1690 1900 1742 1939 ab
1766 1907 1920 1939 oratore
1946 1913 2075 1939 rerum
2101 1900 2281 1940 omnium
2305 1902 2476 1943 rationes

467 1971 671 2004 accuratas
704 1962 868 2013 exigere,
901 1970 1021 2012 atque
1054 1962 1381 2001 mathematicum
1414 1963 1467 2001 ad
1497 1963 1819 2013 persuadendum
1852 1962 2034 2013 apposite
2065 1962 2266 2002 dicentem
2296 1965 2472 2005 tolerare.

469 2027 594 2078 Atqui
613 2028 698 2078 ipse
718 2026 918 2077 exemplar
937 2024 1135 2076 egregium
1155 2025 1417 2074 μαθηματικοῦ
1436 2025 1796 2076 πιθοιιιολογοῦντος2
1814 2024 1984 2064 libenter
2001 2025 2218 2064 admiratus
2238 2034 2351 2075 esset,
2375 2027 2409 2067 si
2434 2027 2476 2067 in

468 2091 616 2130 Senatu
643 2088 931 2130 Oxoniensium
961 2090 1111 2127 flumen
1139 2088 1328 2128 orationis
1356 2101 1520 2128 aureum
1549 2089 1783 2127 fundentem
1812 2089 1919 2126 hunc
1946 2088 2186 2139 geometriae
2213 2090 2475 2140 professorem

468 2152 605 2193 audire
624 2152 827 2204 potuisset,
850 2151 918 2202 qui
938 2151 1100 2191 nomine
1120 2151 1283 2202 duplici,
1304 2158 1343 2190 et
1369 2151 1591 2202 linguarum
1614 2150 1865 2201 antiquarum
1891 2158 1930 2190 et
1956 2150 2207 2190 scientiarum
2231 2152 2478 2192 mathemati-

469 2229 601 2255 carum
623 2215 772 2267 peritia,
795 2215 983 2254 cathedra
1001 2214 1067 2253 illa
1083 2214 1226 2265 dignus
1241 2221 1300 2253 est
1316 2227 1435 2265 quarn
1456 2213 1622 2253 Savilius
1642 2213 1718 2261 ille,
1735 2220 1775 2252 et
1791 2213 2064 2264 Chrysostomi
2083 2213 2212 2253 editor
2230 2222 2270 2254 et
2284 2214 2475 2266 interpres

470 2277 660 2326 Euclidis,
681 2276 831 2328 primus
850 2276 1071 2327 occupavit,
1094 2283 1329 2327 occupatam
1349 2289 1484 2315 annuo
1504 2275 1632 2315 reditu
1652 2275 1693 2314 in
1712 2282 1947 2326 perpetuum
1968 2277 2131 2315 ornavit.

576 2340 700 2380 Tertii
719 2340 883 2391 quidem
902 2339 1052 2379 ordinis
1071 2339 1263 2378 linearum
1283 2338 1623 2378 enumerationem
1645 2340 1864 2378 Newtonus
1878 2337 1944 2376 ille
1964 2346 2098 2377 noster
2116 2338 2211 2377 olim
2229 2337 2369 2378 Latine
2384 2352 2461 2378 con

470 2403 634 2455 scripsit,
656 2403 721 2442 hic
740 2410 885 2450 autem,
907 2402 1035 2454 quarti
1055 2402 1205 2442 ordinis
1225 2401 1337 2441 lineis
1358 2402 1499 2441 eadem
1519 2401 1653 2452 lingua
1672 2399 1889 2451 descriptis,
1912 2414 1934 2439 e
1953 2400 2168 2440 certamine
2191 2400 2263 2440 toti
2292 2402 2475 2452 Europae

468 2466 520 2505 ab
539 2464 760 2505 Academia
779 2463 1028 2504 Berolinensi
1046 2463 1262 2515 proposito,
1280 2463 1449 2515 duplicis
1469 2464 1625 2514 palmae
1639 2461 1835 2513 particeps
1850 2461 2041 2501 discessit.
2100 2463 2262 2513 Quanta
2276 2462 2392 2514 igitur
2406 2476 2476 2515 spe

468 2535 508 2568 et
527 2527 801 2580 expectatione
815 2527 936 2567 libros
951 2527 1038 2566 illos
1054 2528 1105 2566 de
1120 2526 1338 2566 recentiore
1350 2540 1452 2577 quae
1467 2525 1611 2565 dicitur
1625 2524 1851 2576 geometria,
1869 2526 1920 2564 de
1935 2524 2205 2564 subtilioribus
2221 2538 2475 2565 numerorum

468 2591 783 2643 proprietatibus,
801 2592 889 2642 plus
909 2604 1029 2641 quam
1051 2590 1318 2629 Horatianum
1338 2602 1531 2628 annorum
1552 2601 1622 2639 per
1640 2601 1850 2627 numerum
1870 2587 1971 2626 intra
1990 2587 2132 2626 scrinia
2151 2587 2268 2627 huius
2287 2587 2474 2635 inclusos,

468 2654 704 2694 iamdudum
725 2652 946 2705 flagitamus
961 2667 971 2702 3
1000 2666 1112 2704 quos,
1135 2652 1192 2692 uti
1210 2666 1281 2703 par
1299 2659 1358 2692 est
1378 2652 1566 2691 omnibus
1586 2650 1758 2690 numeris
1778 2650 1992 2697 absolutos,
2015 2650 2230 2700 aliquando
2249 2649 2474 2701 prodituros

470 2729 556 2755 esse
582 2728 797 2766 speramus.
857 2716 1022 2754 Interim
1051 2714 1091 2753 in
1118 2713 1286 2765 negotiis
1315 2712 1568 2752 Academicis
1598 2711 1783 2763 singulari
1812 2711 2035 2750 urbanitate
2063 2711 2132 2750 diu
2161 2718 2346 2759 versatus,
2369 2724 2476 2750 nunc

470 2791 552 2817 non
576 2778 699 2817 modo
729 2775 896 2827 collegio
922 2789 1115 2827 augurum
1146 2775 1464 2814 Britannicorum
1491 2774 1560 2825 qui
1588 2773 1686 2813 caeli
1710 2772 1910 2823 praesagia
1936 2772 2146 2811 observant
2174 2772 2381 2823 praesidet,
2404 2773 2475 2811 sed

470 2839 715 2891 septemviris
731 2852 891 2890 quoque
905 2838 1147 2878 Academiae
1166 2837 1385 2879 Oxoniensi
1405 2836 1557 2888 legibus
1573 2834 1873 2875 conscribendis
1893 2833 2084 2885 ascriptus
2104 2841 2173 2874 est.
2232 2834 2474 2874 Academiae

472 2903 575 2942 illius
594 2903 882 2955 pulcherrimae
902 2903 1002 2943 inter
1021 2903 1167 2941 decora
1187 2901 1256 2941 diu
1276 2907 1515 2947 numeretur,
1534 2898 1602 2938 diu
1624 2897 1800 2937 Platonis
1819 2903 2031 2948 praecepto
2051 2897 2265 2936 obsecutus
2284 2896 2415 2936 videat
2430 2903 2475 2936 ut

471 2966 506 3002 οἱ
525 2967 564 3003 ἐν
583 2965 631 3016 τῇ
649 2963 898 3002 καλλιπόλεθ
912 2963 1169 3015 geometriam
1185 2974 1439 3014 nequaquam
1454 2962 1673 3011 neglegant.
1726 2960 1842 2998 Duco
1857 2959 1909 2998 ad
1924 2971 1994 2997 vos
2009 2959 2251 2998 HENRoeUM
2269 2959 2472 2997 IOANNEM

470 3028 666 3067 STEPHEN
689 3028 838 3066 SMITH.

577 3121 589 3143 ¹
612 3122 756 3161 Nature,
778 3129 816 3162 15
832 3121 920 3163 Aug.
941 3121 1033 3162 1878.
1253 3118 1266 3139 ²
1288 3119 1459 3156 Aristotle,
1483 3118 1611 3156 Ethics,
1636 3118 1647 3150 i
1671 3127 1701 3159 3,
1726 3130 1757 3158 4.
1975 3115 1989 3136 ⁸
2012 3117 2118 3157 Plato,
2146 3118 2225 3159 Rep-
2250 3126 2311 3158 527
2328 3124 2360 3149 e.

1450 3190 1497 3227 16
