2704 3770
602 333 875 382 Hermann
910 332 1136 396 Ludwig
1165 331 1469 379 Ferdz'nand
1498 331 1800 380 Helmlzoltz.

191 479 297 521 curis
325 479 446 520 sacris
475 478 648 529 deditus,
679 480 779 519 dura
807 478 901 531 pati,
932 485 977 518 ut
1006 477 1120 518 miles
1150 478 1272 526 fortis,
1304 476 1446 517 didicit
1459 491 1470 526 ;
1500 476 1608 517 idem
1636 476 1711 529 (uti
1741 475 1964 528 speramus)
1993 475 2221 527 provinciae

189 540 294 582 illius
321 540 566 594 longinquae
591 548 631 581 et
660 540 804 593 frigora
832 540 957 580 nimia
985 547 1026 580 et
1054 541 1200 580 nimios
1229 540 1394 587 calores,
1424 546 1587 591 pectore
1612 539 1665 579 ad
1695 546 1906 590 utramque
1940 545 2088 578 sortem
2117 538 2221 578 bene

189 596 441 656 praeparato,
462 603 649 644 tolerabit
662 618 673 653 3
707 610 757 651 et,
786 610 894 643 trans
921 616 1072 655 aequor
1097 601 1348 642 Atlanticum
1377 603 1517 654 procul
1547 600 1735 641 excubias
1763 613 1896 652 agens,
1925 600 2124 652 stipendia
2152 614 2224 640 sua

190 666 264 707 has
281 664 386 707 inter
403 666 566 706 umbras
581 666 788 718 quondam
803 672 966 718 peracta
981 664 1203 705 identidem
1220 663 1415 704 memoria
1435 677 1654 712 remensus,
1670 662 1944 703 recordabitur
1958 662 2223 702 Academicas

191 727 357 781 quidem
386 729 520 769 laurus
549 728 630 769 cito
661 728 855 781 perituras
884 740 1192 779 nonnumquam
1221 726 1451 767 valetudine
1482 725 1620 778 iniqua
1650 740 1672 765 e
1706 724 1893 765 manibus
1927 724 2223 776 expectantium

191 791 373 844 praeripi,
405 793 525 833 aliam
558 806 653 834 vero
686 794 861 845 palmam
895 804 1067 843 eamque
1100 790 1385 843 sempiternam
1416 789 1493 830 illis
1523 788 1725 838 destinari,
1757 787 1826 840 qui
1857 802 1905 828 ex
1934 787 2021 840 ipsa
2049 787 2225 840 corporis

191 853 465 896 imbecillitate
484 855 667 896 fortiores
686 854 824 895 animo
844 853 1051 902 evaserint,
1075 852 1144 905 qui
1163 852 1313 895 Christi
1334 852 1409 893 sub
1430 851 1551 904 signis
1571 852 1726 892 bonum
1750 858 1953 891 certamen
1976 849 2223 898 certaverint,

192 917 262 972 qui
281 919 403 960 fidem
424 919 676 960 servaverint.

299 980 429 1022 Vobis
448 988 659 1034 praesento
680 979 1047 1021 Frederictonensis
1068 978 1248 1031 episcopi
1268 978 1504 1031 episcopum
1523 977 1749 1019 adiutorem
1770 976 2034 1029 designatum,
2057 975 2227 1028 Collegii

190 1044 362 1085 Sanctae
381 1051 421 1085 et
441 1044 682 1086 Individuae
703 1044 908 1084 Trinitatis
929 1045 1136 1096 quondam
1157 1043 1392 1092 scholarem,
1417 1045 1778 1083 HOLLlNowok‘ffl
1799 1044 1948 1083 Tum(
1971 1042 2192 1080 KINGDON.

985 1203 1011 1250 3
1024 1204 1040 1235 1
1083 1186 1274 1236 March
1314 1189 1436 1235 1881

302 1301 390 1356 (53)
429 1303 719 1342 SmGULARUM
740 1301 906 1354 quidem
927 1301 1182 1342 scientiarum
1207 1301 1401 1342 terminos
1426 1299 1650 1352 protulisse,
1672 1298 1852 1351 plurimis
1879 1311 2118 1339 concessum
2145 1304 2230 1344 est3

194 1364 264 1406 uni
292 1378 386 1406 vero
414 1364 676 1417 plurimarum
703 1367 803 1406 fines
833 1365 1060 1406 extendisse
1090 1379 1177 1405 raro
1207 1364 1385 1417 contigit.
1444 1363 1570 1415 Atqui
1599 1362 1721 1403 hodie
1750 1362 1877 1402 virum
1908 1364 2138 1408 salutamus,
2161 1360 2229 1412 qui

193 1440 326 1468 rerum
354 1434 519 1468 naturae
547 1427 752 1480 regionem
783 1429 873 1480 plus
903 1441 1025 1479 quam
1057 1441 1180 1468 unam
1210 1427 1377 1468 feliciter
1407 1427 1629 1478 occupavit,
1657 1425 1724 1477 qui
1755 1424 1928 1477 primum
1958 1423 2231 1476 physiologiae

194 1490 415 1544 penetralia
442 1498 722 1543 perscrutatus,
745 1491 895 1532 deinde
924 1491 1181 1543 physicorum
1211 1490 1436 1531 studiorum
1466 1503 1613 1542 campo
1641 1489 1890 1541 amplissimo
1918 1489 2079 1541 potitus,
2101 1488 2230 1540 ipsam

194 1553 372 1606 denique
391 1554 766 1594 mathematicorum
787 1568 920 1595 arcem
942 1555 1094 1595 fortiter
1114 1554 1366 1607 expugnavit,
1389 1568 1437 1594 ex
1456 1553 1534 1594 alia
1557 1553 1749 1606 deinceps
1773 1554 1814 1593 in
1840 1553 1958 1593 aliam
1984 1552 2229 1605 provinciam

196 1630 438 1670 progressus,
460 1620 569 1659 velut
598 1617 771 1658 militum
802 1620 1081 1659 Romanorum
1110 1617 1176 1657 ille
1206 1617 1413 1668 maximus,
1445 1617 1647 1657 ‘victrices
1676 1617 1829 1668 aquilas
1858 1616 1981 1656 alium
2009 1617 2160 1656 laturus
2188 1615 2230 1654 in

196 1679 338 1721 orbem
352 1681 391 1719 ’¹.

307 1741 543 1783 Militarium
572 1742 821 1783 medicorum
850 1743 981 1784 ordini
1015 1743 1149 1784 adhuc
1181 1741 1416 1794 adscriptus,
1447 1749 1727 1794 argumentum
1759 1756 1950 1795 magnum
1980 1741 2083 1781 intra
2113 1740 2232 1781 unius

196 1803 320 1846 libelli
348 1805 449 1845 fines
477 1804 640 1845 artiores
669 1807 912 1857 complexus,
942 1805 1119 1846 ostendit
1148 1805 1228 1845 vim
1256 1805 1376 1854 illam,
1407 1818 1511 1857 quae
1540 1818 1848 1857 nonnumquam
1875 1804 1962 1844 viva
1988 1811 2161 1852 vocatur,
2190 1804 2231 1844 in

195 1868 380 1909 universa
394 1882 528 1924 rerum
548 1876 690 1909 natura
708 1882 796 1909 esse
816 1876 1103 1918 conservatam,
1125 1876 1257 1921 partes
1277 1869 1362 1908 eius
1380 1868 1500 1908 aliam
1520 1882 1569 1908 ex
1586 1868 1664 1908 alia
1682 1881 1802 1920 posse
1820 1867 2010 1920 generari,
2032 1881 2231 1908 summam

196 1943 284 1972 esse
302 1930 607 1971 immutabilem.
667 1930 779 1981 Quid
799 1931 917 1971 huius
937 1931 1099 1984 ingenio
1119 1930 1361 1983 excogitatas
1381 1944 1696 1971 commemorem
1717 1931 1972 1983 quaestiones
1991 1931 2076 1970 illas
2092 1931 2234 1982 hydro-

195 1992 439 2045 dymmicas,
470 1992 568 2045 quid
599 1993 768 2033 vortices
797 1993 886 2034 illos
916 1993 984 2045 qui
1014 1993 1205 2034 scientiae
1235 1994 1541 2034 mathematicae
1571 1994 1624 2033 ad
1654 1993 1841 2034 interiora
1873 1993 2102 2046 pertinent?
2159 1994 2234 2033 Illa

195 2068 290 2096 vero
309 2068 455 2108 magna
473 2068 605 2107 opera,
628 2069 800 2107 quorum
820 2055 861 2095 in
881 2069 964 2096 uno
984 2070 1125 2096 sensus
1145 2056 1338 2097 audiendi
1361 2055 1578 2096 clarissime
1602 2055 1830 2108 explicatur,
1853 2055 1893 2095 in
1917 2058 2042 2096 altero
2068 2055 2232 2096 videndi

196 2114 337 2158 sensus
355 2117 620 2170 pulcherrime
639 2117 866 2169 illustratur,
888 2132 1042 2169 omnes,
1063 2118 1141 2159 nisi
1160 2120 1285 2167 fallor,
1305 2126 1374 2159 aut
1395 2118 1547 2159 vidistis
1566 2118 1653 2171 ipsi,
1675 2126 1744 2159 aut
1763 2120 1870 2159 fama
1889 2126 1995 2159 certe
2014 2119 2232 2160 audivistis.

197 2182 414 2222 Pulchrum
447 2189 507 2222 est
536 2181 612 2234 (uti
641 2183 750 2222 hunc
779 2182 911 2234 ipsum
940 2184 1201 2224 confitentem
1231 2183 1429 2235 legimus),
1460 2184 1672 2235 pulchrum
1701 2184 1881 2236 profecto
1912 2191 1982 2232 est,
2014 2197 2037 2223 e
2066 2185 2234 2236 scopulo

197 2244 375 2296 quodam
403 2245 562 2285 excelso
591 2245 670 2284 late
703 2246 1015 2285 tumultuantem
1049 2258 1247 2286 oceanum
1276 2245 1514 2298 prospicere,
1546 2247 1772 2298 fluctusque
1803 2248 1942 2298 procul
1970 2246 2233 2297 albescentes,

197 2308 322 2349 modo
354 2307 566 2358 breviores,
603 2309 728 2349 modo
762 2308 972 2360 longiores,
1005 2308 1133 2349 oculis
1167 2308 1435 2349 discernere²z
1474 2308 1680 2361 pulchrius
1712 2317 1847 2350 autem
1882 2311 1922 2349 in
1960 2309 2234 2362 physiologiae

197 2372 350 2423 templo
373 2371 517 2412 intimo
543 2379 754 2421 versatum,
783 2374 993 2413 oculorum
1021 2372 1200 2424 ipsorum
1227 2380 1464 2413 structuram
1494 2373 1731 2425 exquisitam
1758 2373 2028 2426 introspicere,
2056 2381 2106 2422 et,
2134 2373 2234 2414 lucis

197 2433 352 2486 legibus
370 2433 551 2473 obscuris
570 2433 711 2474 ordine
731 2434 868 2475 lucido
885 2434 1064 2484 evolutis,
1083 2436 1322 2475 fluctuantes
1337 2435 1499 2475 luminis
1515 2443 1648 2475 motus
1664 2435 1792 2475 metiri
1808 2435 2037 2487 variamque
2053 2438 2233 2477 colorum

197 2504 448 2538 venustatem
486 2498 705 2550 explicare:
750 2498 931 2538 omnium
970 2500 1137 2539 fortasse
1174 2499 1498 2550 pulcherrimum,
1534 2499 1575 2538 in
1614 2499 1766 2539 eisdem
1804 2500 1958 2540 arcanis
1997 2507 2232 2550 morantem,

198 2562 329 2602 undas
356 2561 442 2601 illas
471 2563 572 2602 aeris
601 2575 700 2614 quas
730 2564 839 2602 nulla
867 2562 944 2602 nisi
973 2564 1120 2602 mentis
1143 2562 1228 2602 acie
1255 2563 1518 2614 contemplari
1542 2576 1768 2614 possumus,
1792 2562 1894 2603 inter
1917 2577 2003 2603 sese
2028 2563 2234 2604 audiendo

197 2622 442 2676 distinguere
454 2639 466 2674 3
504 2624 658 2665 sonitus
692 2624 898 2676 cuiusque,
934 2625 1031 2664 dum
1071 2624 1203 2664 tremit
1241 2624 1460 2676 vibratque,
1495 2624 1700 2664 intervalla
1738 2637 1946 2664 numerare
1959 2639 1971 2674 3
2008 2625 2232 2665 universam
2269 2665 2271 2667 ,

198 2686 375 2739 denique
401 2688 573 2728 musices
602 2687 798 2727 theoriam
825 2694 864 2727 et
894 2686 1186 2727 mathematicis
1215 2694 1255 2727 et
1283 2686 1457 2739 physicis
1487 2694 1526 2726 et
1554 2686 1836 2738 physiologicis
1862 2687 2092 2739 probavisse
2120 2701 2232 2740 argu-

198 2749 356 2790 mentis.

309 2813 384 2854 Ille
408 2811 526 2865 igitur
551 2812 621 2865 qui
647 2820 707 2853 tot
735 2813 1028 2865 provinciarum
1055 2813 1231 2853 confinia
1251 2812 1440 2862 lustravit,
1462 2820 1522 2853 tot
1545 2812 1798 2853 scientiarum
1826 2814 1926 2853 fines
1946 2813 2188 2866 propagavit,
2210 2829 2234 2855 a

199 2881 335 2915 nostra
364 2874 596 2928 praesertim
629 2875 862 2926 Academia,
894 2876 1007 2916 cuius
1040 2875 1191 2916 alumni
1224 2875 1371 2916 totiens
1401 2889 1450 2915 ex
1480 2875 1625 2915 eodem
1655 2875 1876 2916 studiorum
1906 2889 2052 2928 campo
2080 2877 2234 2917 laureas

198 2946 460 2991 reportarunt,
482 2953 530 2980 ea
555 2953 635 2991 qua
660 2953 730 2992 par
756 2947 816 2980 est
842 2939 1062 2981 reverentia
1090 2939 1212 2980 hodie
1239 2939 1444 2991 excipitur.
1504 2938 1585 2989 Qui
1605 2938 1851 2980 Academiae
1871 2947 2029 2980 nostrae
2054 2953 2231 2990 nemora,

199 3006 240 3040 et
271 2999 488 3042 iuventutis
522 3001 791 3042 Academicae
824 3003 942 3042 ludos
976 3009 1015 3042 et
1049 3001 1267 3042 certamina
1298 3000 1534 3053 iampridem
1568 3000 1787 3041 admiratus
1820 3008 1890 3050 est,
1926 3001 2033 3042 idem
2068 3003 2234 3043 fortasse

199 3063 395 3105 severiora
422 3073 558 3106 nostra
587 3066 719 3107 studia
747 3079 829 3118 quo
858 3065 1000 3106 melius
1030 3065 1195 3114 noverit,
1227 3078 1276 3105 eo
1306 3064 1517 3116 benignius
1546 3064 1676 3105 indies
1703 3064 1941 3105 aestimabit.
1999 3067 2084 3106 Vos
2113 3074 2220 3106 certe

309 3179 322 3200 ¹
346 3182 472 3222 Lucan,
500 3193 518 3214 v
544 3183 619 3224 238.
754 3181 767 3201 ²
790 3183 858 3215 Dic
881 3182 987 3215 Lehre
1007 3193 1071 3215 von
1095 3183 1159 3215 den
1188 3182 1529 3225 Tonempfindungen,
1556 3194 1590 3225 p.
1615 3193 1669 3224 42,
1694 3183 1747 3216 ed.
1776 3185 1878 3226 18703
1909 3195 1942 3227 p.
1968 3195 2019 3226 30,
2050 3185 2136 3217 Ε.Τ.

1194 3269 1244 3308 29
