<?xml version="1.0" encoding="UTF-8"?>
<!DOCTYPE html PUBLIC "-//W3C//DTD XHTML 1.0 Transitional//EN"
    "http://www.w3.org/TR/xhtml1/DTD/xhtml1-transitional.dtd">
<html xmlns="http://www.w3.org/1999/xhtml" xml:lang="en" lang="en">
 <head>
  <title>
</title>
<meta http-equiv="Content-Type" content="text/html;charset=utf-8" />
  <meta name='ocr-system' content='tesseract 3.04.00' />
  <meta name='ocr-capabilities' content='ocr_page ocr_carea ocr_par ocr_line ocrx_word'/>
</head>
<body>
  <div class='ocr_page' id='page_1' title='image "./orationesetepist00sanduoft/orationesetepist00sanduoft_0275.png"; bbox 0 0 2704 3770; ppageno 0'>
   <div class='ocr_carea' id='block_1_1' title="bbox 920 312 1579 380">
    <p class='ocr_par' dir='ltr' id='par_1_1' title="bbox 920 312 1579 380">
     <span class='ocr_line' id='line_1_1' title="bbox 920 312 1579 380; baseline -0.006 -14"><span class='ocrx_word' id='word_1_1' title='bbox 920 313 1210 380; x_wconf 80' lang='lat' dir='ltr'>Universz&#39;ty</span> <span class='ocrx_word' id='word_1_2' title='bbox 1242 314 1309 378; x_wconf 85' lang='lat' dir='ltr'>of</span> <span class='ocrx_word' id='word_1_3' title='bbox 1335 312 1579 378; x_wconf 84' lang='lat' dir='ltr'>Glasgow.</span> 
     </span>
    </p>
   </div>
   <div class='ocr_carea' id='block_1_2' title="bbox 232 459 2272 1320">
    <p class='ocr_par' dir='ltr' id='par_1_2' title="bbox 232 459 2272 1320">
     <span class='ocr_line' id='line_1_2' title="bbox 234 459 2269 520; baseline -0.004 -12"><span class='ocrx_word' id='word_1_4' title='bbox 234 480 360 520; x_wconf 83' lang='lat' dir='ltr'>quam</span> <span class='ocrx_word' id='word_1_5' title='bbox 379 466 450 508; x_wconf 88' lang='lat' dir='ltr'>diu</span> <span class='ocrx_word' id='word_1_6' title='bbox 471 467 658 518; x_wconf 86' lang='lat' dir='ltr'>Europae</span> <span class='ocrx_word' id='word_1_7' title='bbox 677 464 829 517; x_wconf 89' lang='lat' dir='ltr'>regioni</span> <span class='ocrx_word' id='word_1_8' title='bbox 852 465 905 505; x_wconf 91' lang='lat' dir='ltr'>ad</span> <span class='ocrx_word' id='word_1_9' title='bbox 928 462 1124 504; x_wconf 85' lang='lat' dir='ltr'>orientem</span> <span class='ocrx_word' id='word_1_10' title='bbox 1147 462 1274 502; x_wconf 90' lang='lat' dir='ltr'>solem</span> <span class='ocrx_word' id='word_1_11' title='bbox 1301 459 1498 512; x_wconf 88' lang='lat' dir='ltr'>spectanti</span> <span class='ocrx_word' id='word_1_12' title='bbox 1524 459 1698 501; x_wconf 88' lang='lat' dir='ltr'>veritatis</span> <span class='ocrx_word' id='word_1_13' title='bbox 1724 460 1854 500; x_wconf 89' lang='lat' dir='ltr'>facem</span> <span class='ocrx_word' id='word_1_14' title='bbox 1880 460 2134 511; x_wconf 88' lang='lat' dir='ltr'>splendidam</span> <span class='ocrx_word' id='word_1_15' title='bbox 2159 472 2269 512; x_wconf 87' lang='lat' dir='ltr'>prae-</span> 
     </span>
     <span class='ocr_line' id='line_1_3' title="bbox 235 521 2268 579; baseline -0.004 -9"><span class='ocrx_word' id='word_1_16' title='bbox 235 528 368 570; x_wconf 88' lang='lat' dir='ltr'>tulerit</span> <span class='ocrx_word' id='word_1_17' title='bbox 379 543 392 579; x_wconf 68' lang='grc' dir='ltr'><strong><em>ς</em></strong></span> <span class='ocrx_word' id='word_1_18' title='bbox 420 529 659 569; x_wconf 88' lang='lat' dir='ltr'>confitemur</span> <span class='ocrx_word' id='word_1_19' title='bbox 684 526 860 578; x_wconf 91' lang='lat' dir='ltr'>denique</span> <span class='ocrx_word' id='word_1_20' title='bbox 888 532 1084 578; x_wconf 90' lang='lat' dir='ltr'>quantum</span> <span class='ocrx_word' id='word_1_21' title='bbox 1110 536 1219 564; x_wconf 91' lang='lat' dir='ltr'>nunc</span> <span class='ocrx_word' id='word_1_22' title='bbox 1245 535 1420 575; x_wconf 90' lang='lat' dir='ltr'>quoque,</span> <span class='ocrx_word' id='word_1_23' title='bbox 1442 521 1536 562; x_wconf 90' lang='lat' dir='ltr'>iuris</span> <span class='ocrx_word' id='word_1_24' title='bbox 1556 521 1788 573; x_wconf 89' lang='lat' dir='ltr'>praesertim</span> <span class='ocrx_word' id='word_1_25' title='bbox 1814 528 1854 561; x_wconf 92' lang='lat' dir='ltr'>et</span> <span class='ocrx_word' id='word_1_26' title='bbox 1876 535 2007 561; x_wconf 90' lang='lat' dir='ltr'>rerum</span> <span class='ocrx_word' id='word_1_27' title='bbox 2037 529 2201 562; x_wconf 90' lang='lat' dir='ltr'>naturae</span> <span class='ocrx_word' id='word_1_28' title='bbox 2226 521 2268 562; x_wconf 90' lang='lat' dir='ltr'>in</span> 
     </span>
     <span class='ocr_line' id='line_1_4' title="bbox 235 583 2269 644; baseline -0.005 -12"><span class='ocrx_word' id='word_1_29' title='bbox 235 590 461 644; x_wconf 88' lang='lat' dir='ltr'>provinciis,</span> <span class='ocrx_word' id='word_1_30' title='bbox 483 589 773 643; x_wconf 85' lang='lat' dir='ltr'>professoribus</span> <span class='ocrx_word' id='word_1_31' title='bbox 802 588 942 629; x_wconf 90' lang='lat' dir='ltr'>vestris</span> <span class='ocrx_word' id='word_1_32' title='bbox 971 586 1078 628; x_wconf 90' lang='lat' dir='ltr'>orbis</span> <span class='ocrx_word' id='word_1_33' title='bbox 1108 593 1300 626; x_wconf 90' lang='lat' dir='ltr'>terrarum</span> <span class='ocrx_word' id='word_1_34' title='bbox 1330 585 1506 625; x_wconf 83' lang='lat' dir='ltr'>debeat1.</span> <span class='ocrx_word' id='word_1_35' title='bbox 1567 585 1686 636; x_wconf 92' lang='lat' dir='ltr'>Ergo,</span> <span class='ocrx_word' id='word_1_36' title='bbox 1718 584 1807 624; x_wconf 89' lang='lat' dir='ltr'>festi</span> <span class='ocrx_word' id='word_1_37' title='bbox 1835 583 1955 624; x_wconf 90' lang='lat' dir='ltr'>vestri</span> <span class='ocrx_word' id='word_1_38' title='bbox 1988 583 2199 624; x_wconf 87' lang='lat' dir='ltr'>saecularis</span> <span class='ocrx_word' id='word_1_39' title='bbox 2227 583 2269 623; x_wconf 88' lang='lat' dir='ltr'>in</span> 
     </span>
     <span class='ocr_line' id='line_1_5' title="bbox 237 645 2272 705; baseline -0.005 -10"><span class='ocrx_word' id='word_1_40' title='bbox 237 655 446 702; x_wconf 89' lang='lat' dir='ltr'>honorem,</span> <span class='ocrx_word' id='word_1_41' title='bbox 476 654 628 705; x_wconf 90' lang='lat' dir='ltr'>legatos</span> <span class='ocrx_word' id='word_1_42' title='bbox 661 653 715 692; x_wconf 91' lang='lat' dir='ltr'>ad</span> <span class='ocrx_word' id='word_1_43' title='bbox 740 665 811 692; x_wconf 91' lang='lat' dir='ltr'>vos</span> <span class='ocrx_word' id='word_1_44' title='bbox 841 650 998 691; x_wconf 91' lang='lat' dir='ltr'>mittere</span> <span class='ocrx_word' id='word_1_45' title='bbox 1031 649 1277 696; x_wconf 90' lang='lat' dir='ltr'>volebamus,</span> <span class='ocrx_word' id='word_1_46' title='bbox 1307 647 1378 699; x_wconf 90' lang='lat' dir='ltr'>qui</span> <span class='ocrx_word' id='word_1_47' title='bbox 1405 646 1447 686; x_wconf 91' lang='lat' dir='ltr'>in</span> <span class='ocrx_word' id='word_1_48' title='bbox 1481 646 1538 687; x_wconf 91' lang='lat' dir='ltr'>eis</span> <span class='ocrx_word' id='word_1_49' title='bbox 1568 645 1664 698; x_wconf 90' lang='lat' dir='ltr'>ipsis</span> <span class='ocrx_word' id='word_1_50' title='bbox 1694 645 1847 694; x_wconf 92' lang='lat' dir='ltr'>studiis,</span> <span class='ocrx_word' id='word_1_51' title='bbox 1878 659 1982 697; x_wconf 87' lang='lat' dir='ltr'>quae</span> <span class='ocrx_word' id='word_1_52' title='bbox 2011 645 2272 686; x_wconf 90' lang='lat' dir='ltr'>Universitati</span> 
     </span>
     <span class='ocr_line' id='line_1_6' title="bbox 237 709 2271 768; baseline -0.005 -10"><span class='ocrx_word' id='word_1_53' title='bbox 237 723 390 757; x_wconf 88' lang='lat' dir='ltr'>vestrae</span> <span class='ocrx_word' id='word_1_54' title='bbox 418 729 566 768; x_wconf 90' lang='lat' dir='ltr'>magno</span> <span class='ocrx_word' id='word_1_55' title='bbox 595 722 688 755; x_wconf 90' lang='lat' dir='ltr'>sunt</span> <span class='ocrx_word' id='word_1_56' title='bbox 716 720 966 762; x_wconf 89' lang='lat' dir='ltr'>ornamento,</span> <span class='ocrx_word' id='word_1_57' title='bbox 996 711 1101 752; x_wconf 88' lang='lat' dir='ltr'>vitae</span> <span class='ocrx_word' id='word_1_58' title='bbox 1130 724 1224 751; x_wconf 90' lang='lat' dir='ltr'>suae</span> <span class='ocrx_word' id='word_1_59' title='bbox 1253 711 1362 750; x_wconf 91' lang='lat' dir='ltr'>velut</span> <span class='ocrx_word' id='word_1_60' title='bbox 1391 709 1695 750; x_wconf 89' lang='lat' dir='ltr'>tabernaculum</span> <span class='ocrx_word' id='word_1_61' title='bbox 1724 715 1960 760; x_wconf 90' lang='lat' dir='ltr'>posuerunt.</span> <span class='ocrx_word' id='word_1_62' title='bbox 2016 709 2136 748; x_wconf 90' lang='lat' dir='ltr'>Unus</span> <span class='ocrx_word' id='word_1_63' title='bbox 2164 714 2271 748; x_wconf 89' lang='lat' dir='ltr'>certe</span> 
     </span>
     <span class='ocr_line' id='line_1_7' title="bbox 237 771 2270 827; baseline -0.005 -6"><span class='ocrx_word' id='word_1_64' title='bbox 237 787 419 820; x_wconf 88' lang='lat' dir='ltr'>nostrum</span> <span class='ocrx_word' id='word_1_65' title='bbox 447 777 631 820; x_wconf 90' lang='lat' dir='ltr'>omnium</span> <span class='ocrx_word' id='word_1_66' title='bbox 660 776 827 818; x_wconf 91' lang='lat' dir='ltr'>nomine</span> <span class='ocrx_word' id='word_1_67' title='bbox 854 777 906 816; x_wconf 91' lang='lat' dir='ltr'>ad</span> <span class='ocrx_word' id='word_1_68' title='bbox 935 788 1007 816; x_wconf 89' lang='lat' dir='ltr'>vos</span> <span class='ocrx_word' id='word_1_69' title='bbox 1035 773 1320 827; x_wconf 88' lang='lat' dir='ltr'>proficiscetur,</span> <span class='ocrx_word' id='word_1_70' title='bbox 1347 772 1574 813; x_wconf 88' lang='lat' dir='ltr'>medicinae</span> <span class='ocrx_word' id='word_1_71' title='bbox 1601 773 1755 821; x_wconf 91' lang='lat' dir='ltr'>doctor,</span> <span class='ocrx_word' id='word_1_72' title='bbox 1782 785 1909 823; x_wconf 90' lang='lat' dir='ltr'>nuper</span> <span class='ocrx_word' id='word_1_73' title='bbox 1937 771 2270 824; x_wconf 89' lang='lat' dir='ltr'>procancellarius</span> 
     </span>
     <span class='ocr_line' id='line_1_8' title="bbox 236 833 2267 894; baseline -0.005 -11"><span class='ocrx_word' id='word_1_74' title='bbox 236 849 383 891; x_wconf 89' lang='lat' dir='ltr'>noster,</span> <span class='ocrx_word' id='word_1_75' title='bbox 412 840 481 894; x_wconf 89' lang='lat' dir='ltr'>qui</span> <span class='ocrx_word' id='word_1_76' title='bbox 508 848 684 881; x_wconf 86' lang='lat' dir='ltr'>vestrum</span> <span class='ocrx_word' id='word_1_77' title='bbox 712 840 895 880; x_wconf 91' lang='lat' dir='ltr'>omnium</span> <span class='ocrx_word' id='word_1_78' title='bbox 924 836 1139 889; x_wconf 89' lang='lat' dir='ltr'>voluptatis</span> <span class='ocrx_word' id='word_1_79' title='bbox 1167 836 1280 877; x_wconf 92' lang='lat' dir='ltr'>testis</span> <span class='ocrx_word' id='word_1_80' title='bbox 1308 835 1381 876; x_wconf 92' lang='lat' dir='ltr'>erit</span> <span class='ocrx_word' id='word_1_81' title='bbox 1409 843 1530 887; x_wconf 90' lang='lat' dir='ltr'>atque</span> <span class='ocrx_word' id='word_1_82' title='bbox 1558 835 1662 875; x_wconf 91' lang='lat' dir='ltr'>adeo</span> <span class='ocrx_word' id='word_1_83' title='bbox 1691 834 1920 887; x_wconf 80' lang='lat' dir='ltr'>particeps2.</span> <span class='ocrx_word' id='word_1_84' title='bbox 1981 835 2068 874; x_wconf 90' lang='lat' dir='ltr'>Nos</span> <span class='ocrx_word' id='word_1_85' title='bbox 2097 833 2267 882; x_wconf 89' lang='lat' dir='ltr'>interim,</span> 
     </span>
     <span class='ocr_line' id='line_1_9' title="bbox 237 895 2270 948; baseline -0.005 -3"><span class='ocrx_word' id='word_1_86' title='bbox 237 905 337 946; x_wconf 90' lang='lat' dir='ltr'>dum</span> <span class='ocrx_word' id='word_1_87' title='bbox 366 903 512 945; x_wconf 90' lang='lat' dir='ltr'>mentis</span> <span class='ocrx_word' id='word_1_88' title='bbox 540 904 682 943; x_wconf 89' lang='lat' dir='ltr'>saltem</span> <span class='ocrx_word' id='word_1_89' title='bbox 711 901 838 942; x_wconf 91' lang='lat' dir='ltr'>oculis</span> <span class='ocrx_word' id='word_1_90' title='bbox 867 908 907 941; x_wconf 89' lang='lat' dir='ltr'>et</span> <span class='ocrx_word' id='word_1_91' title='bbox 937 899 1251 941; x_wconf 90' lang='lat' dir='ltr'>Universitatem</span> <span class='ocrx_word' id='word_1_92' title='bbox 1281 905 1321 939; x_wconf 89' lang='lat' dir='ltr'>et</span> <span class='ocrx_word' id='word_1_93' title='bbox 1349 898 1490 938; x_wconf 90' lang='lat' dir='ltr'>urbem</span> <span class='ocrx_word' id='word_1_94' title='bbox 1524 904 1697 937; x_wconf 90' lang='lat' dir='ltr'>vestram</span> <span class='ocrx_word' id='word_1_95' title='bbox 1727 895 2059 948; x_wconf 87' lang='lat' dir='ltr'>antiquissimam,</span> <span class='ocrx_word' id='word_1_96' title='bbox 2089 895 2270 936; x_wconf 89' lang='lat' dir='ltr'>Vistulae</span> 
     </span>
     <span class='ocr_line' id='line_1_10' title="bbox 238 958 2270 1018; baseline -0.005 -11"><span class='ocrx_word' id='word_1_97' title='bbox 238 967 280 1007; x_wconf 92' lang='lat' dir='ltr'>in</span> <span class='ocrx_word' id='word_1_98' title='bbox 305 967 407 1007; x_wconf 89' lang='lat' dir='ltr'>valle</span> <span class='ocrx_word' id='word_1_99' title='bbox 432 979 503 1018; x_wconf 89' lang='lat' dir='ltr'>per</span> <span class='ocrx_word' id='word_1_100' title='bbox 527 972 587 1005; x_wconf 89' lang='lat' dir='ltr'>tot</span> <span class='ocrx_word' id='word_1_101' title='bbox 615 977 744 1004; x_wconf 91' lang='lat' dir='ltr'>annos</span> <span class='ocrx_word' id='word_1_102' title='bbox 768 963 955 1015; x_wconf 89' lang='lat' dir='ltr'>positam,</span> <span class='ocrx_word' id='word_1_103' title='bbox 976 961 1141 1002; x_wconf 90' lang='lat' dir='ltr'>collium</span> <span class='ocrx_word' id='word_1_104' title='bbox 1167 963 1246 1001; x_wconf 89' lang='lat' dir='ltr'>late</span> <span class='ocrx_word' id='word_1_105' title='bbox 1270 959 1582 1012; x_wconf 91' lang='lat' dir='ltr'>conspicuorum</span> <span class='ocrx_word' id='word_1_106' title='bbox 1606 972 1757 999; x_wconf 89' lang='lat' dir='ltr'>corona</span> <span class='ocrx_word' id='word_1_107' title='bbox 1780 958 2082 1008; x_wconf 89' lang='lat' dir='ltr'>circumdatam,</span> <span class='ocrx_word' id='word_1_108' title='bbox 2104 958 2270 998; x_wconf 89' lang='lat' dir='ltr'>turrium</span> 
     </span>
     <span class='ocr_line' id='line_1_11' title="bbox 236 1020 2271 1081; baseline -0.005 -11"><span class='ocrx_word' id='word_1_109' title='bbox 236 1036 278 1070; x_wconf 86' lang='lat' dir='ltr'>et</span> <span class='ocrx_word' id='word_1_110' title='bbox 305 1029 545 1081; x_wconf 89' lang='lat' dir='ltr'>templorum</span> <span class='ocrx_word' id='word_1_111' title='bbox 575 1034 755 1067; x_wconf 90' lang='lat' dir='ltr'>veterum</span> <span class='ocrx_word' id='word_1_112' title='bbox 784 1023 1042 1064; x_wconf 89' lang='lat' dir='ltr'>multitudine</span> <span class='ocrx_word' id='word_1_113' title='bbox 1069 1023 1380 1075; x_wconf 88' lang='lat' dir='ltr'>superbientem,</span> <span class='ocrx_word' id='word_1_114' title='bbox 1410 1036 1433 1062; x_wconf 93' lang='lat' dir='ltr'>e</span> <span class='ocrx_word' id='word_1_115' title='bbox 1461 1021 1684 1074; x_wconf 89' lang='lat' dir='ltr'>longinquo</span> <span class='ocrx_word' id='word_1_116' title='bbox 1713 1020 1991 1072; x_wconf 88' lang='lat' dir='ltr'>prospicimus,</span> <span class='ocrx_word' id='word_1_117' title='bbox 2020 1028 2146 1061; x_wconf 92' lang='lat' dir='ltr'>turres</span> <span class='ocrx_word' id='word_1_118' title='bbox 2171 1020 2271 1069; x_wconf 91' lang='lat' dir='ltr'>illas,</span> 
     </span>
     <span class='ocr_line' id='line_1_12' title="bbox 235 1084 2271 1139; baseline -0.004 -6"><span class='ocrx_word' id='word_1_119' title='bbox 235 1093 384 1132; x_wconf 86' lang='lat' dir='ltr'>famam</span> <span class='ocrx_word' id='word_1_120' title='bbox 421 1097 593 1132; x_wconf 86' lang='lat' dir='ltr'>vestram</span> <span class='ocrx_word' id='word_1_121' title='bbox 630 1088 752 1129; x_wconf 88' lang='lat' dir='ltr'>etiam</span> <span class='ocrx_word' id='word_1_122' title='bbox 784 1087 862 1128; x_wconf 92' lang='lat' dir='ltr'>alia</span> <span class='ocrx_word' id='word_1_123' title='bbox 899 1101 970 1139; x_wconf 89' lang='lat' dir='ltr'>per</span> <span class='ocrx_word' id='word_1_124' title='bbox 1002 1088 1162 1127; x_wconf 90' lang='lat' dir='ltr'>saecula</span> <span class='ocrx_word' id='word_1_125' title='bbox 1194 1085 1417 1135; x_wconf 83' lang='lat' dir='ltr'>tradituras,</span> <span class='ocrx_word' id='word_1_126' title='bbox 1453 1085 1569 1138; x_wconf 90' lang='lat' dir='ltr'>quasi</span> <span class='ocrx_word' id='word_1_127' title='bbox 1601 1099 1673 1137; x_wconf 94' lang='lat' dir='ltr'>per</span> <span class='ocrx_word' id='word_1_128' title='bbox 1706 1084 1848 1125; x_wconf 91' lang='lat' dir='ltr'>seriem</span> <span class='ocrx_word' id='word_1_129' title='bbox 1882 1084 2196 1132; x_wconf 89' lang='lat' dir='ltr'>numerabimus,</span> <span class='ocrx_word' id='word_1_130' title='bbox 2231 1091 2271 1124; x_wconf 91' lang='lat' dir='ltr'>et</span> 
     </span>
     <span class='ocr_line' id='line_1_13' title="bbox 236 1148 2271 1202; baseline -0.004 -6"><span class='ocrx_word' id='word_1_131' title='bbox 236 1154 402 1196; x_wconf 89' lang='lat' dir='ltr'>collium</span> <span class='ocrx_word' id='word_1_132' title='bbox 429 1160 683 1195; x_wconf 90' lang='lat' dir='ltr'>aeternorum</span> <span class='ocrx_word' id='word_1_133' title='bbox 713 1151 755 1191; x_wconf 90' lang='lat' dir='ltr'>in</span> <span class='ocrx_word' id='word_1_134' title='bbox 783 1164 934 1191; x_wconf 91' lang='lat' dir='ltr'>corona</span> <span class='ocrx_word' id='word_1_135' title='bbox 960 1149 1066 1190; x_wconf 89' lang='lat' dir='ltr'>vitae</span> <span class='ocrx_word' id='word_1_136' title='bbox 1094 1157 1249 1190; x_wconf 88' lang='lat' dir='ltr'>vestrae</span> <span class='ocrx_word' id='word_1_137' title='bbox 1277 1163 1349 1202; x_wconf 89' lang='lat' dir='ltr'>per</span> <span class='ocrx_word' id='word_1_138' title='bbox 1382 1151 1542 1190; x_wconf 91' lang='lat' dir='ltr'>saecula</span> <span class='ocrx_word' id='word_1_139' title='bbox 1569 1148 1742 1201; x_wconf 89' lang='lat' dir='ltr'>plurima</span> <span class='ocrx_word' id='word_1_140' title='bbox 1770 1150 1983 1189; x_wconf 86' lang='lat' dir='ltr'>duraturae</span> <span class='ocrx_word' id='word_1_141' title='bbox 2015 1150 2121 1188; x_wconf 90' lang='lat' dir='ltr'>velut</span> <span class='ocrx_word' id='word_1_142' title='bbox 2150 1161 2271 1188; x_wconf 91' lang='lat' dir='ltr'>omen</span> 
     </span>
     <span class='ocr_line' id='line_1_14' title="bbox 235 1210 2269 1269; baseline -0.004 -10"><span class='ocrx_word' id='word_1_143' title='bbox 235 1217 407 1259; x_wconf 88' lang='lat' dir='ltr'>libenter</span> <span class='ocrx_word' id='word_1_144' title='bbox 424 1215 681 1269; x_wconf 87' lang='lat' dir='ltr'>accipiemus,</span> <span class='ocrx_word' id='word_1_145' title='bbox 702 1221 825 1266; x_wconf 88' lang='lat' dir='ltr'>atque</span> <span class='ocrx_word' id='word_1_146' title='bbox 844 1212 982 1254; x_wconf 88' lang='lat' dir='ltr'>omnia</span> <span class='ocrx_word' id='word_1_147' title='bbox 1004 1214 1134 1253; x_wconf 87' lang='lat' dir='ltr'>fausta</span> <span class='ocrx_word' id='word_1_148' title='bbox 1156 1211 1272 1253; x_wconf 91' lang='lat' dir='ltr'>vobis</span> <span class='ocrx_word' id='word_1_149' title='bbox 1298 1211 1419 1252; x_wconf 89' lang='lat' dir='ltr'>etiam</span> <span class='ocrx_word' id='word_1_150' title='bbox 1442 1210 1485 1252; x_wconf 92' lang='lat' dir='ltr'>in</span> <span class='ocrx_word' id='word_1_151' title='bbox 1511 1218 1716 1264; x_wconf 91' lang='lat' dir='ltr'>posterum</span> <span class='ocrx_word' id='word_1_152' title='bbox 1743 1225 1792 1252; x_wconf 91' lang='lat' dir='ltr'>ex</span> <span class='ocrx_word' id='word_1_153' title='bbox 1817 1211 1955 1252; x_wconf 89' lang='lat' dir='ltr'>animo</span> <span class='ocrx_word' id='word_1_154' title='bbox 1979 1211 2269 1264; x_wconf 90' lang='lat' dir='ltr'>exoptabimus.</span> 
     </span>
     <span class='ocr_line' id='line_1_15' title="bbox 232 1280 391 1320; baseline 0 0"><span class='ocrx_word' id='word_1_155' title='bbox 232 1280 391 1320; x_wconf 87' lang='lat' dir='ltr'>Valete.</span> 
     </span>
    </p>
   </div>
   <div class='ocr_carea' id='block_1_3' title="bbox 344 1357 960 1507">
    <p class='ocr_par' dir='ltr' id='par_1_3' title="bbox 344 1357 960 1507">
     <span class='ocr_line' id='line_1_16' title="bbox 344 1357 805 1407; baseline -0.007 -9"><span class='ocrx_word' id='word_1_156' title='bbox 344 1360 502 1399; x_wconf 87' lang='lat' dir='ltr'>Datum</span> <span class='ocrx_word' id='word_1_157' title='bbox 527 1357 805 1407; x_wconf 54' lang='lat' dir='ltr'>Cantabrzgiae</span> 
     </span>
     <span class='ocr_line' id='line_1_17' title="bbox 456 1411 960 1453; baseline -0.008 0"><span class='ocrx_word' id='word_1_158' title='bbox 456 1413 596 1453; x_wconf 82' lang='lat' dir='ltr'>mensis</span> <span class='ocrx_word' id='word_1_159' title='bbox 613 1412 729 1451; x_wconf 80' lang='lat' dir='ltr'>Maii</span> <span class='ocrx_word' id='word_1_160' title='bbox 743 1411 805 1450; x_wconf 86' lang='lat' dir='ltr'>die</span> <span class='ocrx_word' id='word_1_161' title='bbox 820 1411 960 1450; x_wconf 84' lang='lat' dir='ltr'>decimo</span> 
     </span>
     <span class='ocr_line' id='line_1_18' title="bbox 564 1467 830 1507; baseline -0.011 -1"><span class='ocrx_word' id='word_1_162' title='bbox 564 1467 617 1507; x_wconf 91' lang='lat' dir='ltr'>A.</span> <span class='ocrx_word' id='word_1_163' title='bbox 640 1467 682 1507; x_wconf 89' lang='lat' dir='ltr'>S.</span> <span class='ocrx_word' id='word_1_164' title='bbox 704 1473 830 1506; x_wconf 80' lang='lat' dir='ltr'>MCM0.</span> 
     </span>
    </p>
   </div>
   <div class='ocr_carea' id='block_1_4' title="bbox 550 1636 1956 1689">
    <p class='ocr_par' dir='ltr' id='par_1_4' title="bbox 550 1636 1956 1689">
     <span class='ocr_line' id='line_1_19' title="bbox 550 1636 1956 1689; baseline -0.001 -11"><span class='ocrx_word' id='word_1_165' title='bbox 550 1639 811 1679; x_wconf 77' lang='lat' dir='ltr'>Universitati</span> <span class='ocrx_word' id='word_1_166' title='bbox 838 1638 1078 1689; x_wconf 78' lang='lat' dir='ltr'>Glasguensi</span> <span class='ocrx_word' id='word_1_167' title='bbox 1102 1637 1143 1678; x_wconf 89' lang='lat' dir='ltr'>S.</span> <span class='ocrx_word' id='word_1_168' title='bbox 1166 1638 1213 1677; x_wconf 89' lang='lat' dir='ltr'>P.</span> <span class='ocrx_word' id='word_1_169' title='bbox 1236 1638 1294 1676; x_wconf 91' lang='lat' dir='ltr'>D.</span> <span class='ocrx_word' id='word_1_170' title='bbox 1334 1636 1581 1677; x_wconf 70' lang='lat' dir='ltr'>Unimrsitas</span> <span class='ocrx_word' id='word_1_171' title='bbox 1615 1637 1956 1688; x_wconf 56' lang='lat' dir='ltr'>Cantabrzgiensis.</span> 
     </span>
    </p>
   </div>
   <div class='ocr_carea' id='block_1_5' title="bbox 232 1721 2278 2972">
    <p class='ocr_par' dir='ltr' id='par_1_5' title="bbox 232 1721 2278 2972">
     <span class='ocr_line' id='line_1_20' title="bbox 345 1721 2274 1777; baseline 0 -14"><span class='ocrx_word' id='word_1_172' title='bbox 345 1723 460 1777; x_wconf 85' lang='lat'>(561)</span> <span class='ocrx_word' id='word_1_173' title='bbox 492 1725 704 1763; x_wconf 78' lang='lat' dir='ltr'>LITTERAS</span> <span class='ocrx_word' id='word_1_174' title='bbox 727 1730 889 1771; x_wconf 89' lang='lat' dir='ltr'>vestras,</span> <span class='ocrx_word' id='word_1_175' title='bbox 910 1722 982 1762; x_wconf 88' lang='lat' dir='ltr'>viri</span> <span class='ocrx_word' id='word_1_176' title='bbox 1006 1721 1241 1770; x_wconf 90' lang='lat' dir='ltr'>doctissimi,</span> <span class='ocrx_word' id='word_1_177' title='bbox 1263 1735 1347 1762; x_wconf 91' lang='lat' dir='ltr'>non</span> <span class='ocrx_word' id='word_1_178' title='bbox 1374 1721 1460 1762; x_wconf 90' lang='lat' dir='ltr'>sine</span> <span class='ocrx_word' id='word_1_179' title='bbox 1482 1721 1631 1774; x_wconf 92' lang='lat' dir='ltr'>gaudio</span> <span class='ocrx_word' id='word_1_180' title='bbox 1654 1721 1907 1774; x_wconf 87' lang='lat' dir='ltr'>perlegimus,</span> <span class='ocrx_word' id='word_1_181' title='bbox 1929 1721 1970 1762; x_wconf 91' lang='lat' dir='ltr'>in</span> <span class='ocrx_word' id='word_1_182' title='bbox 1995 1721 2142 1774; x_wconf 91' lang='lat' dir='ltr'>quibus</span> <span class='ocrx_word' id='word_1_183' title='bbox 2162 1735 2274 1763; x_wconf 90' lang='lat' dir='ltr'>sacra</span> 
     </span>
     <span class='ocr_line' id='line_1_21' title="bbox 234 1783 2273 1837; baseline -0.001 -9"><span class='ocrx_word' id='word_1_184' title='bbox 234 1794 366 1829; x_wconf 85' lang='lat' dir='ltr'>vestra</span> <span class='ocrx_word' id='word_1_185' title='bbox 384 1785 601 1827; x_wconf 87' lang='lat' dir='ltr'>saecularia</span> <span class='ocrx_word' id='word_1_186' title='bbox 621 1785 739 1826; x_wconf 91' lang='lat' dir='ltr'>nobis</span> <span class='ocrx_word' id='word_1_187' title='bbox 759 1799 888 1837; x_wconf 90' lang='lat' dir='ltr'>nuper</span> <span class='ocrx_word' id='word_1_188' title='bbox 906 1784 1116 1833; x_wconf 86' lang='lat' dir='ltr'>indixistis,</span> <span class='ocrx_word' id='word_1_189' title='bbox 1138 1791 1261 1836; x_wconf 90' lang='lat' dir='ltr'>atque</span> <span class='ocrx_word' id='word_1_190' title='bbox 1281 1783 1402 1824; x_wconf 88' lang='lat' dir='ltr'>etiam</span> <span class='ocrx_word' id='word_1_191' title='bbox 1422 1791 1601 1825; x_wconf 89' lang='lat' dir='ltr'>nostram</span> <span class='ocrx_word' id='word_1_192' title='bbox 1622 1784 1938 1825; x_wconf 90' lang='lat' dir='ltr'>Universitatem</span> <span class='ocrx_word' id='word_1_193' title='bbox 1962 1785 2102 1837; x_wconf 89' lang='lat' dir='ltr'>legatis</span> <span class='ocrx_word' id='word_1_194' title='bbox 2123 1786 2177 1826; x_wconf 88' lang='lat' dir='ltr'>ad</span> <span class='ocrx_word' id='word_1_195' title='bbox 2202 1799 2273 1826; x_wconf 91' lang='lat' dir='ltr'>vos</span> 
     </span>
     <span class='ocr_line' id='line_1_22' title="bbox 235 1846 2274 1899; baseline -0.001 -9"><span class='ocrx_word' id='word_1_196' title='bbox 235 1849 366 1890; x_wconf 89' lang='lat' dir='ltr'>missis</span> <span class='ocrx_word' id='word_1_197' title='bbox 394 1856 571 1889; x_wconf 87' lang='lat' dir='ltr'>vestrum</span> <span class='ocrx_word' id='word_1_198' title='bbox 600 1847 784 1888; x_wconf 89' lang='lat' dir='ltr'>omniurn</span> <span class='ocrx_word' id='word_1_199' title='bbox 812 1846 1029 1899; x_wconf 90' lang='lat' dir='ltr'>voluptatis</span> <span class='ocrx_word' id='word_1_200' title='bbox 1058 1846 1294 1898; x_wconf 89' lang='lat' dir='ltr'>participem</span> <span class='ocrx_word' id='word_1_201' title='bbox 1324 1847 1408 1887; x_wconf 92' lang='lat' dir='ltr'>fieri</span> <span class='ocrx_word' id='word_1_202' title='bbox 1438 1846 1629 1887; x_wconf 91' lang='lat' dir='ltr'>voluistis.</span> <span class='ocrx_word' id='word_1_203' title='bbox 1689 1848 1791 1887; x_wconf 91' lang='lat' dir='ltr'>Sunt</span> <span class='ocrx_word' id='word_1_204' title='bbox 1822 1861 1918 1887; x_wconf 92' lang='lat' dir='ltr'>sane</span> <span class='ocrx_word' id='word_1_205' title='bbox 1950 1849 2076 1887; x_wconf 92' lang='lat' dir='ltr'>multa</span> <span class='ocrx_word' id='word_1_206' title='bbox 2104 1847 2274 1888; x_wconf 90' lang='lat' dir='ltr'>necessi-</span> 
     </span>
     <span class='ocr_line' id='line_1_23' title="bbox 234 1909 2274 1961; baseline -0.001 -8"><span class='ocrx_word' id='word_1_207' title='bbox 234 1911 386 1953; x_wconf 88' lang='lat' dir='ltr'>tudinis</span> <span class='ocrx_word' id='word_1_208' title='bbox 404 1910 575 1959; x_wconf 88' lang='lat' dir='ltr'>vincula,</span> <span class='ocrx_word' id='word_1_209' title='bbox 598 1923 731 1961; x_wconf 89' lang='lat' dir='ltr'>neque</span> <span class='ocrx_word' id='word_1_210' title='bbox 750 1909 866 1950; x_wconf 89' lang='lat' dir='ltr'>vobis</span> <span class='ocrx_word' id='word_1_211' title='bbox 887 1923 1020 1961; x_wconf 90' lang='lat' dir='ltr'>neque</span> <span class='ocrx_word' id='word_1_212' title='bbox 1044 1909 1162 1949; x_wconf 89' lang='lat' dir='ltr'>nobis</span> <span class='ocrx_word' id='word_1_213' title='bbox 1186 1909 1333 1961; x_wconf 89' lang='lat' dir='ltr'>ignota,</span> <span class='ocrx_word' id='word_1_214' title='bbox 1356 1923 1460 1961; x_wconf 90' lang='lat' dir='ltr'>quae</span> <span class='ocrx_word' id='word_1_215' title='bbox 1484 1909 1798 1950; x_wconf 90' lang='lat' dir='ltr'>Universitatem</span> <span class='ocrx_word' id='word_1_216' title='bbox 1823 1918 1994 1950; x_wconf 88' lang='lat' dir='ltr'>vestram</span> <span class='ocrx_word' id='word_1_217' title='bbox 2019 1924 2112 1950; x_wconf 92' lang='lat' dir='ltr'>cum</span> <span class='ocrx_word' id='word_1_218' title='bbox 2138 1918 2274 1951; x_wconf 89' lang='lat' dir='ltr'>nostra</span> 
     </span>
     <span class='ocr_line' id='line_1_24' title="bbox 234 1971 2273 2028; baseline 0 -14"><span class='ocrx_word' id='word_1_219' title='bbox 234 1988 308 2028; x_wconf 90' lang='lat' dir='ltr'>per</span> <span class='ocrx_word' id='word_1_220' title='bbox 324 1987 454 2014; x_wconf 88' lang='lat' dir='ltr'>annos</span> <span class='ocrx_word' id='word_1_221' title='bbox 473 1973 701 2025; x_wconf 92' lang='lat' dir='ltr'>complures</span> <span class='ocrx_word' id='word_1_222' title='bbox 721 1971 888 2012; x_wconf 89' lang='lat' dir='ltr'>feliciter</span> <span class='ocrx_word' id='word_1_223' title='bbox 907 1971 1213 2012; x_wconf 88' lang='lat' dir='ltr'>coniunxerunt.</span> <span class='ocrx_word' id='word_1_224' title='bbox 1273 1971 1449 2021; x_wconf 88' lang='lat' dir='ltr'>Etenim,</span> <span class='ocrx_word' id='word_1_225' title='bbox 1472 1985 1524 2012; x_wconf 93' lang='lat' dir='ltr'>ne</span> <span class='ocrx_word' id='word_1_226' title='bbox 1548 1973 1662 2023; x_wconf 88' lang='lat' dir='ltr'>plura</span> <span class='ocrx_word' id='word_1_227' title='bbox 1685 1985 2062 2023; x_wconf 83' lang='lat' dir='ltr'>commemoremuS,</span> <span class='ocrx_word' id='word_1_228' title='bbox 2085 1974 2195 2014; x_wconf 92' lang='lat' dir='ltr'>haud</span> <span class='ocrx_word' id='word_1_229' title='bbox 2218 1973 2273 2014; x_wconf 89' lang='lat' dir='ltr'>ita</span> 
     </span>
     <span class='ocr_line' id='line_1_25' title="bbox 233 2033 2274 2090; baseline -0.001 -12"><span class='ocrx_word' id='word_1_230' title='bbox 233 2035 391 2090; x_wconf 88' lang='lat' dir='ltr'>pridem</span> <span class='ocrx_word' id='word_1_231' title='bbox 423 2037 494 2076; x_wconf 88' lang='lat' dir='ltr'>uni</span> <span class='ocrx_word' id='word_1_232' title='bbox 527 2049 550 2076; x_wconf 90' lang='lat' dir='ltr'>e</span> <span class='ocrx_word' id='word_1_233' title='bbox 582 2033 875 2087; x_wconf 86' lang='lat' dir='ltr'>professoribus</span> <span class='ocrx_word' id='word_1_234' title='bbox 906 2033 1056 2083; x_wconf 90' lang='lat' dir='ltr'>vestris,</span> <span class='ocrx_word' id='word_1_235' title='bbox 1092 2036 1258 2074; x_wconf 89' lang='lat' dir='ltr'>alumno</span> <span class='ocrx_word' id='word_1_236' title='bbox 1292 2041 1444 2083; x_wconf 90' lang='lat' dir='ltr'>nostro,</span> <span class='ocrx_word' id='word_1_237' title='bbox 1478 2047 1607 2073; x_wconf 91' lang='lat' dir='ltr'>annos</span> <span class='ocrx_word' id='word_1_238' title='bbox 1641 2033 1933 2086; x_wconf 85' lang='lat' dir='ltr'>quinquaginta</span> <span class='ocrx_word' id='word_1_239' title='bbox 1965 2036 2198 2086; x_wconf 86' lang='lat' dir='ltr'>professoris</span> <span class='ocrx_word' id='word_1_240' title='bbox 2232 2036 2274 2076; x_wconf 92' lang='lat' dir='ltr'>in</span> 
     </span>
     <span class='ocr_line' id='line_1_26' title="bbox 234 2095 2274 2149; baseline -0 -9"><span class='ocrx_word' id='word_1_241' title='bbox 234 2112 401 2140; x_wconf 91' lang='lat' dir='ltr'>munere</span> <span class='ocrx_word' id='word_1_242' title='bbox 438 2098 565 2138; x_wconf 87' lang='lat' dir='ltr'>multa</span> <span class='ocrx_word' id='word_1_243' title='bbox 602 2110 696 2137; x_wconf 92' lang='lat' dir='ltr'>cum</span> <span class='ocrx_word' id='word_1_244' title='bbox 734 2097 854 2137; x_wconf 86' lang='lat' dir='ltr'>laude</span> <span class='ocrx_word' id='word_1_245' title='bbox 888 2103 1050 2136; x_wconf 85' lang='lat' dir='ltr'>exactos</span> <span class='ocrx_word' id='word_1_246' title='bbox 1082 2096 1254 2137; x_wconf 88' lang='lat' dir='ltr'>libenter</span> <span class='ocrx_word' id='word_1_247' title='bbox 1287 2095 1472 2149; x_wconf 89' lang='lat' dir='ltr'>gratulati</span> <span class='ocrx_word' id='word_1_248' title='bbox 1506 2097 1675 2136; x_wconf 77' lang='lat' dir='ltr'>sumus³.</span> <span class='ocrx_word' id='word_1_249' title='bbox 1746 2098 1894 2136; x_wconf 88' lang='lat' dir='ltr'>Postea</span> <span class='ocrx_word' id='word_1_250' title='bbox 1931 2098 2083 2149; x_wconf 90' lang='lat' dir='ltr'>legatos</span> <span class='ocrx_word' id='word_1_251' title='bbox 2121 2106 2274 2139; x_wconf 89' lang='lat' dir='ltr'>vestros</span> 
     </span>
     <span class='ocr_line' id='line_1_27' title="bbox 233 2159 2272 2215; baseline 0 -12"><span class='ocrx_word' id='word_1_252' title='bbox 233 2161 422 2215; x_wconf 87' lang='lat' dir='ltr'>insignes,</span> <span class='ocrx_word' id='word_1_253' title='bbox 451 2161 574 2202; x_wconf 90' lang='lat' dir='ltr'>etiam</span> <span class='ocrx_word' id='word_1_254' title='bbox 602 2159 747 2200; x_wconf 91' lang='lat' dir='ltr'>nostris</span> <span class='ocrx_word' id='word_1_255' title='bbox 776 2173 799 2200; x_wconf 91' lang='lat' dir='ltr'>e</span> <span class='ocrx_word' id='word_1_256' title='bbox 827 2159 1120 2212; x_wconf 90' lang='lat' dir='ltr'>professoribus</span> <span class='ocrx_word' id='word_1_257' title='bbox 1148 2160 1220 2200; x_wconf 91' lang='lat' dir='ltr'>uni</span> <span class='ocrx_word' id='word_1_258' title='bbox 1247 2159 1352 2201; x_wconf 88' lang='lat' dir='ltr'>vitae</span> <span class='ocrx_word' id='word_1_259' title='bbox 1381 2159 1613 2201; x_wconf 89' lang='lat' dir='ltr'>felicitatem</span> <span class='ocrx_word' id='word_1_260' title='bbox 1639 2161 1812 2201; x_wconf 89' lang='lat' dir='ltr'>eandem</span> <span class='ocrx_word' id='word_1_261' title='bbox 1838 2162 1989 2214; x_wconf 91' lang='lat' dir='ltr'>adepto</span> <span class='ocrx_word' id='word_1_262' title='bbox 2016 2164 2272 2214; x_wconf 89' lang='lat' dir='ltr'>gratulantes,</span> 
     </span>
     <span class='ocr_line' id='line_1_28' title="bbox 234 2222 2275 2277; baseline -0 -11"><span class='ocrx_word' id='word_1_263' title='bbox 234 2237 318 2266; x_wconf 90' lang='lat' dir='ltr'>non</span> <span class='ocrx_word' id='word_1_264' title='bbox 355 2223 488 2264; x_wconf 92' lang='lat' dir='ltr'>minus</span> <span class='ocrx_word' id='word_1_265' title='bbox 525 2222 697 2263; x_wconf 88' lang='lat' dir='ltr'>libenter</span> <span class='ocrx_word' id='word_1_266' title='bbox 733 2222 995 2274; x_wconf 80' lang='lat' dir='ltr'>excepimus⁴.</span> <span class='ocrx_word' id='word_1_267' title='bbox 1055 2223 1162 2274; x_wconf 89' lang='lat' dir='ltr'>Ergo</span> <span class='ocrx_word' id='word_1_268' title='bbox 1200 2222 1510 2263; x_wconf 91' lang='lat' dir='ltr'>necessitudinis</span> <span class='ocrx_word' id='word_1_269' title='bbox 1548 2230 1710 2263; x_wconf 89' lang='lat' dir='ltr'>nostrae</span> <span class='ocrx_word' id='word_1_270' title='bbox 1748 2236 1832 2263; x_wconf 89' lang='lat' dir='ltr'>non</span> <span class='ocrx_word' id='word_1_271' title='bbox 1870 2224 2128 2265; x_wconf 87' lang='lat' dir='ltr'>immemores</span> <span class='ocrx_word' id='word_1_272' title='bbox 2165 2239 2275 2277; x_wconf 90' lang='lat' dir='ltr'>prae-</span> 
     </span>
     <span class='ocr_line' id='line_1_29' title="bbox 235 2284 2273 2340; baseline 0 -12"><span class='ocrx_word' id='word_1_273' title='bbox 235 2293 446 2340; x_wconf 86' lang='lat' dir='ltr'>ceptorum</span> <span class='ocrx_word' id='word_1_274' title='bbox 483 2292 712 2326; x_wconf 89' lang='lat' dir='ltr'>nostrorum</span> <span class='ocrx_word' id='word_1_275' title='bbox 746 2298 795 2324; x_wconf 88' lang='lat' dir='ltr'>ex</span> <span class='ocrx_word' id='word_1_276' title='bbox 828 2284 970 2325; x_wconf 90' lang='lat' dir='ltr'>ordine</span> <span class='ocrx_word' id='word_1_277' title='bbox 1003 2285 1156 2337; x_wconf 89' lang='lat' dir='ltr'>legatos</span> <span class='ocrx_word' id='word_1_278' title='bbox 1189 2284 1362 2325; x_wconf 87' lang='lat' dir='ltr'>maxime</span> <span class='ocrx_word' id='word_1_279' title='bbox 1395 2285 1566 2325; x_wconf 93' lang='lat' dir='ltr'>idoneos</span> <span class='ocrx_word' id='word_1_280' title='bbox 1599 2286 1652 2325; x_wconf 87' lang='lat' dir='ltr'>ad</span> <span class='ocrx_word' id='word_1_281' title='bbox 1685 2299 1758 2325; x_wconf 90' lang='lat' dir='ltr'>vos</span> <span class='ocrx_word' id='word_1_282' title='bbox 1796 2285 1953 2326; x_wconf 91' lang='lat' dir='ltr'>mittere</span> <span class='ocrx_word' id='word_1_283' title='bbox 1991 2287 2273 2337; x_wconf 81' lang='lat' dir='ltr'>decrevimus¹⁵,</span> 
     </span>
     <span class='ocr_line' id='line_1_30' title="bbox 235 2346 2275 2400; baseline 0 -10"><span class='ocrx_word' id='word_1_284' title='bbox 235 2349 472 2400; x_wconf 87' lang='lat' dir='ltr'>eisdemque</span> <span class='ocrx_word' id='word_1_285' title='bbox 504 2349 611 2388; x_wconf 89' lang='lat' dir='ltr'>hanc</span> <span class='ocrx_word' id='word_1_286' title='bbox 644 2346 856 2399; x_wconf 90' lang='lat' dir='ltr'>epistolam</span> <span class='ocrx_word' id='word_1_287' title='bbox 890 2347 943 2387; x_wconf 91' lang='lat' dir='ltr'>ad</span> <span class='ocrx_word' id='word_1_288' title='bbox 976 2360 1048 2387; x_wconf 88' lang='lat' dir='ltr'>vos</span> <span class='ocrx_word' id='word_1_289' title='bbox 1081 2348 1360 2398; x_wconf 89' lang='lat' dir='ltr'>perferendam</span> <span class='ocrx_word' id='word_1_290' title='bbox 1394 2347 1600 2396; x_wconf 87' lang='lat' dir='ltr'>tradimus,</span> <span class='ocrx_word' id='word_1_291' title='bbox 1636 2347 1678 2387; x_wconf 94' lang='lat' dir='ltr'>in</span> <span class='ocrx_word' id='word_1_292' title='bbox 1711 2361 1793 2399; x_wconf 89' lang='lat' dir='ltr'>qua</span> <span class='ocrx_word' id='word_1_293' title='bbox 1826 2348 2089 2390; x_wconf 89' lang='lat' dir='ltr'>Universitati</span> <span class='ocrx_word' id='word_1_294' title='bbox 2122 2358 2275 2391; x_wconf 86' lang='lat' dir='ltr'>vestrae</span> 
     </span>
     <span class='ocr_line' id='line_1_31' title="bbox 235 2407 2274 2461; baseline 0 -9"><span class='ocrx_word' id='word_1_295' title='bbox 235 2409 453 2452; x_wconf 86' lang='lat' dir='ltr'>venerabili</span> <span class='ocrx_word' id='word_1_296' title='bbox 480 2411 582 2450; x_wconf 92' lang='lat' dir='ltr'>duas</span> <span class='ocrx_word' id='word_1_297' title='bbox 611 2407 843 2461; x_wconf 88' lang='lat' dir='ltr'>praesertim</span> <span class='ocrx_word' id='word_1_298' title='bbox 873 2415 1036 2460; x_wconf 91' lang='lat' dir='ltr'>propter</span> <span class='ocrx_word' id='word_1_299' title='bbox 1065 2422 1205 2449; x_wconf 87' lang='lat' dir='ltr'>causas</span> <span class='ocrx_word' id='word_1_300' title='bbox 1233 2410 1478 2461; x_wconf 88' lang='lat' dir='ltr'>gratulamur</span> <span class='ocrx_word' id='word_1_301' title='bbox 1490 2424 1501 2459; x_wconf 82' lang='lat'>3</span> <span class='ocrx_word' id='word_1_302' title='bbox 1531 2409 1717 2461; x_wconf 89' lang='lat' dir='ltr'>primurn,</span> <span class='ocrx_word' id='word_1_303' title='bbox 1749 2412 1860 2461; x_wconf 93' lang='lat' dir='ltr'>quod</span> <span class='ocrx_word' id='word_1_304' title='bbox 1890 2410 2109 2452; x_wconf 89' lang='lat' dir='ltr'>litterarum</span> <span class='ocrx_word' id='word_1_305' title='bbox 2138 2414 2274 2454; x_wconf 89' lang='lat' dir='ltr'>denuo</span> 
     </span>
     <span class='ocr_line' id='line_1_32' title="bbox 236 2470 2275 2528; baseline 0.002 -14"><span class='ocrx_word' id='word_1_306' title='bbox 236 2472 466 2515; x_wconf 90' lang='lat' dir='ltr'>florentium</span> <span class='ocrx_word' id='word_1_307' title='bbox 487 2473 650 2512; x_wconf 90' lang='lat' dir='ltr'>saeculo</span> <span class='ocrx_word' id='word_1_308' title='bbox 669 2470 800 2523; x_wconf 83' lang='lat' dir='ltr'>pn‘mo</span> <span class='ocrx_word' id='word_1_309' title='bbox 824 2479 966 2511; x_wconf 90' lang='lat' dir='ltr'>exacto</span> <span class='ocrx_word' id='word_1_310' title='bbox 989 2473 1197 2522; x_wconf 89' lang='lat' dir='ltr'>quondam</span> <span class='ocrx_word' id='word_1_311' title='bbox 1221 2472 1451 2521; x_wconf 88' lang='lat' dir='ltr'>constituta,</span> <span class='ocrx_word' id='word_1_312' title='bbox 1474 2480 1514 2513; x_wconf 93' lang='lat' dir='ltr'>et</span> <span class='ocrx_word' id='word_1_313' title='bbox 1536 2472 1814 2513; x_wconf 90' lang='lat' dir='ltr'>aedificiorum</span> <span class='ocrx_word' id='word_1_314' title='bbox 1838 2488 2035 2515; x_wconf 90' lang='lat' dir='ltr'>novorum</span> <span class='ocrx_word' id='word_1_315' title='bbox 2061 2477 2275 2528; x_wconf 89' lang='lat' dir='ltr'>splendore</span> 
     </span>
     <span class='ocr_line' id='line_1_33' title="bbox 235 2535 2275 2592; baseline 0.001 -14"><span class='ocrx_word' id='word_1_316' title='bbox 235 2536 457 2589; x_wconf 90' lang='lat' dir='ltr'>conspicuo</span> <span class='ocrx_word' id='word_1_317' title='bbox 476 2548 605 2588; x_wconf 88' lang='lat' dir='ltr'>nuper</span> <span class='ocrx_word' id='word_1_318' title='bbox 623 2541 824 2583; x_wconf 84' lang='lat' dir='ltr'>exornata,</span> <span class='ocrx_word' id='word_1_319' title='bbox 846 2541 906 2575; x_wconf 87' lang='lat' dir='ltr'>tot</span> <span class='ocrx_word' id='word_1_320' title='bbox 925 2535 1100 2575; x_wconf 89' lang='lat' dir='ltr'>virorum</span> <span class='ocrx_word' id='word_1_321' title='bbox 1120 2535 1303 2576; x_wconf 90' lang='lat' dir='ltr'>doctrina</span> <span class='ocrx_word' id='word_1_322' title='bbox 1322 2535 1540 2588; x_wconf 89' lang='lat' dir='ltr'>insignium</span> <span class='ocrx_word' id='word_1_323' title='bbox 1561 2536 1661 2577; x_wconf 92' lang='lat' dir='ltr'>serie</span> <span class='ocrx_word' id='word_1_324' title='bbox 1686 2545 1880 2589; x_wconf 89' lang='lat' dir='ltr'>perpetua</span> <span class='ocrx_word' id='word_1_325' title='bbox 1903 2539 2039 2579; x_wconf 90' lang='lat' dir='ltr'>adhuc</span> <span class='ocrx_word' id='word_1_326' title='bbox 2061 2541 2275 2592; x_wconf 78' lang='lat' dir='ltr'>gloriatur3</span> 
     </span>
     <span class='ocr_line' id='line_1_34' title="bbox 236 2596 2272 2655; baseline 0.001 -14"><span class='ocrx_word' id='word_1_327' title='bbox 236 2599 397 2648; x_wconf 91' lang='lat' dir='ltr'>deinde,</span> <span class='ocrx_word' id='word_1_328' title='bbox 418 2599 532 2651; x_wconf 89' lang='lat' dir='ltr'>quod</span> <span class='ocrx_word' id='word_1_329' title='bbox 551 2596 728 2638; x_wconf 89' lang='lat' dir='ltr'>fluminis</span> <span class='ocrx_word' id='word_1_330' title='bbox 749 2597 883 2649; x_wconf 89' lang='lat' dir='ltr'>magni</span> <span class='ocrx_word' id='word_1_331' title='bbox 903 2597 945 2637; x_wconf 90' lang='lat' dir='ltr'>in</span> <span class='ocrx_word' id='word_1_332' title='bbox 965 2598 1176 2648; x_wconf 89' lang='lat' dir='ltr'>aestuario,</span> <span class='ocrx_word' id='word_1_333' title='bbox 1197 2598 1404 2650; x_wconf 90' lang='lat' dir='ltr'>praesidiis</span> <span class='ocrx_word' id='word_1_334' title='bbox 1425 2599 1662 2640; x_wconf 89' lang='lat' dir='ltr'>militaribus</span> <span class='ocrx_word' id='word_1_335' title='bbox 1681 2614 1705 2640; x_wconf 85' lang='lat' dir='ltr'>a</span> <span class='ocrx_word' id='word_1_336' title='bbox 1726 2602 1924 2643; x_wconf 91' lang='lat' dir='ltr'>Romanis</span> <span class='ocrx_word' id='word_1_337' title='bbox 1944 2602 2041 2643; x_wconf 90' lang='lat' dir='ltr'>olim</span> <span class='ocrx_word' id='word_1_338' title='bbox 2062 2611 2272 2655; x_wconf 90' lang='lat' dir='ltr'>occupato,</span> 
     </span>
     <span class='ocr_line' id='line_1_35' title="bbox 233 2659 2274 2716; baseline 0.003 -13"><span class='ocrx_word' id='word_1_339' title='bbox 233 2662 347 2716; x_wconf 75' lang='lat' dir='ltr'>pacis</span> <span class='ocrx_word' id='word_1_340' title='bbox 375 2662 416 2703; x_wconf 88' lang='lat' dir='ltr'>in</span> <span class='ocrx_word' id='word_1_341' title='bbox 446 2675 542 2702; x_wconf 89' lang='lat' dir='ltr'>usus</span> <span class='ocrx_word' id='word_1_342' title='bbox 570 2659 738 2701; x_wconf 85' lang='lat' dir='ltr'>feliciter</span> <span class='ocrx_word' id='word_1_343' title='bbox 766 2661 944 2710; x_wconf 90' lang='lat' dir='ltr'>fundata,</span> <span class='ocrx_word' id='word_1_344' title='bbox 975 2661 1205 2703; x_wconf 89' lang='lat' dir='ltr'>Britanniae</span> <span class='ocrx_word' id='word_1_345' title='bbox 1234 2662 1276 2702; x_wconf 92' lang='lat' dir='ltr'>in</span> <span class='ocrx_word' id='word_1_346' title='bbox 1304 2670 1416 2715; x_wconf 92' lang='lat' dir='ltr'>parte</span> <span class='ocrx_word' id='word_1_347' title='bbox 1446 2663 1747 2714; x_wconf 91' lang='lat' dir='ltr'>septentrionali</span> <span class='ocrx_word' id='word_1_348' title='bbox 1775 2666 1921 2706; x_wconf 91' lang='lat' dir='ltr'>artium</span> <span class='ocrx_word' id='word_1_349' title='bbox 1950 2674 1990 2707; x_wconf 92' lang='lat' dir='ltr'>et</span> <span class='ocrx_word' id='word_1_350' title='bbox 2019 2667 2274 2708; x_wconf 88' lang='lat' dir='ltr'>scientiarum</span> 
     </span>
     <span class='ocr_line' id='line_1_36' title="bbox 232 2725 2273 2784; baseline 0.002 -16"><span class='ocrx_word' id='word_1_351' title='bbox 232 2726 339 2768; x_wconf 86' lang='lat' dir='ltr'>inter</span> <span class='ocrx_word' id='word_1_352' title='bbox 363 2725 666 2780; x_wconf 87' lang='lat' dir='ltr'>propugnacula</span> <span class='ocrx_word' id='word_1_353' title='bbox 688 2725 904 2778; x_wconf 87' lang='lat' dir='ltr'>praecipua</span> <span class='ocrx_word' id='word_1_354' title='bbox 927 2740 997 2778; x_wconf 90' lang='lat' dir='ltr'>per</span> <span class='ocrx_word' id='word_1_355' title='bbox 1023 2733 1084 2766; x_wconf 92' lang='lat' dir='ltr'>tot</span> <span class='ocrx_word' id='word_1_356' title='bbox 1112 2739 1242 2767; x_wconf 90' lang='lat' dir='ltr'>annos</span> <span class='ocrx_word' id='word_1_357' title='bbox 1270 2726 1430 2767; x_wconf 88' lang='lat' dir='ltr'>exstitit.</span> <span class='ocrx_word' id='word_1_358' title='bbox 1492 2727 1626 2767; x_wconf 87' lang='lat' dir='ltr'>Etiam</span> <span class='ocrx_word' id='word_1_359' title='bbox 1653 2728 1762 2769; x_wconf 91' lang='lat' dir='ltr'>urbis</span> <span class='ocrx_word' id='word_1_360' title='bbox 1790 2738 1942 2772; x_wconf 89' lang='lat' dir='ltr'>vestrae</span> <span class='ocrx_word' id='word_1_361' title='bbox 1965 2730 2172 2784; x_wconf 82' lang='grc' dir='ltr'>πανήγυρις</span> <span class='ocrx_word' id='word_1_362' title='bbox 2195 2731 2273 2780; x_wconf 89' lang='lat' dir='ltr'>illa,</span> 
     </span>
     <span class='ocr_line' id='line_1_37' title="bbox 235 2789 2273 2847; baseline 0.002 -16"><span class='ocrx_word' id='word_1_363' title='bbox 235 2803 340 2844; x_wconf 90' lang='lat' dir='ltr'>quae</span> <span class='ocrx_word' id='word_1_364' title='bbox 373 2789 631 2831; x_wconf 88' lang='lat' dir='ltr'>multitudine</span> <span class='ocrx_word' id='word_1_365' title='bbox 665 2796 777 2829; x_wconf 84' lang='lat' dir='ltr'>tanta</span> <span class='ocrx_word' id='word_1_366' title='bbox 803 2803 852 2830; x_wconf 92' lang='lat' dir='ltr'>ex</span> <span class='ocrx_word' id='word_1_367' title='bbox 884 2790 983 2830; x_wconf 90' lang='lat' dir='ltr'>orbe</span> <span class='ocrx_word' id='word_1_368' title='bbox 1016 2797 1209 2830; x_wconf 91' lang='lat' dir='ltr'>terrarum</span> <span class='ocrx_word' id='word_1_369' title='bbox 1243 2797 1330 2831; x_wconf 93' lang='lat' dir='ltr'>toto</span> <span class='ocrx_word' id='word_1_370' title='bbox 1359 2791 1590 2831; x_wconf 88' lang='lat' dir='ltr'>confluente</span> <span class='ocrx_word' id='word_1_371' title='bbox 1619 2805 1729 2832; x_wconf 89' lang='lat' dir='ltr'>nunc</span> <span class='ocrx_word' id='word_1_372' title='bbox 1764 2793 1936 2835; x_wconf 87' lang='lat' dir='ltr'>maxime</span> <span class='ocrx_word' id='word_1_373' title='bbox 1969 2796 2273 2847; x_wconf 81' lang='lat' dir='ltr'>frequentatur⁶,</span> 
     </span>
     <span class='ocr_line' id='line_1_38' title="bbox 233 2852 2276 2911; baseline 0.002 -17"><span class='ocrx_word' id='word_1_374' title='bbox 233 2853 543 2907; x_wconf 80' lang='lat' dir='ltr'>gratulationem</span> <span class='ocrx_word' id='word_1_375' title='bbox 566 2853 773 2905; x_wconf 86' lang='lat' dir='ltr'>quandam</span> <span class='ocrx_word' id='word_1_376' title='bbox 802 2852 933 2905; x_wconf 91' lang='lat' dir='ltr'>poscit</span> <span class='ocrx_word' id='word_1_377' title='bbox 958 2853 1249 2906; x_wconf 88' lang='lat' dir='ltr'>panegyricam.</span> <span class='ocrx_word' id='word_1_378' title='bbox 1312 2853 1592 2895; x_wconf 90' lang='lat' dir='ltr'>Universitatis</span> <span class='ocrx_word' id='word_1_379' title='bbox 1618 2863 1726 2896; x_wconf 93' lang='lat' dir='ltr'>certe</span> <span class='ocrx_word' id='word_1_380' title='bbox 1749 2864 1902 2898; x_wconf 90' lang='lat' dir='ltr'>vestrae</span> <span class='ocrx_word' id='word_1_381' title='bbox 1927 2856 2135 2911; x_wconf 81' lang='grc' dir='ltr'>πανήγυρις</span> <span class='ocrx_word' id='word_1_382' title='bbox 2157 2859 2276 2898; x_wconf 89' lang='lat' dir='ltr'>laude</span> 
     </span>
     <span class='ocr_line' id='line_1_39' title="bbox 235 2915 2278 2972; baseline 0.001 -14"><span class='ocrx_word' id='word_1_383' title='bbox 235 2917 289 2958; x_wconf 85' lang='lat' dir='ltr'>ab</span> <span class='ocrx_word' id='word_1_384' title='bbox 313 2918 493 2958; x_wconf 85' lang='lat' dir='ltr'>Isocrate</span> <span class='ocrx_word' id='word_1_385' title='bbox 518 2915 607 2968; x_wconf 91' lang='lat' dir='ltr'>ipso</span> <span class='ocrx_word' id='word_1_386' title='bbox 631 2916 673 2957; x_wconf 90' lang='lat' dir='ltr'>in</span> <span class='ocrx_word' id='word_1_387' title='bbox 699 2924 924 2957; x_wconf 90' lang='lat' dir='ltr'>conventus</span> <span class='ocrx_word' id='word_1_388' title='bbox 952 2918 1199 2958; x_wconf 89' lang='lat' dir='ltr'>Graecorum</span> <span class='ocrx_word' id='word_1_389' title='bbox 1226 2917 1509 2958; x_wconf 89' lang='lat' dir='ltr'>celeberrimos</span> <span class='ocrx_word' id='word_1_390' title='bbox 1535 2917 1632 2958; x_wconf 91' lang='lat' dir='ltr'>olim</span> <span class='ocrx_word' id='word_1_391' title='bbox 1657 2919 1802 2959; x_wconf 88' lang='lat' dir='ltr'>collata</span> <span class='ocrx_word' id='word_1_392' title='bbox 1821 2928 2032 2972; x_wconf 89' lang='lat' dir='ltr'>propterea</span> <span class='ocrx_word' id='word_1_393' title='bbox 2052 2928 2111 2961; x_wconf 91' lang='lat' dir='ltr'>est</span> <span class='ocrx_word' id='word_1_394' title='bbox 2131 2919 2278 2972; x_wconf 85' lang='lat' dir='ltr'>dignis-</span> 
     </span>
    </p>
   </div>
   <div class='ocr_carea' id='block_1_6' title="bbox 235 3023 2277 3190">
    <p class='ocr_par' dir='ltr' id='par_1_6' title="bbox 235 3023 2277 3190">
     <span class='ocr_line' id='line_1_40' title="bbox 325 3023 2276 3070; baseline 0 -12"><span class='ocrx_word' id='word_1_395' title='bbox 325 3024 338 3046; x_wconf 87' lang='lat'>¹</span> <span class='ocrx_word' id='word_1_396' title='bbox 361 3035 421 3068; x_wconf 77' lang='lat' dir='ltr'>e-g.</span> <span class='ocrx_word' id='word_1_397' title='bbox 438 3025 546 3058; x_wconf 82' lang='lat' dir='ltr'>Karol</span> <span class='ocrx_word' id='word_1_398' title='bbox 563 3025 762 3064; x_wconf 88' lang='lat' dir='ltr'>Olszewski‚</span> <span class='ocrx_word' id='word_1_399' title='bbox 780 3025 951 3059; x_wconf 83' lang='lat' dir='ltr'>Professor</span> <span class='ocrx_word' id='word_1_400' title='bbox 966 3025 1005 3059; x_wconf 90' lang='lat' dir='ltr'>of</span> <span class='ocrx_word' id='word_1_401' title='bbox 1017 3025 1222 3067; x_wconf 85' lang='lat' dir='ltr'>Chemistry.</span> <span class='ocrx_word' id='word_1_402' title='bbox 1513 3023 1527 3045; x_wconf 83' lang='lat'>²</span> <span class='ocrx_word' id='word_1_403' title='bbox 1549 3026 1639 3059; x_wconf 89' lang='lat' dir='ltr'>Alex</span> <span class='ocrx_word' id='word_1_404' title='bbox 1657 3026 1745 3066; x_wconf 91' lang='lat' dir='ltr'>Hill,</span> <span class='ocrx_word' id='word_1_405' title='bbox 1766 3027 1878 3065; x_wconf 89' lang='lat' dir='ltr'>M.D.,</span> <span class='ocrx_word' id='word_1_406' title='bbox 1898 3028 2026 3060; x_wconf 88' lang='lat' dir='ltr'>Master</span> <span class='ocrx_word' id='word_1_407' title='bbox 2042 3027 2081 3060; x_wconf 93' lang='lat' dir='ltr'>of</span> <span class='ocrx_word' id='word_1_408' title='bbox 2093 3026 2276 3070; x_wconf 87' lang='lat' dir='ltr'>Downing.</span> 
     </span>
     <span class='ocr_line' id='line_1_41' title="bbox 235 3067 2277 3119; baseline 0 -17"><span class='ocrx_word' id='word_1_409' title='bbox 235 3067 251 3089; x_wconf 86' lang='lat'>⁸</span> <span class='ocrx_word' id='word_1_410' title='bbox 265 3068 405 3119; x_wconf 38' lang='lat' dir='ltr'>‘Jubilee</span> <span class='ocrx_word' id='word_1_411' title='bbox 420 3069 458 3102; x_wconf 87' lang='lat' dir='ltr'>of</span> <span class='ocrx_word' id='word_1_412' title='bbox 470 3069 563 3102; x_wconf 90' lang='lat' dir='ltr'>Lord</span> <span class='ocrx_word' id='word_1_413' title='bbox 580 3070 718 3110; x_wconf 88' lang='lat' dir='ltr'>Kelvin,</span> <span class='ocrx_word' id='word_1_414' title='bbox 737 3081 793 3103; x_wconf 90' lang='lat' dir='ltr'>no.</span> <span class='ocrx_word' id='word_1_415' title='bbox 813 3079 874 3113; x_wconf 86' lang='lat'>552</span> <span class='ocrx_word' id='word_1_416' title='bbox 891 3075 1007 3113; x_wconf 86' lang='lat' dir='ltr'>supra.</span> <span class='ocrx_word' id='word_1_417' title='bbox 1118 3068 1133 3089; x_wconf 82' lang='lat'>⁴</span> <span class='ocrx_word' id='word_1_418' title='bbox 1152 3069 1286 3112; x_wconf 89' lang='lat' dir='ltr'>Jubilee</span> <span class='ocrx_word' id='word_1_419' title='bbox 1302 3068 1341 3101; x_wconf 92' lang='lat' dir='ltr'>of</span> <span class='ocrx_word' id='word_1_420' title='bbox 1354 3068 1524 3102; x_wconf 88' lang='lat' dir='ltr'>Professor</span> <span class='ocrx_word' id='word_1_421' title='bbox 1541 3070 1675 3108; x_wconf 90' lang='lat' dir='ltr'>Stokes,</span> <span class='ocrx_word' id='word_1_422' title='bbox 1692 3081 1749 3103; x_wconf 90' lang='lat' dir='ltr'>no.</span> <span class='ocrx_word' id='word_1_423' title='bbox 1768 3079 1830 3112; x_wconf 86' lang='lat'>557</span> <span class='ocrx_word' id='word_1_424' title='bbox 1847 3076 1962 3113; x_wconf 81' lang='lat' dir='ltr'>supra.</span> <span class='ocrx_word' id='word_1_425' title='bbox 2067 3070 2082 3090; x_wconf 80' lang='lat'><strong>⁶</strong></span> <span class='ocrx_word' id='word_1_426' title='bbox 2106 3071 2277 3103; x_wconf 80' lang='lat' dir='ltr'>Professor</span> 
     </span>
     <span class='ocr_line' id='line_1_42' title="bbox 236 3112 2277 3190; baseline 0 -44"><span class='ocrx_word' id='word_1_427' title='bbox 236 3112 292 3146; x_wconf 85' lang='lat' dir='ltr'>Su·</span> <span class='ocrx_word' id='word_1_428' title='bbox 308 3113 457 3190; x_wconf 55' lang='grc' dir='ltr'>Ιῖιῗῐῑίιὲἑᾰ</span> <span class='ocrx_word' id='word_1_429' title='bbox 470 3113 574 3156; x_wconf 92' lang='lat' dir='ltr'>Jebb,</span> <span class='ocrx_word' id='word_1_430' title='bbox 594 3113 646 3146; x_wconf 91' lang='lat' dir='ltr'>Dr</span> <span class='ocrx_word' id='word_1_431' title='bbox 655 3114 820 3157; x_wconf 84' lang='lat' dir='ltr'>Jackson,</span> <span class='ocrx_word' id='word_1_432' title='bbox 838 3114 906 3147; x_wconf 88' lang='lat' dir='ltr'>and</span> <span class='ocrx_word' id='word_1_433' title='bbox 924 3113 1096 3147; x_wconf 87' lang='lat' dir='ltr'>Professor</span> <span class='ocrx_word' id='word_1_434' title='bbox 1107 3113 1141 3157; x_wconf 81' lang='lat' dir='ltr'>J.</span> <span class='ocrx_word' id='word_1_435' title='bbox 1155 3113 1190 3156; x_wconf 85' lang='lat' dir='ltr'>J.</span> <span class='ocrx_word' id='word_1_436' title='bbox 1207 3113 1394 3146; x_wconf 88' lang='lat' dir='ltr'>Thomson.</span> <span class='ocrx_word' id='word_1_437' title='bbox 1727 3113 1742 3134; x_wconf 80' lang='lat'><strong>⁶</strong></span> <span class='ocrx_word' id='word_1_438' title='bbox 1764 3115 1840 3148; x_wconf 88' lang='lat' dir='ltr'>The</span> <span class='ocrx_word' id='word_1_439' title='bbox 1855 3115 2015 3158; x_wconf 85' lang='lat' dir='ltr'>Glasgow</span> <span class='ocrx_word' id='word_1_440' title='bbox 2033 3114 2277 3148; x_wconf 88' lang='lat' dir='ltr'>International</span> 
     </span>
    </p>
   </div>
   <div class='ocr_carea' id='block_1_7' title="bbox 1226 3241 1303 3283">
    <p class='ocr_par' dir='ltr' id='par_1_7' title="bbox 1226 3241 1303 3283">
     <span class='ocr_line' id='line_1_43' title="bbox 1226 3241 1303 3283; baseline 0.026 -2"><span class='ocrx_word' id='word_1_441' title='bbox 1226 3241 1303 3283; x_wconf 84' lang='lat'>255</span> 
     </span>
    </p>
   </div>
  </div>
 </body>
</html>
