2704 3770
740 328 951 378 Charles
989 325 1166 376 Olz'ver
1197 325 1385 374 Mules.
1457 324 1513 372 E
1512 341 1601 374 nos
1632 324 1862 374 Nuttall.

271 476 532 518 concordiam
551 475 729 516 adduxit.
789 474 935 514 Maluit
952 481 1088 514 autem
1107 473 1346 525 scriptorum
1364 481 1543 513 veterum
1569 472 1612 512 in
1635 473 1907 512 fundamentis
1929 474 2140 514 aedificare
2162 474 2300 524 videri,

273 553 396 592 quam
415 541 577 580 scholae
595 552 724 580 novae
743 538 982 579 condendae
1004 536 1269 577 ambitionem
1292 543 1332 577 et
1353 536 1520 588 gloriam
1543 536 1755 576 adfectare.
1815 536 1932 576 Idem
1958 536 2096 576 litteris
2120 538 2302 577 humani-

268 602 410 653 oribus
432 603 530 644 olim
555 604 747 652 excultus,
769 614 853 642 non
879 601 960 642 iam
985 600 1203 641 litterarum
1229 601 1302 640 sed
1325 599 1581 640 scientiarum
1604 612 1676 651 per
1697 598 1802 638 viam
1823 598 2064 650 progressus,
2085 599 2126 639 in
2147 599 2302 651 scriptis

273 664 357 706 suis
373 664 555 718 plurimis
573 664 756 717 spiritum
775 664 981 716 quendam
1000 661 1342 710 mathematicum,
1364 675 1448 702 non
1468 661 1545 701 nisi
1564 660 1700 712 peritis
1719 667 1913 712 apertum,
1931 673 2043 700 more
2061 667 2144 700 tam
2164 662 2303 701 dextro

271 727 475 775 insinuare
498 729 690 769 adsuetus
713 734 784 776 est,
806 733 862 775 ut,
882 727 992 766 velut
1016 725 1155 766 artifex
1180 738 1373 773 summus,
1394 732 1520 764 artem
1547 737 1662 763 suam
1685 722 1949 775 imperitiores
1976 724 2116 763 saltem
2143 737 2302 775 prorsus

272 790 469 832 celaverit.
525 789 702 830 Artificis
729 788 831 829 tanti
855 787 1083 840 imaginem,
1103 794 1187 828 arte
1215 787 1360 828 eximia
1387 786 1602 839 depictam,
1627 785 1747 826 amici
1775 793 1815 826 et
1841 785 2027 838 discipuli
2056 786 2153 835 eius,
2174 786 2216 826 in
2244 795 2304 827 tot

272 854 480 895 doctrinae
505 852 668 894 sedibus
694 851 826 892 studia
851 851 994 891 eadem
1023 851 1267 903 profitentes,
1289 849 1511 902 posteritati
1536 848 1717 889 tradituri
1746 846 1870 888 sunt¹.
1930 849 2096 889 Interim
2122 849 2208 901 ipse
2234 850 2304 890 diu

272 917 376 958 inter
389 924 548 958 nosmet
567 916 675 968 ipsos
694 914 875 968 supersit,
897 921 937 955 et
956 927 1124 966 operum
1144 927 1341 954 novorum
1361 915 1478 962 ferax,
1500 920 1541 953 et
1559 912 1601 952 in
1622 912 1684 952 his
1704 912 1846 952 studiis
1866 919 2073 964 tamquam
2097 915 2303 954 oraculum

272 980 326 1021 ab
344 980 443 1020 orbe
461 985 653 1019 terrarum
673 984 760 1017 toto
779 975 1010 1029 expetitum.

383 1041 535 1083 Seriem
563 1048 741 1081 nostram
770 1039 922 1080 claudit
950 1039 1215 1079 oeconomiae
1243 1038 1430 1090 politicae
1457 1039 1660 1090 professor
1687 1045 1823 1078 noster
1850 1037 2049 1086 emeritus,
2071 1051 2096 1078 a
2124 1038 2306 1090 Collegio

275 1118 351 1146 suo
391 1113 432 1146 et
472 1118 497 1145 a
539 1105 890 1155 Francogallorum
935 1103 1126 1143 Instituto
1169 1102 1334 1142 honoris
1376 1115 1498 1142 causa
1535 1102 1668 1142 socius
1706 1115 1835 1154 nuper
1871 1104 2034 1152 electus,
2073 1104 2307 1142 ALFREDUS

277 1170 530 1210 MARsffliu„

1098 1362 1155 1409 18
1181 1360 1326 1426 June
1367 1362 1493 1422 1908

387 1479 504 1531 (487)
532 1481 857 1520 SAEPENUMERO
880 1478 922 1518 in
945 1479 1024 1518 hoc
1049 1480 1141 1519 loco
1160 1479 1410 1520 coloniarum
1430 1488 1654 1520 nostrarum
1674 1481 1887 1534 episcopos
1906 1489 1975 1522 aut
1994 1482 2223 1534 designatos
2242 1489 2311 1522 aut

278 1557 408 1597 nuper
425 1550 680 1584 consecratos
700 1542 970 1592 salutavimus,
993 1550 1033 1583 et
1051 1543 1236 1583 laborum
1259 1556 1423 1583 suorum
1446 1545 1499 1584 ad
1523 1545 1747 1596 provincias
1771 1546 1990 1586 destinatas
2013 1546 2311 1598 proficiscentes

278 1606 383 1648 votis
401 1605 564 1659 optimis
583 1604 786 1658 prosecuti
805 1618 954 1645 sumus.
1014 1605 1154 1645 Hodie
1179 1618 1274 1646 vero
1301 1619 1427 1645 unum
1454 1620 1502 1647 ex
1527 1607 1699 1648 alumnis
1723 1608 1879 1657 nostris,
1902 1608 1943 1648 in
1968 1608 2150 1661 Collegio
2173 1616 2311 1649 nostro

278 1669 456 1710 maximo
490 1668 641 1709 abhinc
677 1681 806 1708 annos
844 1667 1274 1720 duodequinquaginta
1310 1670 1486 1710 lauream
1530 1678 1707 1711 nostram
1750 1671 1791 1712 in
1834 1672 1976 1712 studiis
2020 1671 2311 1712 mathematicis

279 1733 484 1785 adeptum,
516 1731 667 1771 abhinc
702 1743 832 1771 annos
869 1730 1133 1783 quadraginta
1164 1732 1218 1771 ad
1257 1733 1417 1772 Novam
1454 1733 1712 1773 Zealandiam
1745 1733 1919 1786 primum
1950 1736 2185 1787 profectum,
2220 1741 2312 1786 post

278 1809 478 1838 annorum
515 1795 693 1837 sedecim
730 1795 1020 1848 episcopatum,
1053 1802 1145 1847 post
1177 1809 1377 1836 annorum
1408 1796 1528 1836 trium
1566 1804 1606 1837 et
1644 1797 1803 1850 triginta
1839 1798 2074 1847 absentiam,
2106 1797 2311 1838 laboribus

279 1858 462 1912 plurimis
482 1857 654 1899 fideliter
681 1857 841 1907 exactis,
862 1858 916 1898 ad
942 1870 1017 1898 nos
1042 1857 1243 1910 paulisper
1266 1859 1457 1899 reducem
1480 1858 1666 1899 iubemus
1693 1861 1853 1901 salvere.
1913 1862 2054 1901 Novae
2074 1860 2313 1901 Zealandiae

278 1929 415 1963 autem
439 1921 482 1962 in
507 1921 638 1961 insula
662 1922 823 1961 australi
847 1921 1102 1973 episcopatus
1129 1920 1190 1961 sui
1216 1921 1464 1973 provinciam
1487 1936 1558 1974 per
1580 1930 1639 1963 tot
1661 1937 1791 1964 annos
1814 1924 1956 1965 habuit
1974 1926 2178 1977 regionem
2203 1924 2312 1964 illam

280 1983 645 2037 septentrionalem,
680 1982 795 2023 cuius
828 1989 949 2034 caput
982 1990 1043 2023 est
1075 1996 1156 2023 una
1188 1997 1237 2024 ex
1269 1983 1488 2024 insularum
1519 1985 1676 2026 illarum
1705 2000 1773 2027 sex
1801 1987 1970 2028 coloniis
1998 1988 2148 2039 pn'mis,
2178 1988 2314 2028 classis

280 2053 440 2088 nostrae
465 2045 655 2099 praefecti
681 2045 940 2095 celeberrimi,
963 2046 1172 2094 NssLSONi,
1193 2046 1358 2087 nomine
1383 2056 1626 2100 nuncupata.
1686 2050 1782 2089 Non
1805 2058 1948 2090 nautas
1973 2059 2130 2091 tantum
2157 2059 2315 2092 nostros

280 2107 362 2150 diei
380 2108 501 2149 unius
519 2107 562 2148 in
582 2107 812 2157 certamine,
827 2108 900 2148 sed
919 2107 1041 2148 etiam
1061 2108 1273 2160 episcopos
1294 2117 1452 2150 nostros
1473 2117 1580 2150 trans
1601 2111 1724 2151 maria
1744 2126 1890 2164 magna
1909 2113 1951 2152 in
1971 2114 2175 2154 laboribus
2195 2114 2315 2154 sacris

279 2185 352 2226 per
369 2185 498 2212 annos
513 2171 707 2225 plurimos
722 2178 954 2224 occupatos,
971 2173 1024 2212 ad
1044 2172 1175 2212 officia
1195 2186 1267 2212 sua
1286 2186 1359 2225 pro
1379 2173 1480 2213 virili
1499 2182 1611 2227 parte
1631 2175 1672 2214 in
1688 2184 1926 2228 perpetuum
1947 2177 2118 2218 fideliter
2133 2178 2317 2219 facienda

280 2249 367 2277 non
383 2237 527 2277 frustra
545 2237 754 2276 hortantur
773 2235 1024 2288 imperatoris
1044 2235 1149 2276 illius
1164 2237 1285 2277 verba
1301 2238 1501 2289 praeclara
1515 2241 1594 2278 :—‘
1606 2247 1810 2292 exspectat
1824 2241 1970 2293 Anglia
1985 2255 2318 2294 unumquemque

280 2298 458 2339 officium
477 2311 595 2339 suum
613 2311 702 2339 esse
721 2299 918 2338 facturum
931 2298 971 2338 '².

391 2362 512 2403 Duco
530 2363 583 2403 ad
602 2375 675 2403 vos
693 2363 822 2403 virum
841 2363 1065 2403 admodum
1085 2363 1361 2412 reverendum,
1384 2364 1600 2404 CAROLUM
1622 2366 1791 2407 OLIVER
1817 2369 1984 2417 MULEs,
2005 2367 2241 2421 episcopum
2266 2370 2318 2409 de

284 2425 452 2467 Nelson.

1113 2618 1129 2650 1
1142 2617 1167 2665 5
1194 2601 1330 2669 suly
1371 2606 1497 2666 1908

475 2718 608 2768 Vz‘sit
641 2719 708 2785 qs
729 2719 946 2786 Bisbops
980 2721 1248 2787 attending
1278 2721 1361 2771 tlte
1381 2721 1517 2788 fifth
1552 2723 1799 2775 Lambetb
1840 2726 2141 2792 Conference

394 2839 505 2878 POST
542 2851 740 2879 annorum
773 2837 912 2891 viginti
945 2838 1196 2879 intervallum
1231 2840 1407 2880 nominis
1439 2842 1599 2893 Anglici
1639 2844 1851 2896 episcopos
1890 2848 2107 2887 nonnullos
2145 2847 2321 2901 insignes

286 2901 586 2954 cantabrigiam
615 2901 738 2942 hodie
766 2901 984 2943 invisentes
1013 2904 1184 2944 Senatus
1214 2904 1336 2945 totius
1365 2907 1532 2946 nomine
1560 2907 1697 2948 denuo
1726 2907 1913 2950 iubemus
1942 2911 2123 2952 salvere⁸.

394 2981 511 3035 (488)
532 2981 708 3022 Africam
736 2984 951 3024 australem
981 2985 1118 3025 denuo
1147 2998 1230 3025 non
1260 2984 1346 3026 sine
1375 2985 1576 3027 desiderio
1602 2987 1795 3029 intactam
1821 2992 2115 3044 relinquimus⁴‚
2136 3000 2177 3034 et
2200 2995 2324 3035 ‘occi-

373 3079 386 3101 ¹
410 3080 555 3114 Portrait
570 3082 616 3124 by
632 3082 688 3115 Mr
703 3082 856 3115 william
874 3083 1107 3124 Rothenstein,
1127 3086 1305 3127 presented
1319 3091 1354 3118 to
1371 3085 1410 3119 St
1427 3086 1543 3127 John's
1558 3087 1698 3131 College
1714 3089 1759 3132 by
1777 3090 1847 3123 Mrs
1864 3090 2039 3132 Marshall,
2065 3103 2103 3126 ιο
2119 3094 2203 3128 Dec.

284 3123 300 3145 ¹
321 3123 462 3176 clf-‚¹²0⁰
481 3124 545 3166 366
559 3130 674 3168 supra.
830 3125 844 3146 ³
866 3126 931 3178 Cp.
948 3138 982 3170 p.
1002 3136 1041 3169 72
1055 3134 1175 3179 ‘su-pra.
1229 3173 1235 3179 ι
1331 3129 1346 3150 ⁴
1368 3123 1443 3162 Th'e
1460 3131 1678 3175 Archbishop
1696 3133 1735 3165 of
1752 3133 1937 3177 Capetown
1955 3146 2023 3169 was
2038 3106 2323 3180 preventedtiprggi

285 3179 454 3211 receiving
469 3179 513 3202 an
528 3169 697 3213 honorary
711 3169 834 3213 degree
849 3181 962 3214 owing
977 3176 1012 3204 to
1028 3172 1080 3205 his
1096 3172 1211 3206 illness
1227 3184 1262 3205 in
1282 3175 1376 3212 1888,
1392 3174 1459 3207 and
1476 3175 1529 3208 his
1544 3176 1647 3208 death
1662 3176 1698 3209 iri
1718 3179 1800 3220 1908
1818 3178 1870 3221 (21
1892 3179 1999 3222 May).

1254 3260 1332 3298 219
2081 3255 2211 3296 28—2
