<?xml version="1.0" encoding="UTF-8"?>
<!DOCTYPE html PUBLIC "-//W3C//DTD XHTML 1.0 Transitional//EN"
    "http://www.w3.org/TR/xhtml1/DTD/xhtml1-transitional.dtd">
<html xmlns="http://www.w3.org/1999/xhtml" xml:lang="en" lang="en">
 <head>
  <title>
</title>
<meta http-equiv="Content-Type" content="text/html;charset=utf-8" />
  <meta name='ocr-system' content='tesseract 3.04.00' />
  <meta name='ocr-capabilities' content='ocr_page ocr_carea ocr_par ocr_line ocrx_word'/>
</head>
<body>
  <div class='ocr_page' id='page_1' title='image "./orationesetepist00sanduoft/orationesetepist00sanduoft_0062.png"; bbox 0 0 2704 3770; ppageno 0'>
   <div class='ocr_carea' id='block_1_1' title="bbox 863 350 2078 416">
    <p class='ocr_par' dir='ltr' id='par_1_1' title="bbox 863 350 2078 416">
     <span class='ocr_line' id='line_1_1' title="bbox 863 350 2078 416; baseline 0.002 -18"><span class='ocrx_word' id='word_1_1' title='bbox 863 350 917 398; x_wconf 86' lang='lat' dir='ltr'><em>A</em></span> <span class='ocrx_word' id='word_1_2' title='bbox 924 350 1095 399; x_wconf 67' lang='grc' dir='ltr'>φαίνετο</span> <span class='ocrx_word' id='word_1_3' title='bbox 1133 350 1372 400; x_wconf 76' lang='lat' dir='ltr'>Gralzam.</span> <span class='ocrx_word' id='word_1_4' title='bbox 1434 350 1548 416; x_wconf 81' lang='lat' dir='ltr'>san</span> <span class='ocrx_word' id='word_1_5' title='bbox 1583 350 1827 399; x_wconf 79' lang='lat' dir='ltr'>Hendrz&#39;k</span> <span class='ocrx_word' id='word_1_6' title='bbox 1862 350 2078 400; x_wconf 81' lang='lat' dir='ltr'>Hessels.</span> 
     </span>
    </p>
   </div>
   <div class='ocr_carea' id='block_1_2' title="bbox 474 494 2488 980">
    <p class='ocr_par' dir='ltr' id='par_1_2' title="bbox 474 494 2488 980">
     <span class='ocr_line' id='line_1_2' title="bbox 475 494 2484 548; baseline 0.001 -14"><span class='ocrx_word' id='word_1_7' title='bbox 475 508 558 536; x_wconf 91' lang='lat' dir='ltr'>non</span> <span class='ocrx_word' id='word_1_8' title='bbox 577 495 700 535; x_wconf 94' lang='lat' dir='ltr'>modo</span> <span class='ocrx_word' id='word_1_9' title='bbox 726 495 778 535; x_wconf 92' lang='lat' dir='ltr'>de</span> <span class='ocrx_word' id='word_1_10' title='bbox 803 495 981 548; x_wconf 88' lang='lat' dir='ltr'>zoologia</span> <span class='ocrx_word' id='word_1_11' title='bbox 1006 503 1045 536; x_wconf 93' lang='lat' dir='ltr'>et</span> <span class='ocrx_word' id='word_1_12' title='bbox 1068 497 1120 536; x_wconf 94' lang='lat' dir='ltr'>de</span> <span class='ocrx_word' id='word_1_13' title='bbox 1142 495 1409 548; x_wconf 88' lang='lat' dir='ltr'>comparativa</span> <span class='ocrx_word' id='word_1_14' title='bbox 1434 509 1537 547; x_wconf 88' lang='lat' dir='ltr'>quae</span> <span class='ocrx_word' id='word_1_15' title='bbox 1562 495 1706 535; x_wconf 90' lang='lat' dir='ltr'>dicitur</span> <span class='ocrx_word' id='word_1_16' title='bbox 1730 494 1932 535; x_wconf 91' lang='lat' dir='ltr'>anatomia</span> <span class='ocrx_word' id='word_1_17' title='bbox 1955 495 2108 547; x_wconf 87' lang='lat' dir='ltr'>egregie</span> <span class='ocrx_word' id='word_1_18' title='bbox 2133 497 2295 536; x_wconf 88' lang='lat' dir='ltr'>meritus</span> <span class='ocrx_word' id='word_1_19' title='bbox 2320 502 2390 544; x_wconf 90' lang='lat' dir='ltr'>est,</span> <span class='ocrx_word' id='word_1_20' title='bbox 2412 496 2484 536; x_wconf 86' lang='lat' dir='ltr'>sed</span> 
     </span>
     <span class='ocr_line' id='line_1_3' title="bbox 474 556 2484 610; baseline -0 -12"><span class='ocrx_word' id='word_1_21' title='bbox 474 557 678 609; x_wconf 89' lang='lat' dir='ltr'>geologiae</span> <span class='ocrx_word' id='word_1_22' title='bbox 715 569 876 609; x_wconf 88' lang='lat' dir='ltr'>quoque</span> <span class='ocrx_word' id='word_1_23' title='bbox 914 570 1075 609; x_wconf 87' lang='lat' dir='ltr'>operam</span> <span class='ocrx_word' id='word_1_24' title='bbox 1114 557 1352 610; x_wconf 87' lang='lat' dir='ltr'>singularem</span> <span class='ocrx_word' id='word_1_25' title='bbox 1389 557 1594 608; x_wconf 89' lang='lat' dir='ltr'>impendit,</span> <span class='ocrx_word' id='word_1_26' title='bbox 1635 556 1934 608; x_wconf 87' lang='lat' dir='ltr'>petrographiae</span> <span class='ocrx_word' id='word_1_27' title='bbox 1975 556 2203 608; x_wconf 89' lang='lat' dir='ltr'>praesertim</span> <span class='ocrx_word' id='word_1_28' title='bbox 2246 556 2484 598; x_wconf 87' lang='lat' dir='ltr'>recentiores</span> 
     </span>
     <span class='ocr_line' id='line_1_4' title="bbox 476 618 2485 671; baseline 0 -13"><span class='ocrx_word' id='word_1_29' title='bbox 476 632 704 670; x_wconf 90' lang='lat' dir='ltr'>progressus</span> <span class='ocrx_word' id='word_1_30' title='bbox 738 619 964 659; x_wconf 86' lang='lat' dir='ltr'>curiositate</span> <span class='ocrx_word' id='word_1_31' title='bbox 1003 619 1156 659; x_wconf 89' lang='lat' dir='ltr'>minuta</span> <span class='ocrx_word' id='word_1_32' title='bbox 1189 626 1465 671; x_wconf 88' lang='lat' dir='ltr'>perscrutatus.</span> <span class='ocrx_word' id='word_1_33' title='bbox 1543 620 1659 658; x_wconf 88' lang='lat' dir='ltr'>Idem</span> <span class='ocrx_word' id='word_1_34' title='bbox 1693 626 1732 658; x_wconf 89' lang='lat' dir='ltr'>et</span> <span class='ocrx_word' id='word_1_35' title='bbox 1764 618 1980 658; x_wconf 85' lang='lat' dir='ltr'>litterarum</span> <span class='ocrx_word' id='word_1_36' title='bbox 2013 631 2149 658; x_wconf 88' lang='lat' dir='ltr'>amore</span> <span class='ocrx_word' id='word_1_37' title='bbox 2186 626 2226 659; x_wconf 90' lang='lat' dir='ltr'>et</span> <span class='ocrx_word' id='word_1_38' title='bbox 2263 618 2485 670; x_wconf 77' lang='lat' dir='ltr'>linguarum</span> 
     </span>
     <span class='ocr_line' id='line_1_5' title="bbox 475 681 2483 734; baseline 0 -13"><span class='ocrx_word' id='word_1_39' title='bbox 475 681 614 733; x_wconf 88' lang='lat' dir='ltr'>peritia</span> <span class='ocrx_word' id='word_1_40' title='bbox 646 681 820 733; x_wconf 89' lang='lat' dir='ltr'>insignis,</span> <span class='ocrx_word' id='word_1_41' title='bbox 850 682 952 721; x_wconf 90' lang='lat' dir='ltr'>inter</span> <span class='ocrx_word' id='word_1_42' title='bbox 979 695 1108 722; x_wconf 91' lang='lat' dir='ltr'>rerum</span> <span class='ocrx_word' id='word_1_43' title='bbox 1137 682 1388 734; x_wconf 89' lang='lat' dir='ltr'>antiquarum</span> <span class='ocrx_word' id='word_1_44' title='bbox 1418 689 1679 721; x_wconf 89' lang='lat' dir='ltr'>monumenta</span> <span class='ocrx_word' id='word_1_45' title='bbox 1709 694 1760 721; x_wconf 91' lang='lat' dir='ltr'>ne</span> <span class='ocrx_word' id='word_1_46' title='bbox 1787 681 2081 732; x_wconf 90' lang='lat' dir='ltr'>hieroglyphica</span> <span class='ocrx_word' id='word_1_47' title='bbox 2109 681 2273 732; x_wconf 91' lang='lat' dir='ltr'>quidem</span> <span class='ocrx_word' id='word_1_48' title='bbox 2302 681 2483 733; x_wconf 86' lang='lat' dir='ltr'>neglexit,</span> 
     </span>
     <span class='ocr_line' id='line_1_6' title="bbox 476 743 2488 796; baseline 0 -13"><span class='ocrx_word' id='word_1_49' title='bbox 476 757 607 796; x_wconf 90' lang='lat' dir='ltr'>neque</span> <span class='ocrx_word' id='word_1_50' title='bbox 627 744 829 784; x_wconf 89' lang='lat' dir='ltr'>historiam</span> <span class='ocrx_word' id='word_1_51' title='bbox 850 744 1155 784; x_wconf 86' lang='lat' dir='ltr'>ecelesiasticam</span> <span class='ocrx_word' id='word_1_52' title='bbox 1176 744 1365 784; x_wconf 85' lang='lat' dir='ltr'>intactam</span> <span class='ocrx_word' id='word_1_53' title='bbox 1385 744 1551 795; x_wconf 88' lang='lat' dir='ltr'>reliquit.</span> <span class='ocrx_word' id='word_1_54' title='bbox 1612 745 1716 795; x_wconf 89' lang='lat' dir='ltr'>Ergo</span> <span class='ocrx_word' id='word_1_55' title='bbox 1737 757 1818 784; x_wconf 92' lang='lat' dir='ltr'>non</span> <span class='ocrx_word' id='word_1_56' title='bbox 1838 744 1906 783; x_wconf 92' lang='lat' dir='ltr'>uni</span> <span class='ocrx_word' id='word_1_57' title='bbox 1933 752 2086 784; x_wconf 90' lang='lat' dir='ltr'>tantum</span> <span class='ocrx_word' id='word_1_58' title='bbox 2114 744 2294 795; x_wconf 89' lang='lat' dir='ltr'>Collegio</span> <span class='ocrx_word' id='word_1_59' title='bbox 2317 745 2388 784; x_wconf 90' lang='lat' dir='ltr'>sed</span> <span class='ocrx_word' id='word_1_60' title='bbox 2413 743 2488 784; x_wconf 86' lang='lat' dir='ltr'>toti</span> 
     </span>
     <span class='ocr_line' id='line_1_7' title="bbox 477 804 2488 857; baseline -0 -12"><span class='ocrx_word' id='word_1_61' title='bbox 477 805 719 845; x_wconf 85' lang='lat' dir='ltr'>Academiae</span> <span class='ocrx_word' id='word_1_62' title='bbox 738 813 890 857; x_wconf 86' lang='lat' dir='ltr'>gratum</span> <span class='ocrx_word' id='word_1_63' title='bbox 911 813 980 853; x_wconf 90' lang='lat' dir='ltr'>est,</span> <span class='ocrx_word' id='word_1_64' title='bbox 996 805 1122 845; x_wconf 91' lang='lat' dir='ltr'>virum</span> <span class='ocrx_word' id='word_1_65' title='bbox 1142 813 1201 846; x_wconf 92' lang='lat' dir='ltr'>tot</span> <span class='ocrx_word' id='word_1_66' title='bbox 1220 805 1419 857; x_wconf 90' lang='lat' dir='ltr'>tantisque</span> <span class='ocrx_word' id='word_1_67' title='bbox 1437 805 1560 845; x_wconf 89' lang='lat' dir='ltr'>animi</span> <span class='ocrx_word' id='word_1_68' title='bbox 1579 805 1741 845; x_wconf 89' lang='lat' dir='ltr'>dotibus</span> <span class='ocrx_word' id='word_1_69' title='bbox 1760 805 2008 854; x_wconf 90' lang='lat' dir='ltr'>instructum,</span> <span class='ocrx_word' id='word_1_70' title='bbox 2026 804 2213 845; x_wconf 87' lang='lat' dir='ltr'>Societati</span> <span class='ocrx_word' id='word_1_71' title='bbox 2232 805 2288 844; x_wconf 87' lang='lat' dir='ltr'>illi</span> <span class='ocrx_word' id='word_1_72' title='bbox 2306 812 2388 845; x_wconf 89' lang='lat' dir='ltr'>tam</span> <span class='ocrx_word' id='word_1_73' title='bbox 2408 804 2488 845; x_wconf 87' lang='lat' dir='ltr'>cito</span> 
     </span>
     <span class='ocr_line' id='line_1_8' title="bbox 477 866 2488 918; baseline 0 -12"><span class='ocrx_word' id='word_1_74' title='bbox 477 880 563 907; x_wconf 90' lang='lat' dir='ltr'>esse</span> <span class='ocrx_word' id='word_1_75' title='bbox 582 866 836 918; x_wconf 89' lang='lat' dir='ltr'>adscriptum,</span> <span class='ocrx_word' id='word_1_76' title='bbox 858 866 923 906; x_wconf 93' lang='lat' dir='ltr'>cui</span> <span class='ocrx_word' id='word_1_77' title='bbox 948 866 1170 907; x_wconf 85' lang='lat' dir='ltr'>medicinae</span> <span class='ocrx_word' id='word_1_78' title='bbox 1198 867 1329 907; x_wconf 89' lang='lat' dir='ltr'>studia</span> <span class='ocrx_word' id='word_1_79' title='bbox 1354 866 1650 906; x_wconf 90' lang='lat' dir='ltr'>commendavit</span> <span class='ocrx_word' id='word_1_80' title='bbox 1673 866 1768 906; x_wconf 92' lang='lat' dir='ltr'>olim</span> <span class='ocrx_word' id='word_1_81' title='bbox 1793 866 1851 906; x_wconf 92' lang='lat' dir='ltr'>vir</span> <span class='ocrx_word' id='word_1_82' title='bbox 1877 874 1916 907; x_wconf 91' lang='lat' dir='ltr'>et</span> <span class='ocrx_word' id='word_1_83' title='bbox 1938 868 1989 906; x_wconf 93' lang='lat' dir='ltr'>de</span> <span class='ocrx_word' id='word_1_84' title='bbox 2014 866 2151 906; x_wconf 89' lang='lat' dir='ltr'>litteris</span> <span class='ocrx_word' id='word_1_85' title='bbox 2174 866 2347 918; x_wconf 90' lang='lat' dir='ltr'>antiquis</span> <span class='ocrx_word' id='word_1_86' title='bbox 2370 874 2410 907; x_wconf 90' lang='lat' dir='ltr'>et</span> <span class='ocrx_word' id='word_1_87' title='bbox 2435 867 2488 906; x_wconf 91' lang='lat' dir='ltr'>de</span> 
     </span>
     <span class='ocr_line' id='line_1_9' title="bbox 477 928 1766 980; baseline 0.001 -13"><span class='ocrx_word' id='word_1_88' title='bbox 477 928 651 968; x_wconf 88' lang='lat' dir='ltr'>scientiis</span> <span class='ocrx_word' id='word_1_89' title='bbox 671 928 956 968; x_wconf 91' lang='lat' dir='ltr'>recentioribus</span> <span class='ocrx_word' id='word_1_90' title='bbox 976 930 1175 980; x_wconf 90' lang='lat' dir='ltr'>praeclare</span> <span class='ocrx_word' id='word_1_91' title='bbox 1194 929 1367 977; x_wconf 89' lang='lat' dir='ltr'>meritus,</span> <span class='ocrx_word' id='word_1_92' title='bbox 1389 930 1568 968; x_wconf 90' lang='lat' dir='ltr'>Thomas</span> <span class='ocrx_word' id='word_1_93' title='bbox 1590 928 1766 968; x_wconf 89' lang='lat' dir='ltr'>Linacre.</span> 
     </span>
    </p>
   </div>
   <div class='ocr_carea' id='block_1_3' title="bbox 477 989 2485 1093">
    <p class='ocr_par' dir='ltr' id='par_1_3' title="bbox 477 989 2485 1093">
     <span class='ocr_line' id='line_1_10' title="bbox 584 989 2485 1042; baseline 0.001 -14"><span class='ocrx_word' id='word_1_94' title='bbox 584 989 711 1030; x_wconf 91' lang='lat' dir='ltr'>Vobis</span> <span class='ocrx_word' id='word_1_95' title='bbox 742 998 951 1041; x_wconf 91' lang='lat' dir='ltr'>praesento</span> <span class='ocrx_word' id='word_1_96' title='bbox 986 989 1153 1042; x_wconf 87' lang='lat' dir='ltr'>Collegii</span> <span class='ocrx_word' id='word_1_97' title='bbox 1188 990 1279 1029; x_wconf 91' lang='lat' dir='ltr'>Divi</span> <span class='ocrx_word' id='word_1_98' title='bbox 1315 990 1477 1030; x_wconf 88' lang='lat' dir='ltr'>Ioannis</span> <span class='ocrx_word' id='word_1_99' title='bbox 1511 990 1675 1039; x_wconf 88' lang='lat' dir='ltr'>socium,</span> <span class='ocrx_word' id='word_1_100' title='bbox 1708 989 1946 1030; x_wconf 89' lang='lat' dir='ltr'>Anatomiae</span> <span class='ocrx_word' id='word_1_101' title='bbox 1978 991 2244 1029; x_wconf 89' lang='lat' dir='ltr'>Professorem</span> <span class='ocrx_word' id='word_1_102' title='bbox 2277 989 2485 1041; x_wconf 90' lang='lat' dir='ltr'>insignem,</span> 
     </span>
     <span class='ocr_line' id='line_1_11' title="bbox 477 1054 1106 1093; baseline 0.002 -2"><span class='ocrx_word' id='word_1_103' title='bbox 477 1054 786 1093; x_wconf 75' lang='lat' dir='ltr'>ALEXANDRUM</span> <span class='ocrx_word' id='word_1_104' title='bbox 818 1054 1106 1092; x_wconf 75' lang='lat' dir='ltr'>MAcAmsTER.</span> 
     </span>
    </p>
   </div>
   <div class='ocr_carea' id='block_1_4' title="bbox 1298 1185 1694 1246">
    <p class='ocr_par' dir='ltr' id='par_1_4' title="bbox 1298 1185 1694 1246">
     <span class='ocr_line' id='line_1_12' title="bbox 1298 1185 1694 1246; baseline 0 -14"><span class='ocrx_word' id='word_1_105' title='bbox 1298 1200 1355 1232; x_wconf 89' lang='lat'>22</span> <span class='ocrx_word' id='word_1_106' title='bbox 1393 1185 1526 1233; x_wconf 84' lang='lat' dir='ltr'>Nov.</span> <span class='ocrx_word' id='word_1_107' title='bbox 1572 1187 1694 1246; x_wconf 87' lang='lat'>1883</span> 
     </span>
    </p>
   </div>
   <div class='ocr_carea' id='block_1_5' title="bbox 477 1314 2492 1989">
    <p class='ocr_par' dir='ltr' id='par_1_5' title="bbox 477 1314 2492 1989">
     <span class='ocr_line' id='line_1_13' title="bbox 587 1314 2485 1368; baseline -0.001 -13"><span class='ocrx_word' id='word_1_108' title='bbox 587 1315 674 1368; x_wconf 90' lang='lat'>(78)</span> <span class='ocrx_word' id='word_1_109' title='bbox 706 1317 837 1366; x_wconf 72' lang='lat' dir='ltr'>QUAM</span> <span class='ocrx_word' id='word_1_110' title='bbox 861 1315 1076 1356; x_wconf 87' lang='lat' dir='ltr'>invidenda</span> <span class='ocrx_word' id='word_1_111' title='bbox 1102 1315 1218 1355; x_wconf 90' lang='lat' dir='ltr'>nobis</span> <span class='ocrx_word' id='word_1_112' title='bbox 1242 1315 1398 1355; x_wconf 91' lang='lat' dir='ltr'>illorum</span> <span class='ocrx_word' id='word_1_113' title='bbox 1419 1315 1498 1355; x_wconf 90' lang='lat' dir='ltr'>vita</span> <span class='ocrx_word' id='word_1_114' title='bbox 1517 1323 1587 1365; x_wconf 88' lang='lat' dir='ltr'>est,</span> <span class='ocrx_word' id='word_1_115' title='bbox 1610 1315 1678 1367; x_wconf 87' lang='lat' dir='ltr'>qui</span> <span class='ocrx_word' id='word_1_116' title='bbox 1697 1329 1721 1355; x_wconf 91' lang='lat' dir='ltr'>a</span> <span class='ocrx_word' id='word_1_117' title='bbox 1740 1328 1868 1355; x_wconf 90' lang='lat' dir='ltr'>rerum</span> <span class='ocrx_word' id='word_1_118' title='bbox 1889 1314 2129 1355; x_wconf 91' lang='lat' dir='ltr'>terrestrium</span> <span class='ocrx_word' id='word_1_119' title='bbox 2149 1315 2314 1367; x_wconf 90' lang='lat' dir='ltr'>strepitu</span> <span class='ocrx_word' id='word_1_120' title='bbox 2333 1314 2485 1363; x_wconf 90' lang='lat' dir='ltr'>remoti,</span> 
     </span>
     <span class='ocr_line' id='line_1_14' title="bbox 478 1377 2487 1431; baseline -0.001 -12"><span class='ocrx_word' id='word_1_121' title='bbox 478 1380 670 1431; x_wconf 90' lang='lat' dir='ltr'>templum</span> <span class='ocrx_word' id='word_1_122' title='bbox 685 1379 890 1430; x_wconf 82' lang='lat' dir='ltr'>quoddam</span> <span class='ocrx_word' id='word_1_123' title='bbox 904 1378 1153 1418; x_wconf 88' lang='lat' dir='ltr'>observando</span> <span class='ocrx_word' id='word_1_124' title='bbox 1169 1380 1280 1418; x_wconf 91' lang='lat' dir='ltr'>caelo</span> <span class='ocrx_word' id='word_1_125' title='bbox 1294 1377 1523 1418; x_wconf 86' lang='lat' dir='ltr'>dedicatum</span> <span class='ocrx_word' id='word_1_126' title='bbox 1537 1378 1726 1426; x_wconf 91' lang='lat' dir='ltr'>incolunt,</span> <span class='ocrx_word' id='word_1_127' title='bbox 1746 1377 1815 1417; x_wconf 93' lang='lat' dir='ltr'>ubi</span> <span class='ocrx_word' id='word_1_128' title='bbox 1830 1378 2013 1418; x_wconf 91' lang='lat' dir='ltr'>noctibus</span> <span class='ocrx_word' id='word_1_129' title='bbox 2029 1377 2175 1418; x_wconf 90' lang='lat' dir='ltr'>serenis</span> <span class='ocrx_word' id='word_1_130' title='bbox 2191 1385 2250 1418; x_wconf 91' lang='lat' dir='ltr'>tot</span> <span class='ocrx_word' id='word_1_131' title='bbox 2264 1377 2487 1418; x_wconf 87' lang='lat' dir='ltr'>lucidorum</span> 
     </span>
     <span class='ocr_line' id='line_1_15' title="bbox 479 1436 2488 1493; baseline -0.001 -12"><span class='ocrx_word' id='word_1_132' title='bbox 479 1442 635 1482; x_wconf 91' lang='lat' dir='ltr'>orbium</span> <span class='ocrx_word' id='word_1_133' title='bbox 669 1448 777 1480; x_wconf 92' lang='lat' dir='ltr'>ortus</span> <span class='ocrx_word' id='word_1_134' title='bbox 810 1440 1024 1492; x_wconf 90' lang='lat' dir='ltr'>obitusque</span> <span class='ocrx_word' id='word_1_135' title='bbox 1057 1442 1388 1492; x_wconf 85' lang='lat' dir='ltr'>contemplantur,</span> <span class='ocrx_word' id='word_1_136' title='bbox 1425 1447 1483 1479; x_wconf 91' lang='lat' dir='ltr'>tot</span> <span class='ocrx_word' id='word_1_137' title='bbox 1522 1436 1723 1480; x_wconf 87' lang='lat' dir='ltr'>stellarum</span> <span class='ocrx_word' id='word_1_138' title='bbox 1761 1441 2015 1481; x_wconf 87' lang='lat' dir='ltr'>immotarum</span> <span class='ocrx_word' id='word_1_139' title='bbox 2053 1440 2242 1480; x_wconf 90' lang='lat' dir='ltr'>stationes</span> <span class='ocrx_word' id='word_1_140' title='bbox 2278 1447 2488 1493; x_wconf 89' lang='lat' dir='ltr'>perpetuas</span> 
     </span>
     <span class='ocr_line' id='line_1_16' title="bbox 477 1494 2489 1554; baseline -0.001 -11"><span class='ocrx_word' id='word_1_141' title='bbox 477 1502 770 1543; x_wconf 87' lang='lat' dir='ltr'>accuratissime</span> <span class='ocrx_word' id='word_1_142' title='bbox 799 1502 1006 1550; x_wconf 91' lang='lat' dir='ltr'>definiunt,</span> <span class='ocrx_word' id='word_1_143' title='bbox 1028 1509 1087 1542; x_wconf 93' lang='lat' dir='ltr'>tot</span> <span class='ocrx_word' id='word_1_144' title='bbox 1117 1501 1291 1542; x_wconf 92' lang='lat' dir='ltr'>siderum</span> <span class='ocrx_word' id='word_1_145' title='bbox 1320 1501 1533 1541; x_wconf 88' lang='lat' dir='ltr'>errantium</span> <span class='ocrx_word' id='word_1_146' title='bbox 1563 1515 1700 1542; x_wconf 88' lang='lat' dir='ltr'>cursus</span> <span class='ocrx_word' id='word_1_147' title='bbox 1731 1501 1837 1554; x_wconf 90' lang='lat' dir='ltr'>prius</span> <span class='ocrx_word' id='word_1_148' title='bbox 1870 1502 2026 1554; x_wconf 88' lang='lat' dir='ltr'>ignotos</span> <span class='ocrx_word' id='word_1_149' title='bbox 2058 1501 2282 1542; x_wconf 88' lang='lat' dir='ltr'>admirabili</span> <span class='ocrx_word' id='word_1_150' title='bbox 2315 1494 2489 1554; x_wconf 85' lang='lat' dir='ltr'>quadam</span> 
     </span>
     <span class='ocr_line' id='line_1_17' title="bbox 479 1562 2490 1617; baseline -0.001 -11"><span class='ocrx_word' id='word_1_151' title='bbox 479 1565 722 1606; x_wconf 88' lang='lat' dir='ltr'>divinatione</span> <span class='ocrx_word' id='word_1_152' title='bbox 751 1572 1000 1617; x_wconf 89' lang='lat' dir='ltr'>augurantur.</span> <span class='ocrx_word' id='word_1_153' title='bbox 1060 1565 1387 1605; x_wconf 88' lang='lat' dir='ltr'>Consentaneum</span> <span class='ocrx_word' id='word_1_154' title='bbox 1417 1564 1602 1604; x_wconf 90' lang='lat' dir='ltr'>nimirum</span> <span class='ocrx_word' id='word_1_155' title='bbox 1631 1572 1690 1604; x_wconf 91' lang='lat' dir='ltr'>est</span> <span class='ocrx_word' id='word_1_156' title='bbox 1718 1579 1822 1615; x_wconf 90' lang='lat' dir='ltr'>eum,</span> <span class='ocrx_word' id='word_1_157' title='bbox 1854 1565 1918 1605; x_wconf 92' lang='lat' dir='ltr'>cui</span> <span class='ocrx_word' id='word_1_158' title='bbox 1945 1566 2074 1617; x_wconf 92' lang='lat' dir='ltr'>primo</span> <span class='ocrx_word' id='word_1_159' title='bbox 2102 1566 2305 1617; x_wconf 89' lang='lat' dir='ltr'>quondam</span> <span class='ocrx_word' id='word_1_160' title='bbox 2337 1562 2490 1605; x_wconf 85' lang='lat' dir='ltr'>Oceani</span> 
     </span>
     <span class='ocr_line' id='line_1_18' title="bbox 479 1625 2490 1678; baseline -0 -11"><span class='ocrx_word' id='word_1_161' title='bbox 479 1628 568 1677; x_wconf 89' lang='lat' dir='ltr'>filia,</span> <span class='ocrx_word' id='word_1_162' title='bbox 588 1627 721 1677; x_wconf 92' lang='lat' dir='ltr'>Metis‚</span> <span class='ocrx_word' id='word_1_163' title='bbox 737 1626 839 1666; x_wconf 91' lang='lat' dir='ltr'>inter</span> <span class='ocrx_word' id='word_1_164' title='bbox 857 1626 986 1666; x_wconf 89' lang='lat' dir='ltr'>sidera</span> <span class='ocrx_word' id='word_1_165' title='bbox 1003 1627 1230 1675; x_wconf 84' lang='lat' dir='ltr'>affulserat¹,</span> <span class='ocrx_word' id='word_1_166' title='bbox 1249 1633 1308 1666; x_wconf 89' lang='lat' dir='ltr'>tot</span> <span class='ocrx_word' id='word_1_167' title='bbox 1322 1639 1450 1666; x_wconf 84' lang='lat' dir='ltr'>annos</span> <span class='ocrx_word' id='word_1_168' title='bbox 1469 1625 1509 1665; x_wconf 90' lang='lat' dir='ltr'>in</span> <span class='ocrx_word' id='word_1_169' title='bbox 1530 1640 1617 1666; x_wconf 92' lang='lat' dir='ltr'>rure</span> <span class='ocrx_word' id='word_1_170' title='bbox 1637 1626 1704 1666; x_wconf 93' lang='lat' dir='ltr'>illo</span> <span class='ocrx_word' id='word_1_171' title='bbox 1725 1627 1955 1667; x_wconf 88' lang='lat' dir='ltr'>suburbano</span> <span class='ocrx_word' id='word_1_172' title='bbox 1974 1640 2066 1666; x_wconf 92' lang='lat' dir='ltr'>cum</span> <span class='ocrx_word' id='word_1_173' title='bbox 2088 1626 2267 1678; x_wconf 90' lang='lat' dir='ltr'>Neptuni</span> <span class='ocrx_word' id='word_1_174' title='bbox 2285 1626 2490 1666; x_wconf 90' lang='lat' dir='ltr'>inventore</span> 
     </span>
     <span class='ocr_line' id='line_1_19' title="bbox 479 1687 2490 1729; baseline -0 0"><span class='ocrx_word' id='word_1_175' title='bbox 479 1697 615 1729; x_wconf 89' lang='lat' dir='ltr'>nostro</span> <span class='ocrx_word' id='word_1_176' title='bbox 630 1688 907 1729; x_wconf 76' lang='lat' dir='ltr'>celeberrim02</span> <span class='ocrx_word' id='word_1_177' title='bbox 919 1688 1082 1728; x_wconf 91' lang='lat' dir='ltr'>feliciter</span> <span class='ocrx_word' id='word_1_178' title='bbox 1096 1701 1183 1728; x_wconf 90' lang='lat' dir='ltr'>esse</span> <span class='ocrx_word' id='word_1_179' title='bbox 1198 1687 1481 1728; x_wconf 90' lang='lat' dir='ltr'>consociatum.</span> <span class='ocrx_word' id='word_1_180' title='bbox 1533 1690 1647 1728; x_wconf 87' lang='lat' dir='ltr'>Iuvat</span> <span class='ocrx_word' id='word_1_181' title='bbox 1662 1696 1767 1729; x_wconf 93' lang='lat' dir='ltr'>certe</span> <span class='ocrx_word' id='word_1_182' title='bbox 1780 1688 1849 1728; x_wconf 91' lang='lat' dir='ltr'>viri</span> <span class='ocrx_word' id='word_1_183' title='bbox 1865 1688 1964 1728; x_wconf 90' lang='lat' dir='ltr'>tanti</span> <span class='ocrx_word' id='word_1_184' title='bbox 1978 1688 2200 1729; x_wconf 90' lang='lat' dir='ltr'>adiutorem</span> <span class='ocrx_word' id='word_1_185' title='bbox 2215 1687 2490 1728; x_wconf 89' lang='lat' dir='ltr'>fidelissimum</span> 
     </span>
     <span class='ocr_line' id='line_1_20' title="bbox 480 1749 2491 1802; baseline -0.001 -10"><span class='ocrx_word' id='word_1_186' title='bbox 480 1750 600 1792; x_wconf 91' lang='lat' dir='ltr'>hodie</span> <span class='ocrx_word' id='word_1_187' title='bbox 638 1750 795 1790; x_wconf 89' lang='lat' dir='ltr'>civitate</span> <span class='ocrx_word' id='word_1_188' title='bbox 833 1757 967 1789; x_wconf 85' lang='lat' dir='ltr'>nostra</span> <span class='ocrx_word' id='word_1_189' title='bbox 1004 1749 1348 1798; x_wconf 90' lang='lat' dir='ltr'>donare,—virum</span> <span class='ocrx_word' id='word_1_190' title='bbox 1389 1757 1427 1790; x_wconf 90' lang='lat' dir='ltr'>et</span> <span class='ocrx_word' id='word_1_191' title='bbox 1460 1749 1682 1802; x_wconf 90' lang='lat' dir='ltr'>linguarum</span> <span class='ocrx_word' id='word_1_192' title='bbox 1715 1750 1978 1790; x_wconf 88' lang='lat' dir='ltr'>recentiorum</span> <span class='ocrx_word' id='word_1_193' title='bbox 2012 1757 2051 1790; x_wconf 90' lang='lat' dir='ltr'>et</span> <span class='ocrx_word' id='word_1_194' title='bbox 2084 1749 2304 1790; x_wconf 86' lang='lat' dir='ltr'>studiorum</span> <span class='ocrx_word' id='word_1_195' title='bbox 2342 1750 2491 1790; x_wconf 89' lang='lat' dir='ltr'>mathe-</span> 
     </span>
     <span class='ocr_line' id='line_1_21' title="bbox 481 1811 2490 1865; baseline -0 -12"><span class='ocrx_word' id='word_1_196' title='bbox 481 1813 714 1853; x_wconf 89' lang='lat' dir='ltr'>maticorum</span> <span class='ocrx_word' id='word_1_197' title='bbox 735 1826 927 1864; x_wconf 90' lang='lat' dir='ltr'>perquam</span> <span class='ocrx_word' id='word_1_198' title='bbox 948 1812 1128 1864; x_wconf 90' lang='lat' dir='ltr'>peritum,</span> <span class='ocrx_word' id='word_1_199' title='bbox 1144 1825 1275 1863; x_wconf 89' lang='lat' dir='ltr'>neque</span> <span class='ocrx_word' id='word_1_200' title='bbox 1293 1812 1335 1851; x_wconf 93' lang='lat' dir='ltr'>in</span> <span class='ocrx_word' id='word_1_201' title='bbox 1354 1812 1528 1852; x_wconf 90' lang='lat' dir='ltr'>numeris</span> <span class='ocrx_word' id='word_1_202' title='bbox 1548 1820 1702 1852; x_wconf 90' lang='lat' dir='ltr'>tantum</span> <span class='ocrx_word' id='word_1_203' title='bbox 1723 1813 2002 1865; x_wconf 88' lang='lat' dir='ltr'>computandis</span> <span class='ocrx_word' id='word_1_204' title='bbox 2021 1812 2346 1862; x_wconf 91' lang='lat' dir='ltr'>sollertissimum,</span> <span class='ocrx_word' id='word_1_205' title='bbox 2362 1813 2434 1853; x_wconf 90' lang='lat' dir='ltr'>sed</span> <span class='ocrx_word' id='word_1_206' title='bbox 2448 1811 2490 1852; x_wconf 90' lang='lat' dir='ltr'>in</span> 
     </span>
     <span class='ocr_line' id='line_1_22' title="bbox 481 1873 2492 1927; baseline -0 -12"><span class='ocrx_word' id='word_1_207' title='bbox 481 1874 675 1916; x_wconf 91' lang='lat' dir='ltr'>sideribus</span> <span class='ocrx_word' id='word_1_208' title='bbox 702 1887 863 1927; x_wconf 92' lang='lat' dir='ltr'>quoque</span> <span class='ocrx_word' id='word_1_209' title='bbox 887 1873 1143 1914; x_wconf 86' lang='lat' dir='ltr'>observandis</span> <span class='ocrx_word' id='word_1_210' title='bbox 1169 1873 1564 1925; x_wconf 90' lang='lat' dir='ltr'>perspicacissimum.</span> <span class='ocrx_word' id='word_1_211' title='bbox 1624 1876 1717 1926; x_wconf 92' lang='lat' dir='ltr'>Ipse</span> <span class='ocrx_word' id='word_1_212' title='bbox 1742 1887 1871 1915; x_wconf 90' lang='lat' dir='ltr'>rerum</span> <span class='ocrx_word' id='word_1_213' title='bbox 1896 1874 2076 1914; x_wconf 90' lang='lat' dir='ltr'>omnium</span> <span class='ocrx_word' id='word_1_214' title='bbox 2102 1874 2340 1924; x_wconf 90' lang='lat' dir='ltr'>Fabricator,</span> <span class='ocrx_word' id='word_1_215' title='bbox 2361 1881 2492 1914; x_wconf 90' lang='lat' dir='ltr'>cetera</span> 
     </span>
     <span class='ocr_line' id='line_1_23' title="bbox 482 1936 1522 1989; baseline -0.002 -11"><span class='ocrx_word' id='word_1_216' title='bbox 482 1937 646 1989; x_wconf 91' lang='lat' dir='ltr'>quidem</span> <span class='ocrx_word' id='word_1_217' title='bbox 665 1936 850 1977; x_wconf 89' lang='lat' dir='ltr'>animalia</span> <span class='ocrx_word' id='word_1_218' title='bbox 869 1944 1011 1976; x_wconf 86' lang='lat' dir='ltr'>terram</span> <span class='ocrx_word' id='word_1_219' title='bbox 1030 1949 1156 1988; x_wconf 90' lang='lat' dir='ltr'>prona</span> <span class='ocrx_word' id='word_1_220' title='bbox 1175 1943 1352 1988; x_wconf 89' lang='lat' dir='ltr'>spectare</span> <span class='ocrx_word' id='word_1_221' title='bbox 1371 1949 1522 1988; x_wconf 91' lang='lat' dir='ltr'>passus,</span> 
     </span>
    </p>
   </div>
   <div class='ocr_carea' id='block_1_6' title="bbox 971 2021 1993 2125">
    <p class='ocr_par' dir='ltr' id='par_1_6' title="bbox 971 2021 1993 2125">
     <span class='ocr_line' id='line_1_24' title="bbox 971 2021 1966 2074; baseline 0.001 -13"><span class='ocrx_word' id='word_1_222' title='bbox 971 2025 1040 2061; x_wconf 93' lang='lat' dir='ltr'>‘os</span> <span class='ocrx_word' id='word_1_223' title='bbox 1069 2021 1223 2062; x_wconf 91' lang='lat' dir='ltr'>homini</span> <span class='ocrx_word' id='word_1_224' title='bbox 1251 2021 1421 2062; x_wconf 91' lang='lat' dir='ltr'>sublime</span> <span class='ocrx_word' id='word_1_225' title='bbox 1449 2021 1570 2070; x_wconf 90' lang='lat' dir='ltr'>dedit,</span> <span class='ocrx_word' id='word_1_226' title='bbox 1601 2023 1837 2074; x_wconf 89' lang='lat' dir='ltr'>caelumque</span> <span class='ocrx_word' id='word_1_227' title='bbox 1866 2022 1966 2062; x_wconf 91' lang='lat' dir='ltr'>tueri</span> 
     </span>
     <span class='ocr_line' id='line_1_25' title="bbox 995 2075 1993 2125; baseline 0.001 -10"><span class='ocrx_word' id='word_1_228' title='bbox 995 2075 1118 2125; x_wconf 89' lang='lat' dir='ltr'>iussit,</span> <span class='ocrx_word' id='word_1_229' title='bbox 1149 2083 1189 2116; x_wconf 92' lang='lat' dir='ltr'>et</span> <span class='ocrx_word' id='word_1_230' title='bbox 1217 2083 1369 2116; x_wconf 89' lang='lat' dir='ltr'>erectos</span> <span class='ocrx_word' id='word_1_231' title='bbox 1397 2077 1449 2116; x_wconf 90' lang='lat' dir='ltr'>ad</span> <span class='ocrx_word' id='word_1_232' title='bbox 1478 2075 1607 2116; x_wconf 87' lang='lat' dir='ltr'>sidera</span> <span class='ocrx_word' id='word_1_233' title='bbox 1635 2077 1772 2116; x_wconf 87' lang='lat' dir='ltr'>tollere</span> <span class='ocrx_word' id='word_1_234' title='bbox 1800 2078 1931 2116; x_wconf 90' lang='lat' dir='ltr'>vultus</span> <span class='ocrx_word' id='word_1_235' title='bbox 1945 2077 1993 2125; x_wconf 79' lang='lat'>&#39;³3</span> 
     </span>
    </p>
   </div>
   <div class='ocr_carea' id='block_1_7' title="bbox 484 2161 2490 2276">
    <p class='ocr_par' dir='ltr' id='par_1_7' title="bbox 484 2161 2490 2276">
     <span class='ocr_line' id='line_1_26' title="bbox 484 2161 2490 2215; baseline 0 -12"><span class='ocrx_word' id='word_1_236' title='bbox 484 2171 635 2215; x_wconf 87' lang='lat' dir='ltr'>quanto</span> <span class='ocrx_word' id='word_1_237' title='bbox 654 2163 769 2215; x_wconf 88' lang='lat' dir='ltr'>igitur</span> <span class='ocrx_word' id='word_1_238' title='bbox 789 2164 940 2203; x_wconf 91' lang='lat' dir='ltr'>honore</span> <span class='ocrx_word' id='word_1_239' title='bbox 959 2162 1014 2202; x_wconf 89' lang='lat' dir='ltr'>illi</span> <span class='ocrx_word' id='word_1_240' title='bbox 1034 2161 1144 2214; x_wconf 90' lang='lat' dir='ltr'>digni</span> <span class='ocrx_word' id='word_1_241' title='bbox 1163 2169 1255 2201; x_wconf 90' lang='lat' dir='ltr'>sunt</span> <span class='ocrx_word' id='word_1_242' title='bbox 1275 2163 1353 2212; x_wconf 91' lang='lat' dir='ltr'>qui,</span> <span class='ocrx_word' id='word_1_243' title='bbox 1369 2174 1449 2213; x_wconf 90' lang='lat' dir='ltr'>qua</span> <span class='ocrx_word' id='word_1_244' title='bbox 1468 2161 1508 2201; x_wconf 90' lang='lat' dir='ltr'>in</span> <span class='ocrx_word' id='word_1_245' title='bbox 1528 2175 1569 2202; x_wconf 92' lang='lat' dir='ltr'>re</span> <span class='ocrx_word' id='word_1_246' title='bbox 1588 2162 1727 2202; x_wconf 90' lang='lat' dir='ltr'>ceteris</span> <span class='ocrx_word' id='word_1_247' title='bbox 1742 2162 2009 2203; x_wconf 90' lang='lat' dir='ltr'>animantibus</span> <span class='ocrx_word' id='word_1_248' title='bbox 2025 2162 2207 2203; x_wconf 91' lang='lat' dir='ltr'>homines</span> <span class='ocrx_word' id='word_1_249' title='bbox 2222 2170 2432 2215; x_wconf 86' lang='lat' dir='ltr'>praestant,</span> <span class='ocrx_word' id='word_1_250' title='bbox 2450 2162 2490 2202; x_wconf 88' lang='lat' dir='ltr'>in</span> 
     </span>
     <span class='ocr_line' id='line_1_27' title="bbox 485 2223 1504 2276; baseline -0.003 -11"><span class='ocrx_word' id='word_1_251' title='bbox 485 2239 532 2265; x_wconf 89' lang='lat' dir='ltr'>ea</span> <span class='ocrx_word' id='word_1_252' title='bbox 550 2224 780 2264; x_wconf 92' lang='lat' dir='ltr'>hominibus</span> <span class='ocrx_word' id='word_1_253' title='bbox 799 2223 893 2276; x_wconf 91' lang='lat' dir='ltr'>ipsis</span> <span class='ocrx_word' id='word_1_254' title='bbox 913 2231 995 2264; x_wconf 90' lang='lat' dir='ltr'>tam</span> <span class='ocrx_word' id='word_1_255' title='bbox 1014 2225 1212 2275; x_wconf 87' lang='lat' dir='ltr'>praeclare</span> <span class='ocrx_word' id='word_1_256' title='bbox 1231 2223 1504 2263; x_wconf 77' lang='lat' dir='ltr'>antecellunt⁴.</span> 
     </span>
    </p>
   </div>
   <div class='ocr_carea' id='block_1_8' title="bbox 486 2285 2491 2398">
    <p class='ocr_par' dir='ltr' id='par_1_8' title="bbox 486 2285 2491 2398">
     <span class='ocr_line' id='line_1_28' title="bbox 591 2285 2491 2340; baseline 0.001 -13"><span class='ocrx_word' id='word_1_257' title='bbox 591 2286 718 2327; x_wconf 92' lang='lat' dir='ltr'>Vobis</span> <span class='ocrx_word' id='word_1_258' title='bbox 746 2294 955 2339; x_wconf 88' lang='lat' dir='ltr'>praesento</span> <span class='ocrx_word' id='word_1_259' title='bbox 985 2286 1112 2327; x_wconf 91' lang='lat' dir='ltr'>virum</span> <span class='ocrx_word' id='word_1_260' title='bbox 1145 2294 1185 2326; x_wconf 92' lang='lat' dir='ltr'>et</span> <span class='ocrx_word' id='word_1_261' title='bbox 1214 2287 1266 2327; x_wconf 90' lang='lat' dir='ltr'>de</span> <span class='ocrx_word' id='word_1_262' title='bbox 1296 2285 1461 2326; x_wconf 89' lang='lat' dir='ltr'>scientia</span> <span class='ocrx_word' id='word_1_263' title='bbox 1488 2286 1754 2326; x_wconf 88' lang='lat' dir='ltr'>astronomica</span> <span class='ocrx_word' id='word_1_264' title='bbox 1782 2294 1821 2327; x_wconf 91' lang='lat' dir='ltr'>et</span> <span class='ocrx_word' id='word_1_265' title='bbox 1849 2288 1901 2327; x_wconf 92' lang='lat' dir='ltr'>de</span> <span class='ocrx_word' id='word_1_266' title='bbox 1930 2286 2150 2328; x_wconf 87' lang='lat' dir='ltr'>Academia</span> <span class='ocrx_word' id='word_1_267' title='bbox 2178 2294 2312 2328; x_wconf 89' lang='lat' dir='ltr'>nostra</span> <span class='ocrx_word' id='word_1_268' title='bbox 2339 2287 2491 2340; x_wconf 91' lang='lat' dir='ltr'>optime</span> 
     </span>
     <span class='ocr_line' id='line_1_29' title="bbox 486 2348 1165 2398; baseline 0 -10"><span class='ocrx_word' id='word_1_269' title='bbox 486 2348 681 2398; x_wconf 89' lang='lat' dir='ltr'>meritum,</span> <span class='ocrx_word' id='word_1_270' title='bbox 711 2351 933 2389; x_wconf 84' lang='lat' dir='ltr'>ANDREAM</span> <span class='ocrx_word' id='word_1_271' title='bbox 963 2350 1165 2389; x_wconf 84' lang='lat' dir='ltr'>GRAHAM.</span> 
     </span>
    </p>
   </div>
   <div class='ocr_carea' id='block_1_9' title="bbox 1315 2479 1666 2540">
    <p class='ocr_par' dir='ltr' id='par_1_9' title="bbox 1315 2479 1666 2540">
     <span class='ocr_line' id='line_1_30' title="bbox 1315 2479 1666 2540; baseline 0.003 -14"><span class='ocrx_word' id='word_1_272' title='bbox 1315 2483 1345 2526; x_wconf 88' lang='lat'><strong>6</strong></span> <span class='ocrx_word' id='word_1_273' title='bbox 1382 2479 1501 2529; x_wconf 83' lang='lat' dir='ltr'>Dec.</span> <span class='ocrx_word' id='word_1_274' title='bbox 1544 2481 1666 2540; x_wconf 86' lang='lat'>1883</span> 
     </span>
    </p>
   </div>
   <div class='ocr_carea' id='block_1_10' title="bbox 486 2606 2496 3033">
    <p class='ocr_par' dir='ltr' id='par_1_10' title="bbox 486 2606 2496 3033">
     <span class='ocr_line' id='line_1_31' title="bbox 595 2606 2494 2662; baseline -0.001 -14"><span class='ocrx_word' id='word_1_275' title='bbox 595 2609 682 2662; x_wconf 90' lang='lat'>(79)</span> <span class='ocrx_word' id='word_1_276' title='bbox 729 2611 951 2659; x_wconf 81' lang='lat' dir='ltr'><strong>QUANTUM</strong></span> <span class='ocrx_word' id='word_1_277' title='bbox 995 2610 1235 2648; x_wconf 88' lang='lat' dir='ltr'>Batavorum</span> <span class='ocrx_word' id='word_1_278' title='bbox 1278 2607 1438 2659; x_wconf 90' lang='lat' dir='ltr'>ingenio</span> <span class='ocrx_word' id='word_1_279' title='bbox 1480 2615 1520 2648; x_wconf 92' lang='lat' dir='ltr'>et</span> <span class='ocrx_word' id='word_1_280' title='bbox 1561 2607 1777 2648; x_wconf 89' lang='lat' dir='ltr'>industriae</span> <span class='ocrx_word' id='word_1_281' title='bbox 1820 2607 2035 2647; x_wconf 88' lang='lat' dir='ltr'>litterarum</span> <span class='ocrx_word' id='word_1_282' title='bbox 2071 2607 2323 2658; x_wconf 88' lang='lat' dir='ltr'>antiquarum</span> <span class='ocrx_word' id='word_1_283' title='bbox 2362 2606 2494 2647; x_wconf 85' lang='lat' dir='ltr'>studia</span> 
     </span>
     <span class='ocr_line' id='line_1_32' title="bbox 487 2670 2494 2723; baseline -0.001 -11"><span class='ocrx_word' id='word_1_284' title='bbox 487 2672 707 2721; x_wconf 92' lang='lat' dir='ltr'>debuerint,</span> <span class='ocrx_word' id='word_1_285' title='bbox 729 2671 926 2711; x_wconf 88' lang='lat' dir='ltr'>vobismet</span> <span class='ocrx_word' id='word_1_286' title='bbox 946 2671 1052 2723; x_wconf 90' lang='lat' dir='ltr'>ipsis,</span> <span class='ocrx_word' id='word_1_287' title='bbox 1074 2671 1145 2710; x_wconf 91' lang='lat' dir='ltr'>viri</span> <span class='ocrx_word' id='word_1_288' title='bbox 1165 2670 1395 2719; x_wconf 89' lang='lat' dir='ltr'>doctissimi,</span> <span class='ocrx_word' id='word_1_289' title='bbox 1418 2670 1511 2711; x_wconf 91' lang='lat' dir='ltr'>satis</span> <span class='ocrx_word' id='word_1_290' title='bbox 1531 2670 1735 2722; x_wconf 88' lang='lat' dir='ltr'>cognitum</span> <span class='ocrx_word' id='word_1_291' title='bbox 1754 2684 1840 2710; x_wconf 90' lang='lat' dir='ltr'>esse</span> <span class='ocrx_word' id='word_1_292' title='bbox 1862 2670 2104 2710; x_wconf 89' lang='lat' dir='ltr'>arbitramur.</span> <span class='ocrx_word' id='word_1_293' title='bbox 2164 2671 2213 2709; x_wconf 91' lang='lat' dir='ltr'>In</span> <span class='ocrx_word' id='word_1_294' title='bbox 2236 2677 2370 2710; x_wconf 90' lang='lat' dir='ltr'>nostra</span> <span class='ocrx_word' id='word_1_295' title='bbox 2388 2677 2494 2710; x_wconf 89' lang='lat' dir='ltr'>certe</span> 
     </span>
     <span class='ocr_line' id='line_1_33' title="bbox 487 2733 2493 2785; baseline -0.001 -11"><span class='ocrx_word' id='word_1_296' title='bbox 487 2735 706 2775; x_wconf 87' lang='lat' dir='ltr'>Academia</span> <span class='ocrx_word' id='word_1_297' title='bbox 734 2735 840 2783; x_wconf 89' lang='lat' dir='ltr'>olim,</span> <span class='ocrx_word' id='word_1_298' title='bbox 863 2734 951 2785; x_wconf 90' lang='lat' dir='ltr'>ipso</span> <span class='ocrx_word' id='word_1_299' title='bbox 980 2735 1162 2774; x_wconf 88' lang='lat' dir='ltr'>Bentleio</span> <span class='ocrx_word' id='word_1_300' title='bbox 1190 2735 1394 2782; x_wconf 89' lang='lat' dir='ltr'>suadente,</span> <span class='ocrx_word' id='word_1_301' title='bbox 1425 2733 1522 2785; x_wconf 90' lang='lat' dir='ltr'>preli</span> <span class='ocrx_word' id='word_1_302' title='bbox 1550 2733 1783 2773; x_wconf 89' lang='lat' dir='ltr'>Academici</span> <span class='ocrx_word' id='word_1_303' title='bbox 1810 2733 1852 2772; x_wconf 92' lang='lat' dir='ltr'>in</span> <span class='ocrx_word' id='word_1_304' title='bbox 1880 2746 2008 2781; x_wconf 90' lang='lat' dir='ltr'>usum,</span> <span class='ocrx_word' id='word_1_305' title='bbox 2039 2741 2221 2784; x_wconf 88' lang='lat' dir='ltr'>typorum</span> <span class='ocrx_word' id='word_1_306' title='bbox 2250 2734 2493 2773; x_wconf 84' lang='lat' dir='ltr'>Graecorum</span> 
     </span>
     <span class='ocr_line' id='line_1_34' title="bbox 490 2793 2495 2847; baseline -0.001 -12"><span class='ocrx_word' id='word_1_307' title='bbox 490 2796 801 2847; x_wconf 89' lang='lat' dir='ltr'>Latinorumque</span> <span class='ocrx_word' id='word_1_308' title='bbox 830 2802 1064 2847; x_wconf 88' lang='lat' dir='ltr'>apparatum</span> <span class='ocrx_word' id='word_1_309' title='bbox 1094 2808 1243 2835; x_wconf 91' lang='lat' dir='ltr'>novum</span> <span class='ocrx_word' id='word_1_310' title='bbox 1275 2797 1515 2834; x_wconf 86' lang='lat' dir='ltr'>Batavorum</span> <span class='ocrx_word' id='word_1_311' title='bbox 1543 2809 1591 2834; x_wconf 88' lang='lat' dir='ltr'>ex</span> <span class='ocrx_word' id='word_1_312' title='bbox 1616 2794 1783 2834; x_wconf 88' lang='lat' dir='ltr'>officinis</span> <span class='ocrx_word' id='word_1_313' title='bbox 1811 2794 2127 2845; x_wconf 80' lang='lat' dir='ltr'>impetravimus⁵</span> <span class='ocrx_word' id='word_1_314' title='bbox 2140 2809 2151 2843; x_wconf 89' lang='lat'>;</span> <span class='ocrx_word' id='word_1_315' title='bbox 2184 2807 2315 2844; x_wconf 92' lang='lat' dir='ltr'>neque</span> <span class='ocrx_word' id='word_1_316' title='bbox 2343 2807 2391 2834; x_wconf 89' lang='lat' dir='ltr'>ex</span> <span class='ocrx_word' id='word_1_317' title='bbox 2418 2793 2495 2833; x_wconf 87' lang='lat' dir='ltr'>alia</span> 
     </span>
     <span class='ocr_line' id='line_1_35' title="bbox 486 2856 2494 2910; baseline -0.001 -12"><span class='ocrx_word' id='word_1_318' title='bbox 486 2867 614 2909; x_wconf 87' lang='lat' dir='ltr'>gente,</span> <span class='ocrx_word' id='word_1_319' title='bbox 636 2859 729 2898; x_wconf 88' lang='lat' dir='ltr'>artis</span> <span class='ocrx_word' id='word_1_320' title='bbox 748 2858 1054 2910; x_wconf 87' lang='lat' dir='ltr'>typographicae</span> <span class='ocrx_word' id='word_1_321' title='bbox 1068 2857 1298 2898; x_wconf 89' lang='lat' dir='ltr'>inventione</span> <span class='ocrx_word' id='word_1_322' title='bbox 1317 2859 1437 2908; x_wconf 88' lang='lat' dir='ltr'>paulo</span> <span class='ocrx_word' id='word_1_323' title='bbox 1457 2857 1587 2906; x_wconf 91' lang='lat' dir='ltr'>serior,</span> <span class='ocrx_word' id='word_1_324' title='bbox 1602 2864 1759 2896; x_wconf 85' lang='lat' dir='ltr'>exortus</span> <span class='ocrx_word' id='word_1_325' title='bbox 1779 2864 1861 2896; x_wconf 87' lang='lat' dir='ltr'>erat</span> <span class='ocrx_word' id='word_1_326' title='bbox 1876 2858 2021 2908; x_wconf 90' lang='lat' dir='ltr'>hospes</span> <span class='ocrx_word' id='word_1_327' title='bbox 2036 2856 2100 2897; x_wconf 93' lang='lat' dir='ltr'>ille</span> <span class='ocrx_word' id='word_1_328' title='bbox 2117 2865 2249 2896; x_wconf 89' lang='lat' dir='ltr'>noster</span> <span class='ocrx_word' id='word_1_329' title='bbox 2265 2856 2494 2896; x_wconf 91' lang='lat' dir='ltr'>Desiderius</span> 
     </span>
     <span class='ocr_line' id='line_1_36' title="bbox 490 2919 2494 2971; baseline 0.001 -14"><span class='ocrx_word' id='word_1_330' title='bbox 490 2921 685 2960; x_wconf 85' lang='lat' dir='ltr'>Erasmus.</span> <span class='ocrx_word' id='word_1_331' title='bbox 747 2920 884 2960; x_wconf 90' lang='lat' dir='ltr'>Hodie</span> <span class='ocrx_word' id='word_1_332' title='bbox 916 2920 1070 2960; x_wconf 90' lang='lat' dir='ltr'>Erasmi</span> <span class='ocrx_word' id='word_1_333' title='bbox 1102 2920 1226 2960; x_wconf 90' lang='lat' dir='ltr'>nostri</span> <span class='ocrx_word' id='word_1_334' title='bbox 1257 2921 1499 2971; x_wconf 92' lang='lat' dir='ltr'>popularem,</span> <span class='ocrx_word' id='word_1_335' title='bbox 1530 2919 1796 2959; x_wconf 89' lang='lat' dir='ltr'>bibliothecae</span> <span class='ocrx_word' id='word_1_336' title='bbox 1826 2927 1984 2959; x_wconf 88' lang='lat' dir='ltr'>nostrae</span> <span class='ocrx_word' id='word_1_337' title='bbox 2014 2933 2083 2971; x_wconf 91' lang='lat' dir='ltr'>per</span> <span class='ocrx_word' id='word_1_338' title='bbox 2111 2934 2239 2960; x_wconf 88' lang='lat' dir='ltr'>annos</span> <span class='ocrx_word' id='word_1_339' title='bbox 2269 2921 2494 2971; x_wconf 90' lang='lat' dir='ltr'>complures</span> 
     </span>
     <span class='ocr_line' id='line_1_37' title="bbox 489 2980 2496 3033; baseline -0 -12"><span class='ocrx_word' id='word_1_340' title='bbox 489 2982 698 3033; x_wconf 87' lang='lat' dir='ltr'>hospitem,</span> <span class='ocrx_word' id='word_1_341' title='bbox 727 2982 888 3033; x_wconf 88' lang='lat' dir='ltr'>hospitii</span> <span class='ocrx_word' id='word_1_342' title='bbox 916 2981 1057 3022; x_wconf 90' lang='lat' dir='ltr'>veteris</span> <span class='ocrx_word' id='word_1_343' title='bbox 1086 2981 1169 3021; x_wconf 90' lang='lat' dir='ltr'>iure</span> <span class='ocrx_word' id='word_1_344' title='bbox 1198 2980 1609 3030; x_wconf 89' lang='lat' dir='ltr'>salutamus,—virum</span> <span class='ocrx_word' id='word_1_345' title='bbox 1638 2982 1689 3020; x_wconf 91' lang='lat' dir='ltr'>de</span> <span class='ocrx_word' id='word_1_346' title='bbox 1717 2980 1809 3020; x_wconf 90' lang='lat' dir='ltr'>artis</span> <span class='ocrx_word' id='word_1_347' title='bbox 1838 2981 2143 3032; x_wconf 87' lang='lat' dir='ltr'>typographicae</span> <span class='ocrx_word' id='word_1_348' title='bbox 2169 2981 2318 3032; x_wconf 89' lang='lat' dir='ltr'>origine</span> <span class='ocrx_word' id='word_1_349' title='bbox 2341 2980 2496 3021; x_wconf 91' lang='lat' dir='ltr'>investi-</span> 
     </span>
    </p>
   </div>
   <div class='ocr_carea' id='block_1_11' title="bbox 491 3104 2493 3191">
    <p class='ocr_par' dir='ltr' id='par_1_11' title="bbox 491 3104 2493 3191">
     <span class='ocr_line' id='line_1_38' title="bbox 576 3104 2491 3148; baseline 0 -11"><span class='ocrx_word' id='word_1_350' title='bbox 576 3104 588 3124; x_wconf 79' lang='lat'>1</span> <span class='ocrx_word' id='word_1_351' title='bbox 613 3106 669 3137; x_wconf 94' lang='lat' dir='ltr'>Mr</span> <span class='ocrx_word' id='word_1_352' title='bbox 684 3106 830 3138; x_wconf 87' lang='lat' dir='ltr'>Graham</span> <span class='ocrx_word' id='word_1_353' title='bbox 847 3106 1039 3139; x_wconf 87' lang='lat' dir='ltr'>discovered</span> <span class='ocrx_word' id='word_1_354' title='bbox 1055 3106 1110 3138; x_wconf 88' lang='lat' dir='ltr'>the</span> <span class='ocrx_word' id='word_1_355' title='bbox 1126 3106 1239 3148; x_wconf 89' lang='lat' dir='ltr'>planet</span> <span class='ocrx_word' id='word_1_356' title='bbox 1258 3105 1358 3138; x_wconf 86' lang='lat' dir='ltr'>Metis</span> <span class='ocrx_word' id='word_1_357' title='bbox 1374 3105 1408 3138; x_wconf 91' lang='lat' dir='ltr'>in</span> <span class='ocrx_word' id='word_1_358' title='bbox 1428 3106 1521 3146; x_wconf 87' lang='lat'>1848.</span> <span class='ocrx_word' id='word_1_359' title='bbox 1804 3105 1817 3125; x_wconf 76' lang='lat'>²³</span> <span class='ocrx_word' id='word_1_360' title='bbox 1836 3105 1928 3147; x_wconf 92' lang='lat' dir='ltr'>John</span> <span class='ocrx_word' id='word_1_361' title='bbox 1943 3105 2060 3139; x_wconf 88' lang='lat' dir='ltr'>Coueh</span> <span class='ocrx_word' id='word_1_362' title='bbox 2076 3106 2215 3145; x_wconf 87' lang='lat' dir='ltr'>Adams,</span> <span class='ocrx_word' id='word_1_363' title='bbox 2233 3116 2286 3138; x_wconf 85' lang='lat' dir='ltr'>no,</span> <span class='ocrx_word' id='word_1_364' title='bbox 2311 3116 2370 3147; x_wconf 80' lang='lat'>¹4²</span> <span class='ocrx_word' id='word_1_365' title='bbox 2385 3104 2491 3147; x_wconf 84' lang='lat' dir='ltr'>infra.</span> 
     </span>
     <span class='ocr_line' id='line_1_39' title="bbox 491 3147 2493 3191; baseline -0 -10"><span class='ocrx_word' id='word_1_366' title='bbox 491 3147 504 3167; x_wconf 74' lang='lat'>³</span> <span class='ocrx_word' id='word_1_367' title='bbox 530 3149 630 3186; x_wconf 86' lang='lat' dir='ltr'>Ovid,</span> <span class='ocrx_word' id='word_1_368' title='bbox 647 3150 727 3181; x_wconf 86' lang='lat' dir='ltr'>Met.</span> <span class='ocrx_word' id='word_1_369' title='bbox 746 3150 756 3180; x_wconf 91' lang='lat' dir='ltr'>i</span> <span class='ocrx_word' id='word_1_370' title='bbox 773 3151 812 3190; x_wconf 85' lang='lat'>85</span> <span class='ocrx_word' id='word_1_371' title='bbox 823 3150 843 3181; x_wconf 90' lang='lat' dir='ltr'>s.</span> <span class='ocrx_word' id='word_1_372' title='bbox 1045 3149 1059 3170; x_wconf 80' lang='lat'>4</span> <span class='ocrx_word' id='word_1_373' title='bbox 1083 3150 1212 3187; x_wconf 89' lang='lat' dir='ltr'>Cicero,</span> <span class='ocrx_word' id='word_1_374' title='bbox 1229 3150 1281 3181; x_wconf 80' lang='lat' dir='ltr'>De</span> <span class='ocrx_word' id='word_1_375' title='bbox 1297 3150 1374 3181; x_wconf 85' lang='lat' dir='ltr'>Inv.</span> <span class='ocrx_word' id='word_1_376' title='bbox 1395 3149 1404 3180; x_wconf 89' lang='lat' dir='ltr'>i</span> <span class='ocrx_word' id='word_1_377' title='bbox 1423 3158 1451 3189; x_wconf 85' lang='lat'>5.</span> <span class='ocrx_word' id='word_1_378' title='bbox 1645 3149 1658 3168; x_wconf 83' lang='lat'>⁵</span> <span class='ocrx_word' id='word_1_379' title='bbox 1682 3149 1745 3190; x_wconf 86' lang='lat' dir='ltr'>Cp.</span> <span class='ocrx_word' id='word_1_380' title='bbox 1763 3150 1903 3191; x_wconf 84' lang='lat' dir='ltr'>History</span> <span class='ocrx_word' id='word_1_381' title='bbox 1918 3149 1959 3190; x_wconf 73' lang='lat' dir='ltr'>qf</span> <span class='ocrx_word' id='word_1_382' title='bbox 1969 3150 2127 3181; x_wconf 83' lang='lat' dir='ltr'>Classical</span> <span class='ocrx_word' id='word_1_383' title='bbox 2139 3149 2360 3191; x_wconf 77' lang='lat' dir='ltr'>Scholarship,</span> <span class='ocrx_word' id='word_1_384' title='bbox 2380 3149 2403 3181; x_wconf 88' lang='lat' dir='ltr'>ii</span> <span class='ocrx_word' id='word_1_385' title='bbox 2418 3150 2493 3190; x_wconf 84' lang='lat'>408.</span> 
     </span>
    </p>
   </div>
   <div class='ocr_carea' id='block_1_12' title="bbox 1471 3234 1520 3270">
    <p class='ocr_par' dir='ltr' id='par_1_12' title="bbox 1471 3234 1520 3270">
     <span class='ocr_line' id='line_1_40' title="bbox 1471 3234 1520 3270; baseline 0 -12"><span class='ocrx_word' id='word_1_386' title='bbox 1471 3234 1520 3270; x_wconf 90' lang='lat'>4²</span> 
     </span>
    </p>
   </div>
  </div>
 </body>
</html>
