2704 3770
547 336 750 386 Horace
785 337 959 385 Lamb.
1036 337 1221 402 George
1255 339 1512 403 Downz'ng
1544 338 1771 403 Lz'vez'ng.
1844 338 1898 386 A
1905 337 2042 402 lfred
2069 337 2342 387 Marsltall.

553 482 668 535 (484)
701 482 862 522 Abhinc
894 496 1021 523 annos
1059 491 1212 535 septem
1249 491 1289 524 et
1326 483 1483 536 triginta
1520 483 1705 524 Newtoni
1742 483 1784 522 in
1821 482 2003 534 Collegio
2031 483 2239 522 alumnum
2271 489 2451 534 nostrum

445 548 485 587 N
487 546 631 586 ewtoni
664 546 914 598 disciplinam
944 559 1136 598 perquam
1166 546 1330 586 feliciter
1363 546 1532 586 coluisse
1558 553 1724 586 constat.
1783 547 1927 585 Postea
1956 544 1998 584 in
2028 544 2226 585 Australia
2254 545 2453 596 professor

444 608 684 657 nominatus,
705 608 747 647 in
766 607 925 648 colonia
943 615 1077 648 nostra
1096 608 1358 648 remotissima
1378 608 1598 648 studiorum
1625 606 2010 652 mathematicorum,
2032 605 2254 646 studiorum
2273 605 2453 658 physico-

443 684 542 719 rum,
563 670 634 711 diu
659 671 847 710 duratura
869 670 1002 722 posuit
1021 671 1291 710 fundamenta.
1352 670 1511 709 Deinde
1531 669 1766 721 scriptorum
1786 668 1871 708 eius
1894 674 2055 719 propter
2079 667 2217 708 merita
2240 667 2408 720 insignia
2428 682 2454 708 a

445 732 801 773 Mancuniensibus
835 733 1002 772 domum
1029 739 1246 778 revocatus,
1275 745 1322 772 ea
1352 745 1454 782 quae
1483 732 1567 783 ipse
1595 733 1647 771 de
1676 731 1715 771 vi
1743 730 1925 771 electrica
1953 730 2268 782 disputationum
2294 744 2454 771 suarum

443 795 485 835 in
504 795 665 847 regione
684 808 782 846 pura
801 794 1017 842 invenerat,
1038 795 1090 834 ab
1109 794 1194 834 aliis
1213 794 1255 834 in
1275 794 1470 834 machinis
1490 794 1729 834 fabricandis
1749 794 1828 834 vita
1847 808 1951 834 nova
1976 795 2123 834 donata
2145 793 2255 834 vidit.
2313 793 2453 834 Peritis

443 864 539 897 nota
558 864 650 897 sunt
673 856 1053 908 ‘Hydrodynamica
1069 858 1077 875 '
1096 856 1191 905 eius,
1214 856 1255 895 in
1275 856 1452 896 editione
1472 870 1575 896 nova
1594 857 1635 895 in
1655 856 1783 896 maius
1799 863 1974 896 exaucta.
2034 855 2166 895 Etiam
2179 855 2266 896 aliis
2280 855 2454 896 innotuit

443 919 569 959 oratio
592 919 799 960 Societatis
826 919 1074 959 Britannicae
1099 918 1139 958 in
1163 926 1363 959 conventu
1390 918 1707 970 Cantabrigiensi
1735 920 1843 959 haud
1869 918 1924 959 ita
1948 918 2102 971 pridem
2126 918 2391 970 pronuntiata,
2411 918 2454 959 in

442 995 522 1033 qua
540 981 711 1033 primum
728 982 949 1022 studiorum
966 981 1335 1021 mathematicorum
1349 981 1553 1022 historiam
1569 982 1828 1022 recentiorem
1848 981 2023 1023 dilucide
2042 981 2278 1032 delineavit3
2306 981 2454 1022 deinde

441 1043 561 1083 etiam
587 1044 628 1083 in
652 1043 792 1083 studiis
815 1043 890 1083 illis
917 1044 1061 1084 severis
1086 1043 1239 1095 aliquid
1260 1045 1505 1092 audendum,
1526 1043 1677 1094 aliquid
1700 1043 2004 1096 periclitandum
2024 1057 2112 1084 esse
2130 1044 2228 1084 dixit
2240 1058 2251 1093 ;
2279 1043 2454 1096 denique

441 1119 570 1145 rerum
597 1113 779 1145 naturam
803 1107 985 1146 nondum
1011 1119 1173 1146 omnem
1201 1119 1288 1145 esse
1314 1107 1557 1154 exhaustam,
1579 1107 1650 1146 sed
1676 1105 1873 1146 miraculis
1896 1105 2015 1146 etiam
2039 1119 2147 1146 nunc
2167 1119 2253 1146 esse
2278 1107 2452 1158 plenam,

442 1180 544 1218 quae
564 1167 817 1207 scientiarum
837 1169 1007 1207 cultores
1027 1181 1096 1218 per
1114 1167 1284 1219 plurima
1302 1167 1344 1206 in
1363 1175 1566 1220 posterum
1587 1169 1745 1207 saecula
1763 1167 1842 1207 sint
1861 1167 2106 1207 exercitura1.

552 1231 670 1269 Duco
700 1231 752 1269 ad
784 1243 855 1269 vos
889 1229 1056 1280 Collegii
1089 1229 1150 1268 sui
1182 1231 1388 1280 quondam
1419 1229 1584 1279 socium,
1613 1229 1814 1269 Victoriae
1847 1228 2125 1270 Universitatis
2154 1229 2455 1270 Mancuniensis

441 1292 705 1343 professorem
725 1291 932 1343 insignem,
956 1290 1235 1332 Universitatis
1255 1298 1412 1331 nostrae
1431 1291 1654 1331 adiutorem
1674 1303 1830 1342 semper
1848 1291 2030 1338 alacrem,
2053 1292 2293 1331 HORATIUM
2317 1292 2451 1331 LAMB-

550 1389 664 1442 (485)
679 1389 841 1429 Abhinc
860 1402 988 1429 annos
1003 1390 1085 1429 duo
1105 1397 1145 1429 et
1160 1389 1362 1441 sexaginta
1380 1390 1677 1442 Cantabrigiam
1696 1390 1869 1442 primum
1884 1390 2022 1442 petivit
2036 1390 2093 1430 vir
2111 1390 2212 1430 intra
2231 1392 2455 1442 proximum

440 1451 760 1504 quinquennium
790 1450 832 1489 in
863 1449 1072 1502 disciplina
1101 1451 1382 1491 mathematica
1410 1458 1449 1491 et
1479 1451 1520 1490 in
1549 1465 1680 1491 rerum
1711 1458 1874 1491 naturae
1905 1451 2045 1491 studiis
2076 1452 2248 1492 honores
2277 1465 2455 1493 summos

439 1515 637 1566 adeptus²‚
656 1513 736 1565 qui,
753 1520 844 1565 post
862 1512 1003 1553 itinera
1022 1526 1093 1553 sua
1113 1513 1396 1563 Berolinensia,
1414 1513 1603 1554 scientiae
1618 1514 1822 1555 chemicae
1836 1514 1937 1555 inter
1952 1515 2233 1567 nosmetipsos
2247 1516 2456 1556 docendae

439 1589 525 1616 sese
563 1582 721 1616 strenue
759 1575 967 1624 dedicavit,
1001 1582 1040 1615 et
1075 1574 1167 1614 Divi
1201 1575 1365 1615 Ioannis
1398 1576 1440 1615 in
1474 1576 1656 1628 Collegio
1686 1576 1855 1628 primam
1894 1576 2083 1617 scientiae
2114 1577 2218 1618 illius
2255 1578 2455 1618 officinam

440 1638 809 1689 Cantabrigiensem
856 1639 1148 1678 aedificandam
1194 1638 1374 1678 curavitss.
1434 1640 1579 1679 Postea
1625 1639 1903 1680 Universitatis
1950 1642 2148 1692 professor
2193 1641 2453 1691 nominatus⁴,

439 1701 582 1739 horum
603 1702 825 1740 studiorum
845 1699 1026 1740 officinae
1046 1699 1313 1751 amplissimae
1333 1700 1493 1752 publice
1512 1702 1749 1741 condendae
1768 1715 1966 1742 summam
1987 1702 2242 1755 diligentiam,
2257 1716 2455 1744 summam

439 1775 605 1814 operum
625 1769 848 1802 exterorum
868 1761 1162 1813 experientiam,
1180 1761 1344 1802 feliciter
1363 1762 1575 1803 adhibuit⁵.
1635 1763 1754 1803 Lucis
1766 1777 1859 1804 vero
1875 1764 1992 1804 radiis
2008 1764 2152 1816 spectri
2168 1764 2228 1817 (ut
2239 1764 2366 1817 aiunt)
2377 1778 2455 1817 ope

439 1825 673 1874 retexendis,
696 1832 735 1865 et
761 1838 890 1865 rerum
915 1832 1079 1865 naturae
1102 1825 1371 1877 penetralibus
1398 1826 1682 1874 examinandis,
1705 1834 1803 1878 quot
1828 1840 2024 1867 annorum
2047 1828 2204 1867 labores
2232 1827 2454 1868 dedicavit!

440 1895 539 1939 quot
575 1888 779 1940 discipulis
816 1888 1039 1928 studiorum
1076 1901 1158 1928 uno
1196 1895 1333 1928 tenore
1370 1888 1529 1928 assidue
1565 1896 1815 1940 peractorum
1849 1891 2048 1941 exemplar
2085 1903 2206 1941 quam
2244 1891 2454 1941 pulchrum

440 1949 646 2002 praebuit!
705 1952 755 1990 In
785 1950 972 2002 operibus
997 1950 1115 1989 bonis
1143 1949 1378 1989 adiuvandis
1407 1950 1715 1997 liberalissimus,
1743 1950 1784 1989 in
1815 1951 1983 2002 negotiis
2016 1951 2254 1992 academicis
2283 1952 2454 2003 partium

439 2011 660 2051 liberalium
694 2012 879 2051 defensor
911 2010 1144 2059 indefessus,
1176 2025 1246 2062 per
1273 2018 1332 2051 tot
1361 2025 1487 2051 annos
1516 2011 1618 2051 inter
1645 2019 1775 2050 tantas
1801 2025 1930 2051 rerum
1957 2012 2246 2053 vicissitudines
2274 2012 2453 2053 animum

437 2086 632 2121 serenum,
664 2086 849 2124 aequum,
886 2074 1134 2122 prudentem,
1169 2073 1396 2112 modestum
1426 2072 1683 2112 conservavit.
1742 2072 1883 2112 Virum
1912 2075 2031 2113 talem
2061 2073 2276 2125 praeconio
2305 2075 2450 2114 eodem

441 2135 606 2187 dignum
626 2149 712 2175 esse
732 2135 978 2183 crediderim,
1001 2148 1082 2186 quo
1101 2135 1239 2186 populi
1261 2135 1487 2175 Americani
1507 2149 1664 2187 praeses
1688 2135 1851 2186 quidam
1877 2149 2055 2187 magnus,
2076 2135 2306 2187 professoris
2330 2135 2454 2176 nostri

440 2198 481 2236 in
501 2211 608 2237 anno
626 2197 756 2250 primo
777 2211 922 2237 munus
942 2211 1057 2237 suum
1077 2197 1285 2249 ingressus,
1307 2197 1445 2249 populi
1465 2198 1526 2237 sui
1545 2211 1569 2237 a
1588 2203 1706 2250 poeta
1726 2198 1871 2238 eximio
1891 2207 2030 2250 postea
2049 2207 2108 2239 est
2127 2200 2311 2239 laudatus
2326 2214 2390 2240 :—

899 2285 950 2312 en
979 2271 1035 2311 vir
1063 2271 1235 2323 benigne
1263 2271 1451 2320 intentus,
1483 2272 1605 2322 fortis,
1636 2272 1837 2324 providus,

899 2339 1016 2377 sagax
1043 2325 1289 2377 patiensque,
1319 2327 1481 2366 laudem
1509 2339 1592 2366 non
1621 2328 1780 2378 culpam
1808 2324 1984 2366 timens⁶.

551 2402 600 2440 In
619 2400 822 2441 laboribus
841 2400 923 2440 suis
942 2401 994 2440 ad
1014 2399 1162 2440 exitum
1183 2399 1339 2440 felicem
1359 2400 1626 2452 perducendis
1646 2414 1716 2452 per
1734 2414 1862 2441 annos
1882 2400 2073 2451 plurimos
2096 2400 2264 2452 supersit
2287 2400 2455 2453 collegii

440 2462 501 2503 sui
521 2462 652 2503 socius
671 2469 895 2514 perpetuus,
917 2461 1106 2502 scientiae
1126 2461 1330 2502 chemicae
1349 2463 1547 2520 professor
1566 2461 1765 2510 emeritus,
1783 2463 2006 2503 Groncms
2027 2463 2243 2502 DowNJNG
2256 2464 2448 2503 LivaG.

550 2564 664 2617 (486)
685 2566 899 2604 Honorum
927 2563 1212 2604 hodiernorum
1236 2564 1277 2603 in
1304 2564 1403 2604 serie
1426 2578 1634 2616 supremus
1657 2566 1770 2605 adest
1790 2564 1846 2604 vir
1865 2565 2063 2605 honorum
2083 2564 2453 2606 mathematicorum

441 2628 481 2668 in
523 2629 739 2669 certamine
781 2629 987 2680 quondam
1031 2627 1279 2668 Cancellario
1322 2635 1458 2668 nostro
1505 2627 1707 2679 proximus
1749 2627 2023 2667 renuntiatus⁷.
2085 2629 2229 2668 Postea
2274 2627 2454 2680 Collegio

441 2688 674 2730 Bristolensi
693 2689 941 2741 praepositus
962 2696 1000 2729 et
1019 2703 1043 2729 a
1063 2689 1244 2741 Collegio
1263 2690 1314 2729 de
1335 2689 1505 2729 Balliolo
1525 2689 1656 2730 socius
1676 2696 1716 2729 et
1734 2690 1858 2729 lector
1878 2688 2128 2737 constitutus,
2145 2688 2202 2729 eis
2217 2690 2379 2730 tandem
2394 2697 2454 2730 est

439 2751 672 2803 adscriptus,
704 2751 849 2803 quibus
879 2751 1148 2803 operariorum
1180 2753 1231 2792 de
1261 2752 1397 2792 labore
1427 2752 1646 2792 deliberare
1677 2752 1911 2791 auctoritate
1941 2751 2047 2803 regia
2076 2758 2158 2791 erat
2188 2753 2451 2792 mandatum³.

441 2814 607 2855 Interim
627 2814 889 2855 oeconomiae
907 2814 1093 2866 politicae
1112 2817 1311 2866 professor
1330 2814 1432 2855 inter
1455 2822 1613 2854 nosmet
1636 2814 1744 2866 ipsos
1768 2814 2025 2862 nominatus⁹,
2048 2813 2269 2854 studiorum
2292 2827 2454 2854 suorum

439 2875 480 2915 in
518 2876 654 2916 castris
686 2877 879 2917 factiones
912 2878 1137 2928 complures
1170 2876 1272 2916 inter
1305 2890 1391 2917 sese
1421 2877 1659 2917 dissidentes
1693 2890 1766 2917 suo
1796 2878 1991 2927 exemplo,
2023 2890 2096 2916 sua
2127 2876 2371 2927 auctoritate,
2400 2877 2454 2918 ad

526 2971 539 2992 1
562 2973 694 3005 British
711 2973 914 3005 Association
933 2974 1066 3015 Repert‚
1083 2972 1298 3015 Cambridge,
1321 2983 1422 3015 19o4;
1445 2973 1590 3012 Nature,
1614 2974 1651 3005 18
1667 2973 1756 3015 Aug.
1777 2983 1870 3016 1904,
1889 2984 1925 3015 p.
1944 2984 2005 3015 37²
2023 2973 2046 3005 f.
2207 2972 2221 2994 ⁸
2244 2973 2331 3006 First
2346 2973 2381 3006 in
2395 2973 2453 3007 the

440 3015 512 3047 first
527 3015 611 3048 class
626 3016 665 3048 of
675 3016 733 3048 the
747 3016 816 3048 first
833 3017 989 3049 Natural
1001 3017 1145 3049 Sciences
1164 3018 1199 3049 T
1194 3017 1292 3058 myos,
1314 3018 1408 3057 1851.
1585 3014 1600 3036 ³
1622 3016 1699 3049 Oct.
1721 3018 1814 3059 1853.
2003 3016 2017 3037 ⁴
2043 3015 2136 3049 1861.
2317 3015 2332 3036 ⁶
2357 3017 2451 3059 1887.

441 3057 455 3078 ⁸
478 3057 665 3099 (Abraham
687 3059 844 3102 Lincoln)
864 3060 956 3092 ‘The
972 3060 1245 3102 kindly·earnest,
1264 3060 1378 3097 brave,
1394 3059 1580 3102 foreseeing
1602 3070 1692 3099 man,
1712 3059 1904 3102 Sagacious,
1923 3060 2062 3102 patient,
2080 3060 2242 3102 dreading
2256 3060 2375 3102 praise,
2394 3064 2454 3092 not

440 3101 580 3134 blame'.
626 3102 781 3134 Lowell’s
797 3104 1091 3135 Commemoration
1109 3104 1185 3142 Ode,
1199 3103 1230 3135 vi
1246 3104 1294 3135 ad
1293 3103 1403 3146 finem
1419 3102 1488 3145 (the
1504 3103 1712 3145 comparison
1727 3104 1755 3135 is
1766 3104 1833 3136 due
1848 3108 1883 3136 to
1895 3104 1946 3135 Dr
1959 3103 2059 3144 Peile,
2075 3114 2128 3146 ep.
2141 3104 2259 3145 Euga,
2276 3103 2344 3137 xxii
2361 3102 2451 3146 385).

438 3144 452 3166 ⁷
476 3145 607 3179 Second
623 3146 799 3191 Wrangler
813 3146 852 3180 of
866 3146 960 3190 1865.
1059 3145 1073 3166 Β
1097 3147 1205 3188 Royal
1220 3147 1446 3180 Commission
1461 3157 1506 3179 on
1523 3146 1668 3184 Labour,
1690 3148 1782 3189 1891.
1880 3146 1895 3168 ⁹
1921 3147 2013 3187 1885.

1408 3220 1486 3258 218
