2704 3770
1125 328 1361 377 Rz‘chard
1388 328 1442 376 A
1446 328 1635 376 sslzeton
1674 326 1719 376 C
1718 344 1832 376 ross.

474 473 605 512 stellas
625 485 727 524 quae
747 471 787 511 in
807 472 981 512 Australi
999 474 1094 524 polo
1114 479 1273 512 sanctae
1292 471 1420 512 crucis
1439 471 1595 523 signum
1615 471 1813 520 irradiant,
1835 471 1942 510 illam
1962 484 2064 522 quae
2084 483 2177 521 prae
2197 469 2336 510 ceteris
2356 471 2479 521 fulget

474 546 560 573 esse
580 534 792 586 duplicem.
847 534 1027 586 Duplicis
1048 547 1143 574 sane
1162 534 1413 586 episcopatus
1433 536 1592 574 laudem
1617 535 1681 574 ille
1701 533 1853 582 meruit,
1871 541 1910 574 et
1929 547 2089 585 peregre
2109 533 2285 585 quinque
2300 534 2421 572 lustra
2439 539 2479 572 et

474 596 586 636 domi
611 598 693 638 duo
719 598 1037 649 conspiciendus,
1059 597 1113 637 ita
1138 605 1271 637 tamen
1298 605 1341 637 ut
1366 597 1468 637 inter
1492 611 1619 637 novae
1647 597 1872 648 provinciae
1900 597 2055 636 labores
2082 595 2314 635 memoriam
2339 594 2478 646 prioris

474 672 694 711 numquam
722 674 879 711 prorsus
905 661 1134 711 deponeret,
1157 661 1228 699 sed
1256 660 1396 699 ardore
1422 659 1587 711 pristino
1610 671 1736 710 usque
1761 659 1814 697 ad
1840 659 1961 697 finem
1991 659 2179 708 flagraret,
2201 664 2241 697 et
2269 669 2392 708 prope
2417 669 2480 696 ex-

474 728 601 761 tremo
621 722 757 774 spiritu
777 725 913 762 lumen
931 723 1030 762 illud
1049 729 1378 762 commemoraret
1397 721 1666 760 illuminandis
1685 720 1869 772 gentibus
1889 719 2142 760 destinatum.

584 785 780 825 Gentibus
809 785 970 825 remotis
995 786 1126 825 lucem
1152 785 1341 831 attulisse,
1365 784 1501 824 Sancti
1530 783 1641 823 Pauli
1674 784 1715 822 in
1745 783 1916 834 vestigiis
1949 782 2147 829 institisse,
2180 795 2263 822 non
2292 781 2479 822 omnibus

475 846 668 898 contingit
681 861 692 896 3
720 848 813 887 huic
838 855 944 888 certe
968 847 1050 888 viro
1076 848 1117 887 in
1143 850 1278 888 locum'
1298 847 1402 887 illius
1427 846 1652 898 nuperrime
1679 848 1807 886 eleeto
1832 854 1970 898 aptum
1994 847 2159 886 fortasse
2184 845 2256 885 erit
2281 845 2482 896 exemplar

476 909 644 949 Sanctus
675 910 876 949 Barnabas
909 910 985 956 ille,
1017 923 1109 949 cum
1138 910 1225 961 ipso
1256 911 1381 949 Paulo
1413 908 1530 948 toties
1559 909 1825 948 consociatus.
1881 909 1922 949 Si
1954 908 2057 947 illius
2087 922 2135 947 ex
2163 907 2337 956 nomine,
2367 905 2480 946 cuius

475 970 619 1009 festum
639 971 760 1011 hodie
779 972 1009 1019 celebratur,
1027 971 1248 1022 auspicium
1268 971 1360 1010 licet
1379 972 1536 1019 ducere,
1553 970 1797 1022 provinciam
1818 970 1925 1009 illam
1944 977 2054 1021 patre
2073 970 2253 1009 orbatam
2273 968 2344 1008 viri
2363 968 2480 1008 huius

475 1032 697 1072 consolatio
716 1032 918 1080 recreabit,
935 1032 1188 1072 confirmabit
1202 1032 1432 1072 exhortatio.
1493 1031 1733 1071 Meministis
1749 1044 1869 1082 quam
1885 1032 1989 1071 elato
2004 1030 2139 1070 animo
2154 1044 2272 1082 supra
2286 1030 2481 1070 terrestria

476 1106 632 1145 surgere
658 1094 763 1135 visus
790 1095 839 1135 sit
864 1095 932 1134 illo
961 1095 1036 1143 die,
1060 1108 1140 1146 quo
1165 1109 1291 1147 nuper
1317 1095 1358 1134 in
1378 1095 1620 1135 Academiae
1646 1096 1797 1146 templo
1823 1094 2075 1134 contionatus
2098 1101 2181 1143 est;
2209 1093 2334 1134 nostis
2359 1106 2479 1145 quam

474 1157 613 1206 fidelis,
636 1171 754 1209 quam
776 1172 888 1198 carus
907 1166 1041 1209 pastor
1060 1171 1133 1198 suo
1152 1160 1258 1209 gregi
1278 1157 1394 1198 fuerit
1407 1172 1418 1207 ;
1445 1157 1650 1197 audivistis
1676 1164 1774 1208 quot
1799 1157 1840 1196 in
1866 1157 1974 1204 locis,
1997 1164 2148 1208 quanto
2173 1156 2295 1196 animi
2315 1158 2476 1206 fervore,

474 1218 581 1269 quali
601 1221 839 1270 eloquentia,
857 1219 1100 1260 dormientes
1120 1220 1354 1269 excitaverit,
1373 1227 1572 1260 currentes
1591 1221 1769 1259 hortatus
1789 1219 1848 1267 sit,
1867 1226 2016 1259 stantes
2031 1218 2331 1267 confirmaverit,
2348 1220 2480 1270 lapsos

474 1281 647 1331 erexerit,
669 1290 841 1322 errantes
861 1282 902 1322 in
923 1282 1025 1322 viam
1046 1282 1181 1322 salutis
1201 1282 1407 1322 reduxerit.

585 1343 702 1382 Miles
732 1343 827 1383 olim
855 1343 958 1383 inter
987 1346 1123 1392 Indos,
1151 1352 1369 1383 castrorum
1397 1357 1420 1384 e
1448 1345 1531 1383 sole
1559 1344 1601 1383 in
1629 1351 1805 1383 nostram
1834 1343 1954 1383 vitam
1975 1343 2225 1383 umbratilem
2255 1343 2477 1395 confugisti,

473 1404 750 1456 antiquissimo
779 1406 959 1457 Collegio
987 1407 1189 1458 ascriptus,
1213 1406 1267 1445 illi
1291 1408 1473 1457 apostolo
1501 1406 1687 1446 dedicato
1711 1406 1967 1457 qui-militem
1993 1408 2222 1446 Romanum
2249 1406 2480 1447 Cornelium

474 1468 585 1518 quasi
612 1468 789 1520 gentium
824 1477 1044 1509 exterarum
1073 1469 1375 1521 antesignanum
1404 1469 1445 1507 in
1476 1468 1623 1509 Christi
1650 1482 1798 1508 nomen
1827 1482 1932 1509 novo
1962 1477 2210 1509 sacramento
2237 1468 2395 1522 adegit-3
2433 1482 2481 1509 ex

474 1529 535 1568 his
564 1530 804 1570 umbraculis
833 1544 1021 1582 egressus,
1052 1530 1160 1582 pacis
1189 1530 1387 1581 stipendia
1415 1530 1576 1582 optimis
1603 1529 1788 1581 auspiciis
1817 1529 1994 1570 meruisti
2007 1545 2017 1579 ;
2048 1543 2139 1569 mox
2166 1530 2356 1570 ecclesiae
2384 1529 2482 1570 mili—

474 1594 593 1632 tantis
622 1593 723 1633 inter
750 1595 873 1634 duces
897 1594 1177 1634 numeraberis.
1238 1593 1319 1644 Qui
1343 1593 1478 1633 salutis
1504 1593 1767 1644 sempiternae
1792 1592 1896 1633 viam
1920 1592 2036 1633 toties
2059 1593 2144 1632 aliis
2167 1592 2388 1641 ostendisti,
2409 1591 2482 1632 tibi

474 1655 549 1706 ipsi
578 1657 698 1696 hodie
726 1671 774 1697 ex
801 1658 936 1697 animo
965 1659 1113 1697 salvere
1145 1664 1266 1708 atque
1298 1658 1400 1696 adeo
1434 1657 1562 1696 valere
1594 1656 1790 1695 iubemus.
1848 1656 1958 1704 Vale,
1991 1655 2103 1694 miles
2136 1663 2270 1695 noster
2283 1670 2294 1705 ;
2331 1654 2381 1694 sit
2409 1654 2482 1694 tibi

474 1717 604 1758 itineri
623 1719 826 1759 cotidiano
848 1733 930 1759 non
949 1720 1077 1771 impar
1096 1720 1294 1766 valetudo,
1316 1726 1355 1759 et
1375 1719 1415 1757 in
1434 1718 1637 1770 provincia
1656 1725 1724 1757 tua
1743 1717 1893 1757 fortiter
1918 1724 1957 1756 et
1980 1717 2143 1757 feliciter
2167 1717 2482 1757 administranda

475 1779 602 1819 maius
621 1779 749 1820 indies
769 1781 1069 1821 incrementum.
1131 1783 1140 1800 ‘
1152 1782 1216 1819 Tu
1236 1793 1329 1820 vero
1348 1780 1474 1831 vigila,
1496 1779 1538 1818 in
1558 1779 1745 1819 omnibus
1765 1779 1900 1818 labora
1913 1777 1951 1827 '¹‚
1975 1778 2127 1817 bonum
2146 1786 2345 1818 certamen
2362 1777 2479 1826 certa,

475 1841 597 1880 fidem
618 1855 737 1883 serva.

586 1906 703 1945 Duco
723 1907 775 1946 ad
795 1919 864 1946 vos
884 1907 1130 1945 WILELMUM
1153 1907 1418 1945 DALRYMPLE
1440 1907 1692 1945 MACLAGAN.

1252 2100 1312 2145 24
1354 2083 1556 2132 October
1596 2100 1611 2130 1
1624 2085 1718 2143 878

586 2219 672 2273 (16)
693 2222 783 2259 PAX
802 2219 930 2260 amica
949 2226 1008 2259 est
1026 2219 1176 2259 artibus
1190 2233 1201 2268 3
1230 2233 1350 2259 nemo
1369 2219 1485 2270 igitur
1505 2219 1710 2259 mirabitur
1729 2219 1885 2259 Artium
1908 2219 2105 2271 Magistris
2125 2220 2234 2271 pacis
2258 2220 2481 2261 ministrum

477 2295 669 2334 perquam
702 2283 867 2333 placere.
925 2281 1065 2321 Virum
1104 2280 1212 2332 pacis
1245 2281 1286 2320 in
1318 2281 1467 2321 artibus
1501 2281 1569 2321 diu
1607 2289 1814 2330 versatum,
1846 2281 1938 2321 iuris
1975 2283 2196 2321 admodum
2228 2282 2410 2333 peritum,
2440 2282 2482 2322 in

478 2344 646 2396 negotiis
683 2351 768 2383 tum
802 2343 961 2395 privatis
998 2351 1084 2383 tum
1117 2343 1285 2394 publicis
1318 2344 1500 2395 gerendis
1537 2345 1653 2384 valde
1683 2345 1949 2393 exercitatum,
1985 2344 2107 2385 hodie
2140 2346 2366 2393 salutamus,
2399 2359 2482 2386 non

478 2405 648 2458 partium
668 2406 801 2445 studio
820 2405 984 2453 incensi,
1006 2405 1187 2456 dignitati
1206 2405 1323 2445 huius
1343 2405 1492 2445 ordinis
1513 2419 1594 2446 non
1614 2413 1895 2455 consentaneo,
1919 2408 1990 2446 sed
2014 2407 2150 2446 animo
2175 2406 2349 2458 ingenuo
2371 2407 2482 2448 illum

478 2467 661 2507 admirati
680 2481 800 2519 quem
820 2467 861 2507 in
881 2481 952 2507 sua
971 2467 1199 2519 praesertim
1219 2466 1422 2519 provincia
1440 2475 1523 2507 tota
1546 2467 1775 2508 Britannica
1798 2469 1848 2508 de
1874 2482 1915 2508 re
1938 2468 2098 2519 publica
2123 2468 2274 2520 optime
2298 2469 2483 2510 meritum

479 2543 565 2570 esse
583 2529 744 2569 iudicat.

588 2591 716 2643 Regni
747 2591 964 2631 Britannici
991 2591 1217 2643 provinciae
1245 2591 1488 2632 domesticae
1517 2593 1683 2632 lustrum
1712 2592 1790 2632 iam
1820 2606 1945 2632 unum
1974 2594 2350 2644 praepositus‚·quot
2378 2595 2483 2646 leges

480 2653 659 2693 societati
685 2653 830 2692 civium
857 2654 1029 2693 tuendae
1056 2660 1095 2693 et
1123 2666 1196 2693 suo
1225 2653 1369 2705 cuique
1399 2653 1612 2694 tribuendo
1641 2654 1857 2694 destinatas
1890 2654 2060 2705 pertulit,
2091 2667 2193 2705 quae
2223 2654 2304 2706 agri
2333 2654 2483 2706 publici

481 2718 695 2756 commoda
714 2724 1002 2765 conservarent,
1024 2729 1127 2768 quae
1147 2715 1230 2755 iura
1250 2716 1459 2755 hominum
1479 2716 1763 2756 industriorum
1779 2725 1898 2768 atque
1918 2716 2074 2755 illorum
2093 2729 2117 2755 a
2135 2716 2279 2767 quibus
2300 2718 2483 2757 mercede

481 2780 760 2818 conducuntur
779 2778 999 2826 definirent,
1022 2791 1125 2828 quae
1145 2791 1345 2818 carcerum
1366 2778 1540 2829 denique
1554 2778 1958 2818 administrandorum
1978 2777 2287 2817 consuetudines
2307 2779 2484 2818 modera-

481 2847 624 2879 rentur.
685 2839 814 2890 Ipsius
835 2839 1013 2890 Reginae
1027 2847 1161 2878 autem
1177 2840 1411 2879 elementiae
1431 2839 1680 2890 dispensator
1699 2853 1816 2891 quam
1835 2839 1977 2891 dignus
1993 2839 2138 2878 exstitit
2151 2853 2162 2887 3
2189 2852 2310 2890 quam
2326 2840 2482 2878 firmum

481 2904 666 2942 columen
693 2902 896 2942 Ecclesiae
924 2902 1027 2942 illius
1054 2916 1156 2953 quae
1185 2902 1322 2941 talium
1348 2902 1520 2941 virorum
1549 2902 1695 2941 auxilio
1725 2915 1818 2940 mox
1845 2903 2035 2953 ampliore
2064 2903 2211 2941 fruetur
2236 2901 2480 2953 episcopatu.

482 2965 613 3013 Quam
635 2963 812 3002 salutaris
833 2977 924 3003 vero
950 2963 1016 3002 illa
1035 2965 1107 3010 lex,
1129 2964 1180 3002 ab
1204 2964 1282 3003 hoc
1307 2964 1391 3003 viro
1416 2963 1517 3002 inter
1540 2963 1666 3014 prima
1692 2962 1906 3003 iuventutis
1926 2970 2018 3002 vota
2038 2963 2132 3003 olim
2153 2970 2347 3014 exoptata,
2369 2963 2482 3003 cuius

481 3025 713 3065 auctoritate
733 3026 944 3065 domiciliis
964 3025 1190 3065 tenuiorum
1210 3025 1354 3065 civium
1375 3025 1493 3065 nimis
1511 3025 1604 3065 artis
1624 3025 1774 3075 dirutis,
1796 3026 2055 3077 amplioribus
2074 3027 2303 3074 aedificatis,
2325 3025 2483 3065 urbium

1098 3132 1109 3152 ¹
1135 3133 1169 3165 S.
1198 3133 1291 3164 Pauli
1314 3133 1380 3174 Ep.
1404 3134 1453 3164 ad
1475 3133 1693 3172 Timotheum,
1721 3140 1749 3164 11
1773 3132 1806 3164 iv
1830 3143 1860 3173 5.

1459 3218 1504 3242 12
