2704 3770
620 330 685 377 E.
725 329 919 378 Rz‘ecke.
1005 330 1235 379 W'llzelm
1283 331 1549 395 Waldeyer.
1622 331 1934 396 Porphyrius
1967 331 2266 395 Logotlzetes.

441 473 636 525 antiqua’‚
658 481 741 514 arte
767 474 910 515 eximia
935 475 1104 527 depicta,
1125 475 1167 515 in
1192 475 1293 515 libro
1319 475 1504 527 singulari
1529 474 1753 516 ordinavit¹.
1814 475 1851 514 Ο
1875 482 2018 516 terram
2041 475 2208 523 felicem,
2234 489 2338 528 quae
2361 489 2444 517 non

443 536 567 576 modo
591 536 697 587 regia
718 535 760 575 in
783 537 907 577 domo
930 537 1074 577 artium
1097 544 1137 576 et
1162 537 1414 578 scientiarum
1437 544 1496 576 tot
1516 538 1697 583 cultores,
1719 543 1778 575 tot
1797 543 1996 587 patronos,
2019 544 2209 584 numerat,
2231 538 2302 578 sed
2324 537 2444 577 etiam

440 595 542 638 inter
569 600 810 650 professores
836 612 929 639 suos
948 599 1074 639 virum
1102 599 1373 639 munificentia
1394 612 1518 651 prope
1544 598 1648 650 regia
1673 598 1867 650 insignem
1888 613 1970 639 non
1988 599 2187 640 immerito
2205 600 2430 640 admiratur.

549 659 685 700 Titulo
700 668 837 701 nostro
856 668 962 702 certe
977 661 1120 712 dignus
1139 668 1198 700 est
1213 661 1436 701 anatomiae
1456 660 1497 700 in
1512 659 1775 700 Scandinavia
1794 661 1991 711 professor
2004 660 2201 709 emeritus,
2219 662 2444 702 GUSTAVUS

443 721 638 762 REszs.

549 827 663 881 (390)
692 829 936 869 Academiae
965 827 1272 880 Goettingensis‚
1294 835 1334 867 et
1361 827 1489 879 regiae
1517 828 1661 868 domus
1692 827 1998 867 Hanoverianae
2026 827 2185 868 vinculo
2212 827 2379 880 antiquo
2405 835 2446 868 et

441 889 603 940 hospitii
627 890 710 931 iure
739 899 870 931 vetere
896 891 1013 930 nobis
1039 890 1288 937 coniunctae,
1310 891 1463 929 socium
1487 889 1675 929 eximium
1701 891 1928 938 salutamus,
1951 889 2019 938 qui
2045 889 2233 929 scientiae
2258 889 2445 943 physicae

439 952 662 1004 provincias
691 955 836 993 multas
866 953 1083 1005 peragravit
1095 967 1106 1002 3
1149 952 1218 1003 qui
1250 960 1290 992 et
1322 954 1374 992 de
1406 952 1444 991 vi
1477 952 1661 992 electrica
1693 965 1785 991 cum
1818 951 2008 1003 crystallis
2042 952 2281 1001 consociata,
2320 960 2360 993 et
2392 954 2445 993 de

439 1016 684 1067 corpusculis
710 1016 785 1055 illis
809 1016 1001 1056 electricis
1024 1016 1126 1055 inter
1152 1022 1308 1054 nosmet
1331 1015 1439 1066 ipsos
1462 1014 1633 1066 primum
1659 1015 1854 1064 indicatis,
1876 1029 1958 1055 non
1982 1015 2113 1055 minus
2133 1015 2301 1056 breviter
2322 1029 2444 1068 quam

439 1076 613 1118 dilucide
646 1078 860 1130 disputavit
873 1092 884 1126 ς
922 1078 991 1129 qui
1023 1077 1208 1128 denique,
1239 1077 1280 1116 in
1314 1076 1501 1116 scientiae
1534 1077 1637 1116 illius
1671 1077 1948 1128 experimentis
1981 1077 2082 1116 libro
2107 1077 2148 1116 in
2179 1078 2299 1118 unico
2326 1078 2445 1130 expli-

438 1139 606 1188 candis2,
638 1139 739 1180 inter
771 1147 830 1180 tot
858 1153 919 1179 res
948 1138 1231 1178 minutissimas
1256 1139 1308 1177 ab
1338 1138 1416 1178 alio
1448 1146 1517 1178 aut
1542 1138 1621 1178 alio
1649 1140 1887 1187 observatas,
1917 1138 2111 1179 rationem
2139 1139 2266 1191 ipsam
2294 1140 2444 1192 ubique

438 1201 612 1242 eminere
633 1210 671 1243 et
690 1216 878 1254 apparere
897 1216 1036 1254 passus
1055 1210 1125 1242 est.
1185 1203 1259 1241 Illa
1277 1215 1371 1241 vero
1390 1215 1519 1241 rerum
1539 1202 1720 1241 omnium
1739 1202 1904 1242 domina
1922 1210 2006 1251 est3
2033 1202 2100 1242 illa
2119 1216 2192 1243 nos
2214 1203 2443 1255 praesertim

438 1264 533 1303 etin
546 1265 799 1305 scientiarum
815 1265 985 1305 inventis
1004 1264 1220 1316 praeteritis
1241 1266 1413 1304 delectat
1432 1271 1471 1304 et
1490 1277 1561 1316 spe
1581 1264 1740 1304 maioris
1755 1265 1796 1304 in
1817 1273 2019 1316 posterum
2035 1266 2270 1307 incrementi
2284 1266 2439 1307 excitat.

438 1326 600 1365 Etenim
633 1328 684 1367 de
713 1326 853 1367 studiis
880 1329 932 1366 ad
961 1328 1060 1366 lucis
1089 1328 1194 1378 leges
1224 1325 1527 1378 pertinentibus,
1558 1338 1639 1365 non
1670 1326 1801 1366 minus
1830 1340 1951 1378 quam
1980 1329 2032 1367 de
2058 1327 2145 1379 ipsa
2172 1329 2272 1376 luce,
2302 1333 2445 1380 poetae

436 1387 591 1438 antiqui
618 1388 738 1428 verba
766 1388 832 1428 illa
860 1401 951 1428 vera
979 1395 1095 1427 sunt:

922 1463 933 1482 ‘
949 1460 1224 1513 suppeditatur
1252 1460 1359 1500 enim
1388 1460 1598 1500 confestim
1627 1460 1778 1501 lumine
1806 1462 1955 1509 lumen,

948 1522 988 1555 et
1016 1514 1129 1566 quasi
1157 1515 1311 1566 protelo
1340 1514 1565 1555 stimulatur
1592 1516 1739 1567 fulgere
1767 1516 1947 1567 fulgur’2.

547 1590 664 1629 Duco
683 1590 735 1630 ad
754 1602 825 1629 vos
845 1588 1033 1629 scientiae
1053 1587 1239 1640 physicae
1259 1589 1523 1639 professorem
1545 1589 1886 1641 Goettingensem,
1909 1590 2157 1630 EDVARDUM
2179 1592 2357 1632 R1ECKE.

544 1703 655 1755 (391)
689 1702 950 1743 Academiam
985 1701 1298 1752 Berolinensem,
1328 1710 1368 1742 et
1396 1703 1437 1742 in
1466 1703 1641 1744 scientiis
1669 1711 1709 1744 et
1739 1704 1780 1743 in
1813 1703 1951 1744 litteris
1980 1705 2288 1756 celeberrimam,
2318 1706 2445 1748 oculis

435 1767 579 1807 nostris
599 1766 713 1818 quasi
738 1773 986 1817 praesentem
1014 1765 1135 1805 hodie
1159 1766 1289 1805 reddit
1314 1766 1372 1805 vir
1397 1766 1574 1814 eximius,
1597 1767 1841 1808 Academiae
1863 1767 1985 1819 ipsius
2008 1768 2050 1809 in
2076 1769 2250 1810 scientiis
2273 1770 2445 1822 physicis

436 1838 475 1869 et
496 1828 785 1869 mathematicis
804 1830 902 1868 alter
922 1841 944 1867 e
964 1827 1151 1867 ministris
1174 1828 1407 1879 praecipuis,
1429 1828 1498 1880 qui
1520 1829 1746 1869 anatomiae
1770 1829 1811 1868 in
1837 1830 2049 1881 provinciis
2072 1831 2251 1882 plurimis
2275 1832 2445 1884 plurima

435 1906 527 1932 curn
551 1894 669 1933 laude
694 1900 880 1941 versatus,
903 1891 1006 1932 vitae
1033 1891 1231 1932 nascentis
1256 1891 1486 1942 praesertim
1515 1905 1538 1931 e
1563 1892 1703 1932 studiis
1732 1893 1879 1931 famam
1908 1892 2146 1944 singularem
2175 1902 2234 1934 est
2261 1896 2442 1948 adeptus.

436 1956 580 2006 Neque
611 1955 713 1995 vitae
746 1955 869 2006 ipsius
902 1955 1006 1995 circa
1039 1955 1176 1995 limina
1208 1955 1379 1994 obscura
1411 1962 1598 2002 moratus,
1628 1956 1747 1995 etiam
1782 1955 1939 1995 urbium
1974 1969 2205 2008 magnarum
2238 1958 2280 1998 in
2312 1960 2442 2000 lucem

435 2031 662 2070 progressus
708 2025 776 2057 est.
838 2019 878 2057 Is
926 2025 1041 2066 certe,
1083 2017 1151 2068 qui
1195 2031 1351 2056 morum
1389 2017 1611 2058 urbanitate
1649 2026 1688 2058 et
1725 2019 1918 2058 sermonis
1956 2019 2184 2070 eloquentia
2217 2016 2444 2063 anatomiae

435 2082 676 2132 professores
702 2079 790 2119 illos
815 2079 1012 2130 antiquos,
1037 2080 1282 2130 Herophilos
1308 2086 1348 2118 et
1378 2079 1644 2129 Erasistratos‚
1666 2079 1751 2120 sine
1780 2080 1905 2120 dubio
1934 2081 2142 2132 superavit,
2167 2089 2227 2122 est
2251 2085 2442 2134 profecto,

435 2144 543 2184 velut
561 2144 658 2182 alter
679 2142 948 2193 Hippocrates
969 2142 1190 2182 medicinae
1210 2150 1321 2193 pater
1338 2155 1362 2181 a
1382 2143 1502 2183 Celso
1517 2144 1711 2192 laudatus,
1729 2145 1738 2163 ‘
1750 2143 1807 2183 vir
1821 2151 1861 2183 et
1874 2151 1957 2183 arte
1969 2151 2008 2184 et
2023 2145 2209 2185 facundia
2223 2145 2387 2198 insignis
2400 2146 2441 2189 ’⁴.

544 2204 706 2246 Claudit
738 2204 859 2244 hodie
889 2206 1099 2244 doctorum
1131 2212 1356 2244 nostrorum
1390 2205 1531 2244 seriem
1563 2206 1789 2246 anatomiae
1819 2207 1860 2246 in
1895 2207 2162 2248 Universitate
2196 2209 2444 2251 Berolinensi

436 2269 635 2321 professor
662 2268 871 2316 facundus,
900 2269 1160 2307 W1LLELMUS
1189 2269 1464 2306 WALDEYER⁵.

1254 2498 1285 2543 9
1310 2482 1452 2549 June
1493 2499 1618 2544 1904

547 2599 659 2651 (392)
695 2601 930 2640 ECCLESIAE
964 2599 1212 2640 Christianae
1245 2613 1335 2652 pars
1368 2601 1434 2641 illa
1464 2601 1676 2651 orientalis,
1712 2615 1814 2654 quae
1847 2603 1967 2644 etiam
1998 2604 2150 2647 Graeca
2179 2613 2442 2657 nuncupatur,

439 2662 636 2702 montium
667 2662 790 2714 magis
818 2676 939 2714 quam
968 2662 1127 2702 urbium
1157 2663 1324 2703 ecclesia
1347 2677 1434 2704 esse
1460 2663 1631 2703 dicitur⁶.
1689 2665 1826 2716 Atqui,
1853 2666 2043 2706 ecclesiae
2069 2666 2172 2706 illius
2200 2666 2302 2707 inter
2327 2669 2444 2709 sedes

437 2725 805 2777 archiepiscopales,
844 2733 921 2765 tres
958 2725 1076 2766 urbes
1113 2725 1403 2775 celeberrimae,
1441 2727 1732 2778 Hierosolyma,
1767 2730 2026 2777 Alexandrea,
2062 2729 2442 2782 Constantinopolis,

439 2788 640 2840 dignitatis
659 2787 699 2827 in
721 2788 860 2828 ordine
880 2788 1029 2839 primae
1049 2788 1288 2828 constitutae
1308 2797 1423 2838 sunt3
1453 2791 1630 2841 sequitur
1652 2790 1842 2843 deinceps
1869 2792 2015 2832 montis
2035 2792 2212 2832 Sinaitici
2231 2794 2357 2841 sedes,
2379 2793 2444 2834 cui

439 2865 565 2902 nuper
583 2850 812 2902 designatus
832 2858 891 2890 est
911 2850 968 2890 vir
987 2851 1174 2900 eruditus,
1197 2865 1315 2903 quem
1338 2852 1499 2892 honoris
1519 2866 1638 2892 causa
1658 2853 1778 2894 hodie
1797 2856 2024 2895 salutamus.
2083 2856 2191 2897 Olim
2215 2869 2296 2896 non
2320 2857 2443 2897 modo

438 2913 479 2952 in
500 2914 608 2962 urbe,
630 2915 740 2964 quod
760 2913 929 2965 Aegypti
948 2921 1068 2965 caput
1087 2921 1157 2962 est,
1175 2916 1246 2954 sed
1266 2914 1384 2955 etiam
1406 2915 1634 2967 Principum
1651 2916 1753 2956 inter
1766 2917 1912 2957 insulas
1928 2932 2051 2970 prope
2067 2919 2444 2971 Constantinopolin

526 3011 539 3032 ¹
566 3015 647 3055 1899
658 3013 681 3044 f.
812 3011 826 3031 ²
848 3013 1018 3045 Lehrbuclz
1034 3013 1092 3045 der
1106 3013 1239 3055 mysiae,
1263 3013 1345 3057 1896
1360 3019 1422 3047 etc.
1555 3013 1569 3034 ³
1593 3015 1778 3055 Lucretius,
1796 3015 1829 3047 iv
1849 3017 1921 3059 189.
2044 3016 2059 3037 ⁴
2080 3017 2208 3054 Celsus,
2224 3018 2442 3050 Prooemium.

439 3055 453 3076 ⁸
476 3056 607 3088 Author
637 3056 675 3087 of
700 3067 800 3098 many
830 3055 1010 3098 important
1040 3057 1239 3089 anatomical
1265 3059 1330 3089 and
1369 3058 1626 3100 embryological
1664 3059 1886 3100 publications
1917 3058 1985 3101 (list
2018 3060 2053 3092 in
2091 3061 2169 3092 Wer
2196 3060 2296 3101 ist’s?‚
2333 3062 2442 3104 1909).

441 3098 455 3120 ⁸
478 3101 530 3132 ‘A
556 3099 701 3136 Church‚
720 3105 778 3131 not
800 3099 836 3131 of
857 3099 949 3131 cities
975 3100 1041 3131 and
1063 3100 1211 3141 vfflages,
1234 3101 1292 3133 but
1314 3101 1352 3132 of
1369 3102 1558 3133 mountains
1580 3101 1646 3133 and
1670 3102 1771 3134 rivers
1793 3103 1859 3134 and
1882 3113 1979 3136 caves
2001 3104 2068 3135 and
2089 3104 2172 3136 dens
2193 3104 2232 3136 of
2250 3104 2307 3137 the
2328 3105 2442 3137 eatth'

443 3141 619 3186 (Stanley's
635 3145 779 3174 Eastern
799 3143 943 3180 Church‚
961 3153 994 3184 p.
1012 3145 1057 3184 4).

1412 3218 1485 3254 180
