2704 3770
581 323 807 372 Willz‘am
846 322 1056 372 Charles
1091 322 1364 386 Wz‘ndeyer.
1438 322 1533 371 Sir
1565 321 1791 370 Wz'llz‘am
1827 321 2014 372 W‘lson
2049 322 2270 373 Hunter.

417 473 427 491 ‘
441 472 612 511 Martem
632 470 767 511 tunica
785 477 935 510 tectum
954 470 1249 511 adamantina'¹
1271 470 1366 511 olim
1386 471 1554 520 colebat,
1575 471 1683 512 idem
1703 471 1811 524 pacis
1831 485 2003 524 purpura
2021 473 2142 514 hodie
2161 488 2184 514 a
2203 474 2317 515 vobis
2339 488 2423 516 non

414 532 612 573 immerito
631 533 803 573 vestitur.

522 594 650 635 Vobis
676 600 885 647 praesento
911 593 1018 634 urbis
1043 594 1324 635 Londiniensis
1344 596 1600 647 praefectum,
1621 595 1873 635 baronettum
1898 594 2105 648 insignem,
2128 599 2421 639 REomALDUM

416 659 616 698 HANsoN.

525 761 638 814 (119)
668 761 853 814 Sequitur
879 764 1068 815 deinceps
1091 762 1333 803 Academiae
1359 762 1612 814 Sydneiensis
1639 762 1980 814 procancellarius‚
2006 763 2075 815 qui
2100 764 2342 806 Academiae
2368 765 2424 806 illi

415 824 594 864 nascenti
613 824 714 864 inter
728 824 876 876 primos
890 824 1121 876 adscriptus,
1140 825 1242 864 inter
1255 826 1440 876 aequales
1460 837 1553 864 suos
1567 824 1783 864 litterarum
1799 824 2080 865 humaniorum
2094 833 2134 865 et
2147 826 2424 879 philosophiae

416 885 556 926 studiis
594 886 822 926 excellebat.
895 888 1038 938 Neque
1079 886 1120 925 in
1158 894 1250 938 toga
1291 893 1446 926 tantum
1488 894 1570 926 erat
1607 885 1796 938 insignis;
1837 887 1908 927 sed
1945 886 2065 927 etiam
2103 887 2284 929 coloniae
2320 888 2425 930 illius

416 949 695 989 defendendae
714 962 834 989 causa
859 948 966 988 cives
989 962 1082 989 suos
1107 950 1159 989 ad
1182 962 1290 988 arma
1313 950 1518 1001 quondam
1541 949 1706 989 vocavit.
1766 950 1882 989 Idem
1904 949 2006 989 inter
2026 952 2238 1002 populares
2265 965 2359 992 suos
2384 959 2424 993 et

415 1018 574 1051 senator
596 1011 691 1051 olim
720 1019 759 1052 et
787 1018 976 1063 patronus
1004 1011 1098 1051 iuris
1126 1011 1395 1063 peritissimus,
1416 1019 1556 1062 postea
1579 1011 1698 1052 iudex
1726 1011 1998 1064 integerrimus
2026 1012 2183 1054 exstitit.
2242 1016 2348 1055 Data
2365 1022 2427 1056 est

415 1071 538 1113 iudici
570 1079 717 1121 nostro,
753 1079 797 1112 ut
828 1072 1067 1124 accepimus,
1102 1073 1271 1113 difficilis
1304 1081 1343 1113 et
1376 1074 1543 1114 molesta
1575 1073 1641 1113 illa
1672 1073 1766 1113 iuris
1798 1074 1959 1114 dicendi
1991 1075 2204 1126 provincia,
2237 1089 2340 1128 quae
2371 1077 2424 1118 ad

416 1135 669 1186 quaestiones
707 1135 948 1175 matrimonii
980 1135 1160 1187 pertinet.
1232 1137 1368 1188 Saepe,
1404 1143 1447 1176 ut
1480 1136 1633 1187 opinor,
1669 1138 1824 1177 vincula
1861 1138 1964 1178 vitae
2001 1138 2252 1180 consociatae
2284 1153 2424 1192 parum

416 1197 546 1238 felicia
578 1206 677 1238 nutu
706 1212 779 1239 suo
807 1198 986 1239 dissolvit
998 1213 1010 1248 3
1047 1212 1350 1250 nonnumquam
1384 1200 1548 1239 fortasse
1581 1199 1770 1251 coniuges
1803 1208 1950 1240 sortem
1979 1200 2157 1252 iniquam
2189 1203 2274 1242 sine
2307 1214 2427 1242 causa

416 1268 717 1310 conquerentes,
746 1261 788 1299 in
814 1259 1019 1311 pristinam
1046 1260 1273 1300 felicitatem
1299 1260 1476 1300 restituit.
1536 1260 1686 1301 Iudicis
1712 1260 1811 1300 tanti
1837 1261 2011 1302 consiliis
2036 1262 2194 1302 colonia
2217 1262 2283 1303 illa
2308 1263 2426 1303 nobis

415 1323 741 1364 coniunctissima
759 1322 980 1363 diutissime
999 1330 1131 1363 utatur
1143 1338 1154 1372 3
1181 1323 1365 1375 vitaeque
1388 1323 1611 1363 eommunis
1638 1323 1804 1363 vinculis
1827 1323 1956 1364 indies
1980 1325 2188 1365 artioribus
2213 1324 2424 1366 nobiscum

415 1385 654 1434 consociata,
676 1385 847 1426 foederis
866 1384 983 1437 aequi
1002 1384 1188 1425 felicitate
1207 1384 1248 1424 in
1268 1392 1504 1436 perpetuum
1524 1386 1682 1425 fruatur.

1093 1459 1268 1499 ‘Felices
1297 1467 1356 1499 ter
1383 1467 1422 1499 et
1450 1459 1620 1510 amplius

1116 1527 1217 1565 quos
1245 1513 1393 1565 irrupta
1420 1520 1529 1553 tenet
1557 1513 1752 1564 copula’2.

526 1588 646 1628 Duco
665 1588 715 1627 ad
736 1601 806 1627 vos
826 1586 999 1626 iudicem
1020 1585 1308 1636 doctissimum,
1332 1588 1578 1626 W1LELMUM
1599 1587 1812 1627 CAROLUM
1835 1588 2089 1626 WINDEYER.

525 1690 639 1744 (120)
660 1690 818 1732 Incedit
837 1691 1039 1743 proximus
1059 1690 1302 1731 Academiae
1323 1690 1588 1732 Calcuttensis
1601 1691 1942 1743 procancellarius‚
1959 1691 2016 1731 vir
2035 1694 2086 1733 de
2104 1692 2270 1746 imperio
2289 1700 2426 1734 nostro

415 1754 516 1795 inter
554 1756 680 1795 Indos
712 1754 1029 1795 administrando
1066 1754 1170 1794 bene
1207 1753 1381 1802 meritus,
1417 1753 1474 1793 vir
1509 1753 1724 1794 litterarum
1759 1767 1920 1806 quoque
1953 1756 2071 1795 laude
2103 1755 2279 1807 insignis.
2336 1755 2426 1796 Sive

417 1817 557 1858 Indiae
590 1816 710 1857 totius
743 1815 947 1856 historiam
977 1829 1059 1855 uno
1092 1815 1132 1855 in
1166 1815 1301 1856 libello
1334 1815 1519 1864 contexit,
1555 1815 1636 1855 sive
1667 1816 1861 1855 Indorum
1895 1817 1946 1856 de
1983 1816 2126 1869 linguis
2162 1817 2427 1869 gentibusque

416 1879 578 1920 vetustis
616 1879 802 1931 disputat,
835 1878 916 1918 sive
955 1878 1113 1918 Orissae
1151 1891 1239 1917 rura
1276 1880 1354 1918 late
1391 1886 1573 1929 pererrat,
1608 1892 1678 1918 seu
1715 1879 1941 1929 provinciae
1975 1881 2231 1932 Bengalensis
2263 1881 2426 1921 annales

417 1942 573 1990 evolvit,
594 1955 665 1982 seu
684 1941 933 1994 proconsulis
953 1941 1086 1992 magni
1105 1940 1226 1980 vitam
1247 1947 1372 1980 morte
1392 1942 1601 1980 immatura
1619 1941 1772 1992 abrepti
1792 1941 2010 1989 describit³,
2026 1942 2176 1993 ubique
2195 1942 2425 1994 scriptorem

416 2008 648 2058 elegantem,
670 2006 879 2054 eruditum,
902 2006 1156 2055 eloquentem
1178 2003 1441 2055 agnoscimus.
1501 2003 1611 2053 Quid
1637 2003 1767 2043 dicam
1793 2005 1845 2043 de
1871 2003 2066 2044 immensa
2087 2004 2153 2044 illa
2178 2004 2425 2045 voluminum

416 2069 526 2118 serie,
548 2069 589 2108 in
615 2068 760 2120 quibus
780 2081 909 2107 rerum
936 2068 988 2107 ad
1012 2066 1171 2106 Indiam
1197 2065 1552 2106 administrandam
1573 2066 1854 2117 pertinentium
1875 2066 2089 2107 multitudo
2108 2081 2232 2120 prope
2257 2067 2423 2116 infinita,

417 2130 488 2170 viri
521 2130 620 2170 tanti
652 2130 704 2169 ab
733 2128 981 2169 adiutoribus
1007 2127 1168 2179 optimis
1198 2127 1392 2167 industria
1418 2127 1641 2168 admirabili
1670 2128 1848 2179 undique
1881 2129 2058 2177 collecta,
2088 2130 2140 2169 ab
2170 2129 2257 2181 ipso
2285 2130 2425 2170 ordine

417 2193 552 2232 lucido
572 2191 765 2243 disposita
780 2198 818 2230 et
833 2190 984 2241 digesta
1004 2197 1063 2229 est
1075 2192 1092 2229 Ρ
1103 2190 1117 2211 ⁴
1163 2190 1295 2240 Opera
1310 2189 1375 2228 illa
1391 2203 1543 2241 magna,
1558 2203 1703 2241 magno
1718 2189 1895 2240 imperio,
1912 2203 2056 2242 magna
2073 2198 2191 2243 gente
2205 2192 2326 2243 digna
2340 2204 2427 2231 esse

418 2256 535 2296 etiam
570 2262 724 2295 exterae
754 2253 936 2293 nationes
970 2254 1219 2292 confitentur.
1277 2251 1436 2291 Talium
1466 2259 1571 2292 certe
1601 2252 1771 2291 virorum
1800 2252 2003 2292 laboribus
2031 2260 2163 2293 vetera
2189 2253 2257 2293 illa
2283 2258 2426 2304 poetae

416 2318 547 2365 verba,
578 2317 717 2356 urbem
748 2317 974 2355 Romanam
1003 2314 1216 2362 laudantia,
1247 2327 1355 2354 nunc
1386 2315 1550 2354 demum
1581 2315 1632 2354 de
1660 2321 1778 2365 gente
1807 2313 2035 2354 Britannica
2064 2314 2166 2355 inter
2194 2315 2321 2356 Indos
2347 2316 2427 2356 late

416 2381 637 2432 imperante
665 2393 756 2419 vera
783 2392 870 2418 esse
898 2378 1231 2429 comprobantur:

876 2457 885 2474 ‘
901 2453 1000 2491 haec
1029 2458 1098 2498 est,
1129 2451 1170 2490 in
1198 2450 1391 2502 gremium
1420 2450 1546 2490 victos
1574 2462 1677 2500 quae
1706 2451 1790 2489 sola
1819 2448 1967 2501 recepit

901 2507 1202 2556 humanumque
1230 2518 1354 2556 genus
1383 2503 1587 2544 communi
1615 2503 1778 2544 nomine
1806 2503 1904 2543 fovit

902 2559 1048 2605 matris,
1078 2573 1160 2599 non
1189 2558 1376 2599 dominae
1404 2558 1491 2607 ritu,
1523 2558 1708 2608 civesque
1735 2557 1890 2598 vocavit

902 2627 1003 2665 quos
1032 2613 1197 2660 domuit,
1229 2626 1413 2664 nexuque
1441 2614 1509 2664 pio
1537 2611 1754 2664 longinqua
1781 2611 1998 2652 revinxit’⁵.

527 2691 644 2729 Duco
664 2689 716 2728 ad
736 2701 806 2728 vos
826 2688 1002 2738 equitem
1028 2688 1231 2736 illustrem,
1253 2688 1503 2726 WILELMUM
1525 2688 1697 2726 WILSON
1719 2687 1919 2726 HUNTER.

523 2799 638 2853 (121)
670 2798 877 2839 Provincia
897 2798 1145 2839 Canadensis
1164 2811 1285 2849 quam
1306 2797 1434 2838 fidelis
1454 2797 1494 2836 in
1517 2796 1712 2848 Reginam
1732 2796 1792 2844 sit,
1814 2803 1853 2836 et
1873 2796 1968 2835 olim
1988 2802 2129 2835 notum
2152 2802 2211 2835 est
2236 2802 2275 2836 et
2302 2809 2427 2847 nuper

417 2865 552 2904 denuo
587 2864 807 2902 luculenter
844 2862 1158 2913 comprobatum.
1225 2859 1455 2900 Provinciae
1496 2859 1599 2899 illius
1636 2873 1658 2898 e
1695 2859 1786 2898 viris
1823 2857 2015 2910 primariis
2056 2870 2159 2897 unus
2195 2858 2318 2906 adest,
2358 2857 2428 2909 qui

418 2926 644 2979 nuperrime
663 2926 765 2966 inter
785 2926 1043 2966 Canadenses
1063 2937 1168 2973 suos,
1190 2937 1281 2963 cum
1302 2924 1453 2974 collega
1472 2935 1555 2961 non
1571 2921 1702 2960 minus
1721 2919 1933 2960 munifico⁶
1952 2920 2215 2969 consociatus,
2231 2919 2326 2959 anni
2345 2926 2426 2959 tam

502 3021 515 3042 ¹
539 3024 684 3062 Horace,
715 3023 827 3055 Carm.
854 3022 865 3053 i
888 3021 920 3059 6,
949 3032 998 3062 13.
1145 3018 1159 3038 ²
1182 3019 1222 3052 ib.
1251 3019 1261 3051 i
1288 3030 1338 3060 13,
1369 3026 1404 3059 17
1422 3018 1445 3049 f.
1591 3015 1606 3036 3
1628 3016 1703 3059 Lg‘fe
1723 3016 1765 3057 of
1779 3016 1873 3048 Lord
1891 3016 2003 3057 Mayo.
2153 3015 2167 3036 ⁴
2194 3017 2253 3048 128
2275 3015 2426 3048 volumes

416 3067 454 3099 of
479 3067 672 3099 ‘statistical
697 3066 846 3107 survey',
872 3064 1063 3097 condensed
1091 3063 1162 3095 into
1189 3063 1246 3095 the
1273 3063 1352 3094 nine
1378 3062 1528 3093 volumes
1555 3060 1593 3092 of
1621 3061 1653 3091 T
1649 3061 1687 3091 lte
1714 3060 1880 3101 Imperial
1910 3059 2071 3092 Gazetteer
2104 3059 2144 3102 qf
2166 3059 2268 3091 India
2300 3058 2425 3100 (1881).

416 3109 431 3131 ⁵
454 3109 629 3149 Claudian,
653 3110 692 3141 de
712 3109 884 3141 consulatu
907 3107 1110 3146 Stilichonis,
1136 3107 1172 3138 iii
1199 3115 1315 3147 150—3.
1435 3143 1438 3147 r
1502 3102 1516 3123 ⁶
1541 3104 1594 3136 Sir
1620 3104 1754 3145 George
1778 3102 1940 3144 Stephen,
1970 3103 2083 3141 Bart.;
2115 3102 2308 3135 afterwards
2335 3102 2426 3135 Lord

417 3153 717 3194 Mount-Stephen.

1391 3209 1413 3246 6
1420 3221 1439 3246 2
