2704 3770
539 326 686 393 Jolm
718 326 933 376 Mormk.
1019 325 1247 374 Willz'am
1281 326 1584 391 Dalrymple
1618 327 1907 392 Maclagan.

322 470 412 524 (14)
450 473 500 512 In
533 471 596 512 his
629 472 793 513 sedibus
832 473 1083 513 saeculorum
1122 470 1299 524 priorum
1333 470 1611 511 munificentia
1643 469 1849 510 doctrinae
1886 469 2081 510 dedicatis
2118 478 2238 521 atque

213 533 502 575 recentioribus
532 533 754 586 disciplinis
785 533 928 574 melius
957 533 1088 574 indies
1115 532 1446 581 accommodatis,
1475 531 1643 583 antiqua
1670 530 1904 583 respicimus
1934 538 1975 571 et
2004 544 2239 571 veneramur

212 602 358 644 vetera,
379 596 452 637 sed
470 595 579 637 idem
600 596 703 637 inter
722 596 945 637 recentiora
964 595 1165 647 optimum
1185 595 1365 648 quidque
1384 596 1567 636 fovemus
1587 601 1627 634 et
1647 607 1753 634 nova
1764 593 1907 646 <modo
1926 606 2019 633 vera
2038 592 2135 645 sint)
2155 606 2238 634 non

213 659 531 701 reformidamus.
590 661 758 711 Quanto
775 660 894 713 igitur
912 661 1023 700 cultu
1043 659 1165 711 digna
1183 666 1244 699 est
1264 659 1332 699 illa
1349 657 1582 710 praesertim
1605 657 1783 705 scientia,
1805 669 1909 708 quae
1934 655 2021 708 ipsa
2045 669 2173 708 nuper
2197 655 2238 696 in

213 723 397 763 ordinem
430 724 602 773 redacta,
630 723 739 764 orbis
771 730 963 764 terrarum
994 722 1173 774 explorat
1202 720 1495 773 antiquitatem,
1526 733 1630 771 quae
1659 718 1800 772 prioris
1828 718 1916 759 aevi
1943 718 2108 770 vestigia
2138 718 2240 758 saxis

213 783 406 838 impressa
433 784 654 838 indagatur,
683 797 787 838 quae
812 791 1077 825 monumenta
1099 791 1257 824 vetusta
1285 783 1450 835 rupibus
1475 782 1678 833 insculpta
1704 781 1997 832 interpretatur,
2024 793 2129 832 quae
2154 780 2239 821 illas

213 846 391 899 denique
409 861 539 889 rerum
560 847 714 900 species
733 860 838 900 quae
856 846 1077 899 antiquitus
1096 846 1284 887 vivebant
1303 859 1397 886 cum
1417 845 1480 885 his
1505 858 1611 897 quae
1633 843 1756 885 hodie
1781 850 1995 896 supersunt
2020 851 2237 896 comparat.

214 910 378 961 Quanta
396 910 516 952 etiam
537 912 657 952 laude
681 911 740 951 vir
765 910 831 951 hic
850 911 995 963 dignus
1020 917 1092 958 est,
1113 909 1183 962 qui
1201 923 1331 950 annos
1351 910 1624 962 quadraginta,
1646 921 1838 960 magnum
1857 907 1960 948 vitae
1979 907 2165 960 spatium,
2186 907 2242 947 illi

213 972 405 1015 scientiae
423 975 667 1015 excolendae
686 974 928 1027 impenderit
941 989 953 1024 3
981 973 1051 1026 qui
1070 973 1210 1026 viginti
1229 987 1358 1014 annos
1377 973 1481 1013 inter
1501 972 1796 1013 Londinienses
1815 972 2049 1025 professoris
2075 985 2240 1012 munere

213 1036 376 1078 functus
400 1037 451 1079 sit
463 1052 475 1088 3
503 1039 572 1090 qui
599 1037 718 1078 nobis
746 1038 923 1090 denique
949 1051 999 1078 eo
1021 1037 1165 1078 artiore
1190 1037 1352 1077 vinculo
1378 1037 1428 1077 sit
1453 1036 1706 1087 coniunctus,
1727 1038 1840 1089 quod
1865 1036 1951 1088 ipse
1978 1037 2238 1088 geologorum

213 1099 536 1142 Britannicorum
555 1108 756 1153 quotquot
776 1114 885 1141 nunc
905 1099 1043 1141 vivunt
1062 1099 1364 1149 eruditissimus,
1388 1101 1471 1140 duo
1490 1113 1620 1140 annos
1639 1099 1745 1140 illius
1765 1099 1836 1139 viri
1861 1106 1945 1140 erat
1968 1098 2147 1147 vicarius,
2170 1098 2240 1150 qui

211 1162 441 1216 aequalium
460 1177 624 1205 suorum
644 1164 714 1205 diu
734 1172 948 1217 superstes,
969 1177 1052 1204 non
1072 1163 1340 1205 recentiorum
1362 1164 1487 1205 modo
1506 1163 1808 1216 disciplinarum
1828 1165 1965 1204 lumen
1990 1164 2061 1203 sed
2087 1162 2240 1215 priscae

212 1225 335 1267 etiam
354 1226 508 1268 virtutis
527 1228 729 1279 exemplar
748 1227 866 1268 nobis
886 1226 1145 1279 praeferebat,
1168 1227 1318 1267 Nestor
1336 1225 1404 1267 ille
1423 1233 1570 1276 noster,
1592 1227 1774 1267 Adamus
1794 1225 2013 1278 Sedgwick.

323 1289 543 1342 Geologiae
562 1289 728 1342 quidem
749 1289 940 1330 studiosis
959 1288 1054 1329 satis
1075 1297 1219 1329 notum
1240 1296 1301 1329 est
1320 1288 1439 1328 huius
1459 1288 1531 1328 viri
1551 1302 1743 1341 magnum
1762 1288 1862 1328 illud
1882 1301 1997 1340 opuS,
2017 1287 2059 1327 in
2079 1302 2162 1340 quo
2181 1295 2241 1328 tot

211 1350 403 1404 antiquae
427 1353 532 1393 vitae
558 1360 822 1393 monumenta
847 1365 871 1392 e
893 1351 1060 1403 rupibus
1086 1352 1231 1392 effossa
1257 1365 1327 1404 per
1351 1351 1492 1391 seriem
1513 1359 1772 1392 recensentur
1783 1366 1795 1401 3
1824 1353 1895 1392 sed
1919 1365 2062 1391 omnes
2088 1351 2163 1391 sibi
2192 1364 2241 1391 eo

213 1416 446 1468 pmesertim
465 1416 632 1458 nomine
651 1416 874 1466 obstrinxit,
896 1417 1008 1468 quod
1028 1429 1160 1467 neque
1179 1415 1310 1456 laudis
1337 1428 1469 1467 neque
1493 1415 1592 1455 lucri
1610 1415 1752 1456 avidus
1773 1428 1867 1455 suos
1894 1416 2026 1455 fontes
2051 1414 2241 1455 omnibus

214 1486 351 1531 patere
377 1491 520 1532 passus
547 1487 619 1529 est,
641 1480 836 1531 quodque
865 1492 887 1519 e
916 1492 1012 1519 suae
1042 1478 1232 1519 scientiae
1262 1477 1410 1518 finibus
1439 1477 1481 1517 in
1510 1477 1597 1518 illas
1625 1485 1729 1518 artes
1756 1491 1936 1530 egressus
1963 1485 2034 1527 est,
2056 1491 2160 1530 quae
2188 1478 2241 1517 ad

215 1553 474 1584 communem
511 1542 616 1583 vitae
653 1542 865 1583 utilitatem
903 1541 1114 1595 pertinent,
1154 1541 1254 1582 illud
1291 1541 1410 1581 unice
1447 1555 1585 1582 verum
1631 1542 1854 1591 arbitratus,
1895 1542 2103 1583 scientiam
2147 1542 2242 1582 artis

213 1612 417 1658 expertem
455 1604 532 1646 sibi
569 1604 643 1646 soli
680 1605 823 1654 vivere,
857 1613 983 1645 artem
1021 1604 1189 1645 scientia
1225 1603 1359 1644 nixam
1398 1603 1585 1645 universo
1621 1605 1757 1657 generi
1795 1606 1974 1645 humano
2013 1618 2160 1657 magno
2198 1604 2239 1644 in

213 1675 454 1721 perpetuum
482 1680 570 1708 esse
597 1666 844 1708 adiumento.

324 1731 418 1772 Iure
443 1729 562 1783 igitur
586 1738 678 1782 post
703 1738 763 1771 tot
788 1743 917 1771 annos
942 1729 1148 1770 laboribus
1173 1728 1344 1770 assiduis
1368 1729 1528 1770 deditos
1554 1729 1788 1781 professoris
1814 1729 1968 1770 emeriti
1992 1729 2107 1770 titulo
2136 1728 2241 1769 inter

214 1804 311 1834 suos
328 1800 493 1834 ornatus
511 1800 582 1842 est,
604 1792 697 1833 felix
715 1792 899 1833 laborum
918 1791 1221 1844 praeteritorum
1243 1791 1447 1840 memoria,
1465 1791 1558 1832 felix
1577 1791 1697 1831 etiam
1718 1805 1949 1832 successore
1969 1793 2062 1832 suo¹
2076 1805 2087 1840 ς
2114 1791 2199 1831 iure
2218 1805 2243 1831 a

214 1856 333 1898 nobis
351 1855 510 1897 Artium
532 1855 725 1908 Magister
744 1855 867 1897 hodie
887 1857 1092 1906 salutatus,
1110 1855 1225 1908 quasi
1244 1869 1293 1896 ex
1312 1857 1395 1895 alto
1415 1855 1513 1895 mari
1533 1855 1574 1895 in
1595 1863 1756 1908 portum
1775 1855 1981 1908 placidum
2000 1863 2149 1905 vectus,
2167 1856 2243 1895 hac

214 1920 357 1960 saltem
375 1919 551 1960 laureola
570 1931 680 1959 nunc
699 1920 864 1959 demum
884 1926 1110 1967 coronatur,

651 1995 661 2014 ‘
675 2006 750 2033 ceu
779 2006 939 2046 pressae
967 2006 1061 2033 cum
1089 1992 1170 2032 iarn
1198 1999 1359 2045 portum
1388 1991 1553 2044 tetigere
1581 1991 1752 2042 carinae,

676 2047 880 2100 puppibus
909 2056 949 2089 et
977 2047 1070 2088 laeti
1099 2055 1246 2088 nautae
1274 2047 1503 2099 imposuere
1531 2046 1748 2087 coronas’⁹,

323 2122 513 2164 Ceterum
546 2121 665 2162 nobis
698 2121 763 2162 vix
791 2135 955 2164 necesse
984 2130 1045 2163 est
1073 2135 1210 2162 coram
1243 2121 1313 2162 illo
1345 2123 1460 2174 plura
1493 2122 1637 2171 dicere,
1669 2123 1735 2163 cui
1764 2123 1919 2175 lapides
1950 2136 2113 2176 quoque
2143 2123 2243 2163 muti

213 2186 432 2238 loquuntur
444 2199 456 2234 ς
487 2185 600 2237 quod
633 2184 666 2224 si
698 2185 788 2225 talis
818 2184 890 2225 viri
919 2186 1059 2226 laudes
1093 2197 1254 2237 prorsus
1287 2185 1562 2234 tacuissemus,
1593 2199 1719 2238 prope
1753 2186 1839 2238 ipsa
1868 2199 1960 2226 saxa
1990 2185 2084 2238 (nisi
2113 2187 2242 2240 fallor)

213 2247 520 2301 indignabunda
546 2248 763 2288 reclamare
790 2247 1021 2288 voluissent.

326 2312 447 2353 Duco
473 2311 527 2352 ad
555 2324 627 2352 vos
656 2312 862 2352 IOANNEM
894 2313 1082 2351 Mortuis.

1038 2473 1088 2505 11
1121 2456 1264 2524 June
1303 2459 1428 2519 1878

324 2571 413 2626 (15)
441 2573 596 2615 CAMUS
625 2579 761 2613 noster
789 2574 998 2612 alumnum
1032 2574 1150 2624 luget,
1184 2580 1334 2613 maeret
1367 2573 1561 2625 collegam
1590 2574 1871 2627 episcoporum
1901 2577 2013 2625 ordo,
2045 2576 2242 2629 optimum

216 2633 463 2687 episcopum,
481 2634 631 2688 patriae
650 2634 759 2675 haud
779 2633 834 2674 ita
853 2634 1008 2686 pridem
1028 2636 1241 2685 redditum,
1260 2648 1369 2675 nune
1389 2647 1549 2687 prorsus
1570 2644 1750 2688 ereptum
1771 2639 1894 2687 terris,
1912 2651 1993 2678 non
2015 2640 2139 2679 modo
2159 2639 2246 2691 ipsa

217 2695 423 2738 Britannia
442 2697 514 2738 sed
533 2697 780 2738 coloniarum
801 2709 964 2748 quoque
985 2696 1302 2737 Britannicarum
1330 2697 1618 2738 remotissimae
1640 2698 1879 2747 desiderant,
1902 2713 2043 2740 omnes
2068 2701 2245 2753 denique

215 2760 314 2802 boni
346 2762 416 2814 qui
446 2760 598 2813 ubique
630 2768 723 2801 sunt
755 2761 947 2801 amissum
982 2769 1202 2813 queruntur
1231 2759 1359 2800 virum
1390 2774 1482 2801 vere
1515 2761 1694 2803 nobilem
1730 2765 1967 2803 GEORGIUM
1998 2766 2243 2806 AUGUSTUM

217 2824 407 2865 SanvN.
466 2825 663 2876 Magnum
689 2824 869 2875 profecto
896 2831 956 2864 est
981 2823 1149 2876 patriam
1177 2822 1305 2875 ipsam
1329 2830 1368 2863 et
1388 2823 1568 2864 colonias
1588 2832 1670 2864 tam
1691 2833 1863 2866 remotas
1883 2827 2090 2867 communi
2108 2841 2245 2869 amore

217 2886 484 2937 coniunxisse,
504 2886 687 2939 regiones
706 2894 788 2926 tam
809 2886 984 2927 diversas
1004 2900 1086 2927 uno
1106 2886 1331 2927 devinxisse
1351 2885 1562 2927 desiderio.

326 2950 377 2990 In
402 2949 625 3002 longinquo
645 2949 713 2989 illo
733 2950 857 2998 eaelo,
880 2948 950 2989 ubi
970 2948 1143 3001 primum
1165 2956 1272 2988 trans
1293 2949 1497 3001 regionem
1518 2951 1596 2990 late
1622 2958 1828 3002 patentem
1849 2951 2029 3005 episcopi
2049 2953 2154 2994 illius
2181 2956 2248 2995 lux

216 3012 303 3053 sola
328 3012 516 3065 fulgebat,
544 3019 699 3063 septem
726 3012 863 3052 stellae
888 3019 1029 3063 postea
1053 3012 1296 3060 effulserunt,
1319 3019 1473 3064 septem
1503 3013 1717 3064 provinciis
1743 3021 1897 3066 septem
1923 3015 2126 3067 praesides
2154 3026 2247 3058 sunt

215 3073 442 3127 praepositi.
501 3073 627 3127 Atqui
653 3074 767 3115 stella
788 3073 866 3114 alia
890 3074 943 3114 ab
967 3073 1045 3113 alia
1070 3075 1284 3126 splendore
1310 3074 1465 3124 differt5
1493 3075 1734 3116 astronomis
1760 3083 1866 3117 certe
1890 3084 2031 3118 notum
2052 3086 2122 3128 est,
2145 3079 2247 3121 inter

565 3169 578 3191 ²
601 3170 751 3204 Thomas
767 3170 901 3214 George
917 3171 1068 3215 Bonney.
1463 3171 1477 3192 ²
1502 3173 1622 3216 Virgil,
1651 3174 1764 3217 Georg.
1791 3174 1802 3207 i
1826 3185 1900 3217 303.

1209 3258 1225 3284 1
1236 3258 1252 3284 1
2033 3264 2136 3291 2—2
