2704 3770
673 330 766 379 Sz‘r
802 329 1035 378 Rz'clzard
1074 330 1279 392 Temple.
1353 329 1782 393 Major-General
1807 329 1864 394 J.
1914 328 1968 377 T.
2021 328 2234 378 Walker.

452 473 632 513 Ecclesia
658 473 878 524 Anglicana
900 473 1039 513 officiis
1065 473 1184 512 sacris
1211 473 1279 512 diu
1310 472 1528 521 dedicatus,
1561 472 1734 512 musicae
1760 486 1894 512 sacrae
1924 474 2166 513 excolendae
2198 472 2390 521 incubuit,
2421 480 2462 513 et

451 537 630 576 scholam
667 535 799 587 pueris
836 534 985 575 artibus
1023 535 1250 576 liberalibus
1284 542 1323 575 et
1357 534 1521 574 scientia
1554 535 1705 574 musica
1738 535 1966 575 erudiendis
1999 535 2237 576 destinatam
2270 535 2460 584 fundavit,

451 598 738 649 fundatamque
771 597 840 637 diu
871 597 1081 638 liberaliter
1111 597 1307 637 sustinuit.
1367 598 1441 636 Illa
1471 610 1564 637 vero
1592 597 1805 645 volumina,
1834 610 1937 649 quae
1965 598 2016 637 de
2050 597 2280 638 harmoniae
2308 597 2462 650 legibus

451 660 616 711 aliisque
648 660 704 700 rei
737 660 912 700 musicae
945 660 1097 700 arcanis
1131 659 1373 710 conscripsit,
1410 659 1512 699 inter
1547 659 1640 699 artis
1673 667 1752 699 tam
1788 659 2005 711 exquisitae
2038 661 2184 712 peritos
2217 668 2256 701 et
2289 662 2391 700 lecta
2423 668 2463 701 et

451 723 611 762 laudata
644 730 746 762 sunt.
804 722 889 761 Viri
919 722 1006 762 talis
1037 723 1236 774 exemplar
1266 723 1570 773 contemplatus,
1602 736 1722 762 nemo
1752 722 1831 762 iam
1862 723 2068 764 mirabitur
2095 725 2206 776 quod
2236 723 2461 775 Elysiorum

452 796 684 835 camporum
708 784 749 823 in
773 785 914 824 eadem
938 784 1109 836 regione,
1126 797 1209 823 non
1230 784 1353 823 modo
1376 783 1626 823 ‘Threicius'
1646 783 1711 824 ille
1733 788 1742 806 ‘
1755 785 1940 825 sacerdos
1953 786 1972 832 ',
1991 785 2187 837 OrpheuS,
2209 787 2220 805 ‘
2233 785 2463 836 obloquitur

451 844 626 885 numeris
646 852 798 897 septem
819 845 1047 886 discrimina
1066 846 1244 892 vocum',
1265 845 1368 885 sed‘
1380 844 1481 885 inter
1499 846 1711 885 odoratum
1731 845 1828 885 lauri
1856 859 1996 886 nemus
2009 846 2157 886 ’etiam
2183 846 2238 886 illi
2262 853 2464 887 versantur

914 919 1085 970 ‘quique
1114 920 1340 959 sacerdotes
1368 918 1465 958 casti
1493 920 1591 958 dum
1620 920 1699 959 vita
1727 920 1961 968 manebat„

936 973 1089 1056 quique
1113 972 1172 1012 sui
1201 986 1398 1013 memores
1426 973 1524 1013 alios
1553 974 1681 1055 fecere
1710 975 1954 1014 merendo'¹

453 1109 573 1149 sacris
602 1118 641 1151 et
669 1112 721 1151 de
749 1111 920 1151 alumnis
949 1110 1029 1151 suis
1058 1112 1208 1163 optime
1239 1109 1412 1159 meritus,
1444 1111 1674 1151 baronettus
1704 1111 1880 1164 insignis,
1913 1114 2187 1152 FREnEmcus
2220 1114 2463 1153 Ammmus

454 1172 578 1212 GORE
607 1173 817 1213 OUSELEY.

564 1291 649 1345 (69)
678 1293 883 1333 Proximus
903 1293 1052 1334 incedit
1071 1294 1128 1334 vir
1147 1295 1198 1334 de
1219 1293 1336 1334 India
1354 1293 1668 1335 administranda
1686 1296 1840 1347 egregie
1860 1295 2033 1344 meritus,
2055 1297 2123 1348 qui
2142 1295 2282 1348 imperi
2300 1296 2403 1337 illius
2422 1296 2464 1336 in

455 1353 667 1404 provinciis
687 1354 874 1394 omnibus
894 1368 1018 1406 prope
1038 1368 1178 1395 omnes
1198 1357 1396 1395 honorum
1415 1357 1559 1406 gradus
1574 1358 1754 1408 adeptus,
1773 1357 1932 1397 Indiam
1948 1364 2072 1397 totam
2089 1357 2245 1408 penitus
2260 1357 2446 1410 cognovit
2453 1372 2465 1407 3

454 1416 522 1467 qui
542 1416 610 1468 (ne
631 1417 784 1456 minora
804 1417 1134 1470 commemorem)
1154 1417 1334 1469 regiones
1355 1417 1544 1457 maximas
1565 1418 1737 1458 maxima
1756 1433 1848 1459 cum
1868 1420 1986 1459 laude
2005 1420 2237 1471 gubernavit
2263 1427 2302 1459 et
2323 1419 2463 1460 Indiae

453 1477 573 1517 totius
592 1477 741 1517 aerario
761 1478 923 1529 publico
943 1492 1099 1518 summa
1118 1492 1210 1518 cum
1230 1478 1420 1530 dignitate
1435 1479 1681 1530 praepositus
1697 1487 1756 1519 est
1763 1493 1774 1527 3
1803 1480 1871 1530 qui
1886 1482 1975 1532 plus
1990 1494 2110 1532 quam
2126 1482 2249 1520 semel
2263 1480 2465 1522 laboribus

452 1538 659 1579 indefessis
693 1538 988 1579 multitudinem
1022 1540 1258 1580 immensam
1288 1541 1392 1580 fame
1422 1541 1682 1581 formidulosa
1711 1540 1898 1581 afflictam
1928 1550 1968 1582 et
2005 1555 2236 1594 oppressam
2275 1556 2297 1582 e
2336 1549 2463 1582 morte

454 1602 671 1642 miserrima
703 1602 947 1654 eripiendam
981 1603 1140 1643 curavit.
1199 1605 1339 1655 Nuper
1368 1602 1517 1654 patriae
1547 1603 1737 1652 redditus,
1767 1604 1894 1644 otium
1928 1618 2044 1645 suum
2077 1604 2219 1657 partim
2252 1604 2360 1644 libris
2388 1604 2464 1644 illis

453 1663 613 1715 optimis
639 1664 939 1704 conscribendis
967 1663 1213 1705 consecravit
1227 1678 1237 1714 ;
1266 1678 1436 1715 quorum
1462 1664 1503 1703 in
1530 1678 1623 1711 uno,
1645 1664 1837 1716 quicquid
1863 1666 1914 1706 de
1940 1665 2028 1717 ipso
2049 1665 2190 1706 Indiae
2216 1673 2320 1706 statu
2346 1679 2464 1706 nosse

453 1738 597 1776 operae
627 1725 797 1777 pretium
830 1733 900 1775 est,
936 1726 1136 1766 coloribus
1169 1725 1309 1765 vividis
1339 1725 1519 1777 verisque
1552 1726 1801 1778 descripsit²,·
1839 1726 1880 1766 in
1910 1729 2045 1776 altero,
2076 1740 2273 1767 annorum
2307 1727 2465 1779 triginta

454 1788 686 1828 memoriam
713 1801 805 1828 cum
833 1788 1005 1828 virorum
1028 1788 1236 1828 illustrium
1261 1788 1491 1828 nominibus
1517 1788 1738 1828 identidem
1764 1790 2046 1839 consociatam,
2076 1790 2161 1830 sine
2187 1791 2269 1830 ullo
2294 1790 2464 1842 partium

454 1850 598 1899 studio,
629 1864 787 1890 summo
815 1850 938 1890 animi
965 1851 1149 1898 candore,
1173 1863 1330 1889 summo
1359 1850 1507 1890 iudicio
1536 1858 1768 1901 prosecutus
1795 1851 1882 1891 est³.
1941 1851 2100 1891 Talium
2127 1851 2297 1892 virorum
2324 1852 2466 1892 virtute

455 1910 664 1962 imperium
680 1911 778 1951 illud
797 1911 935 1962 ingens
955 1911 1084 1951 indies
1104 1911 1228 1962 magis
1248 1911 1464 1951 stabilitum
1485 1913 1845 1963 confirmatumque
1865 1920 1923 1952 est
1937 1928 1948 1962 3
1974 1913 2111 1953 talium
2127 1913 2298 1954 virorum
2314 1913 2464 1962 merita,

455 1979 541 2011 tum
560 1973 612 2012 ab
631 1973 718 2024 ipsa
737 1973 950 2021 Britannia,
974 1981 1058 2012 tum
1082 1973 1133 2012 ab
1162 1972 1302 2024 imperi
1330 1973 1454 2013 nostri
1482 1973 1682 2013 orientalis
1709 1974 1895 2026 gentibus
1923 1974 2059 2014 animo
2086 1983 2197 2026 grato
2226 1988 2467 2016 commemo·

454 2042 588 2075 rantur
600 2050 612 2085 3
640 2035 776 2075 talium
796 2035 969 2075 virorum
989 2036 1127 2075 laudes
1152 2035 1328 2075 Maronis
1348 2035 1472 2087 ipsius
1491 2036 1706 2088 praeconio
1727 2038 1967 2077 concludere
1986 2038 2114 2077 ausim
2131 2053 2139 2078 ε

1217 2112 1406 2162 ‘quantas
1435 2118 1646 2161 ostentant,
1676 2113 1820 2164 aspice,
1852 2113 1951 2153 vires
1965 2128 1976 2162 3

916 2172 1037 2215 atque
1065 2164 1247 2204 umbrata
1274 2172 1415 2216 gerunt
1443 2165 1546 2204 civili
1575 2173 1755 2217 tempora
1783 2168 1983 2217 quercu'4.

459 2240 564 2290 Ergo
583 2246 718 2278 nostra
736 2252 898 2290 quoque
917 2253 1065 2279 corona
1083 2241 1318 2280 decoramus
1337 2239 1464 2279 virum
1484 2239 1625 2291 imperi
1644 2240 1768 2280 nostri
1787 2241 1841 2281 ob
1861 2241 1965 2282 cives
1985 2242 2104 2282 etiarn
2124 2242 2165 2282 in
2179 2256 2278 2294 pace
2293 2250 2466 2282 servatos

456 2313 604 2342 corona
623 2299 747 2340 civica
766 2302 1002 2349 ornandum,
1024 2301 1151 2340 virum
1171 2300 1338 2352 imperio
1358 2308 1470 2341 tanto
1489 2301 1667 2353 dignum,
1693 2302 1945 2343 baronettum
1971 2303 2172 2352 illustrem,
2196 2306 2465 2344 RchARDUM

457 2362 645 2400 TEMPLE.

565 2483 651 2537 (70)
673 2487 722 2525 In
742 2484 907 2537 imperio
927 2493 1062 2526 nostro
1084 2484 1226 2526 Indico
1245 2492 1357 2525 vetus
1377 2485 1475 2526 illud
1495 2493 1751 2538 praeceptum
1775 2485 1930 2528 ‘divide
1953 2494 1992 2527 et
2018 2486 2189 2539 impera’
2215 2500 2321 2528 novo
2347 2501 2465 2528 sensu

456 2547 707 2587 observatum
737 2555 806 2588 est.
864 2550 1014 2588 Totum
1043 2548 1149 2588 enim
1179 2548 1388 2600 imperium
1417 2547 1515 2588 illud
1543 2548 1585 2588 in
1614 2556 1743 2601 partes
1771 2563 1891 2601 quam
1921 2550 2109 2602 plurimas
2137 2550 2269 2591 divisit
2297 2552 2466 2603 trigono-

456 2608 619 2649 metrica
639 2610 704 2648 illa
723 2623 825 2660 quae
845 2610 988 2650 dicitur
1007 2609 1155 2650 telluris
1175 2609 1404 2661 exploratio,
1426 2623 1528 2661 quae
1549 2610 1750 2662 regionem
1777 2610 1883 2650 illam
1910 2611 2146 2651 immensam
2171 2612 2465 2653 accuratissime

456 2671 638 2711 dimensa
657 2679 728 2719 est,
749 2685 851 2723 quae
871 2672 991 2712 totius
1011 2672 1118 2712 orbis
1138 2680 1327 2712 terrarum
1347 2679 1386 2712 et
1402 2673 1548 2724 figurae
1568 2681 1607 2713 et
1631 2673 1811 2724 gravitati
1834 2673 2129 2726 investigandae
2155 2674 2340 2723 inserviit,
2362 2688 2465 2726 quae

455 2732 497 2771 in
532 2734 672 2773 Indiae
705 2733 818 2773 litore
850 2742 982 2773 aestus
1016 2733 1200 2773 maritimi
1233 2733 1436 2773 intervalla
1474 2734 1749 2783 dinumeravit,
1784 2748 1886 2786 quae
1924 2735 2120 2775 montium
2158 2735 2464 2776 celsissimorum

456 2794 707 2835 altitudinem
736 2796 992 2847 computavit,
1022 2810 1125 2847 quae
1154 2796 1282 2835 sidera
1311 2796 1484 2847 denique
1513 2796 1598 2847 ipsa
1627 2797 1926 2848 diligentissime
1955 2798 2186 2838 observavit.

565 2858 718 2896 Tantae
744 2871 837 2897 vero
860 2857 1118 2909 explorationi
1144 2859 1232 2909 plus
1258 2870 1377 2907 quam
1404 2857 1540 2908 viginti
1565 2871 1692 2897 annos
1715 2859 1962 2910 praepositus
1982 2866 2041 2899 est
2061 2859 2117 2899 vir
2139 2873 2221 2900 non
2245 2861 2296 2900 de
2323 2860 2464 2901 Indiae

457 2924 611 2956 tantum
649 2918 794 2958 finibus
833 2918 1086 2959 dimetiendis
1124 2920 1195 2958 sed
1233 2919 1284 2958 de
1321 2918 1573 2958 scientiarum
1613 2932 1774 2970 quoque
1812 2920 1988 2961 terminis
2025 2921 2145 2961 etiam
2183 2922 2284 2961 ultra
2322 2922 2464 2963 Indiae

456 2978 645 3018 terminos
678 2979 921 3030 proferendis
955 2980 1059 3020 bene
1092 2979 1265 3020 meritus.
1326 2980 1442 3020 Idem
1479 2979 1520 3018 in
1558 2979 1769 3020 obsidione
1806 2995 1889 3021 non
1927 2996 2006 3022 una
2043 2983 2194 3023 fortiter
2229 2996 2301 3035 pro
2338 2983 2464 3034 patria

456 3122 471 3142 ⁴
494 3077 705 3165 νίζὲῌῖἰιξῗη
709 3082 858 3166 ,1ῖῖηῇῚί
868 3082 1050 3124 645-664.
1174 3081 1188 3101 ²
1210 3082 1314 3114 India
1330 3083 1368 3115 in
1396 3084 1488 3116 1880.
1605 3082 1619 3103 ³
1641 3084 1722 3115 Men
1738 3085 1810 3116 and
1822 3085 1950 3117 Events
1963 3084 2005 3127 qf
2011 3096 2067 3127 my
2081 3087 2161 3119 time
2177 3087 2214 3119 in
2230 3087 2342 3127 India,
2367 3088 2460 3120 1882.

1437 3200 1487 3249 38
