2704 3770
574 318 801 368 Willzkzm
835 317 1023 384 Henry
1055 318 1266 369 Flower.
1340 319 1493 370 Elias
1528 320 1900 388 Metsclznz‘koff.

214 464 427 507 cotidianis
453 464 682 505 minutatim
705 466 930 518 exsculptas
952 465 1076 506 fuisse
1102 466 1396 514 demonstrat13
1428 465 1470 504 in
1496 467 1621 506 altero
1641 466 1763 506 vitam
1783 475 1823 507 et
1847 481 1910 507 res
1935 476 2065 520 gestas
2090 470 2247 523 geologi

210 526 360 580 magni,
380 539 504 580 quem
526 528 693 568 Siluriae
715 541 850 580 regem
879 527 1201 576 nominaverim‘,
1223 541 1271 567 ea
1294 540 1375 580 qua
1400 540 1471 579 par
1493 534 1554 567 est
1577 526 1771 580 dignitate
1791 528 1991 569 describit.
2049 530 2135 570 Viri
2157 533 2246 572 talis

209 590 417 632 laboribus
435 603 519 632 non
538 592 664 633 modo
680 590 888 644 geologiae
914 592 1015 632 fines
1041 590 1158 632 latius
1184 590 1314 631 indies
1337 597 1618 643 propagantur,
1640 591 1712 630 sed
1738 590 1859 631 etiam
1884 593 2036 644 populo
2060 592 2246 634 universo

212 653 347 696 studia
364 653 433 695 ina
449 654 652 708 praeclara
670 655 1020 695 commendantur.

322 717 443 758 Duco
474 717 528 758 ad
565 730 636 758 vos
668 718 882 770 geologum
919 717 1123 767 illustrem,
1157 717 1212 758 ab
1244 716 1331 769 ipsa
1370 716 1527 769 Regina
1560 729 1687 768 nuper
1724 730 1832 758 novo
1863 718 2016 758 honore
2046 726 2243 769 ornatum,

212 781 536 821 AacmnALDUM
567 781 738 822 Gmxm.

323 918 438 973 (177)
471 921 597 971 Quod
619 933 642 960 e
661 919 910 973 sapientibus
930 927 1085 973 septem
1105 934 1210 961 unus
1230 919 1377 962 dixisse
1400 921 1533 970 fertur,
1556 919 1653 973 α’ρχὴ
1673 918 1790 973 ἄνδρα
1810 920 1950 970 δείξειὸ,
1971 922 2024 962 de
2043 922 2122 962 hoc
2141 930 2247 964 certe

210 981 306 1032 viro,
323 996 395 1036 per
413 984 615 1024 honorum
634 997 795 1024 cursum
815 983 910 1024 satis
930 985 1096 1036 longum
1117 984 1299 1036 probato,
1314 998 1453 1025 verum
1473 997 1562 1025 esse
1581 992 1750 1025 constat.
1811 984 1941 1036 Regio
1962 985 2246 1037 Chirurgorum

209 1044 252 1086 in
271 1046 465 1099 Collegio,
479 1047 654 1100 primum
671 1049 819 1088 Museo
834 1048 1112 1088 conservando
1126 1047 1387 1100 praepositus,
1406 1047 1555 1088 deinde
1570 1047 1862 1099 physiologiam
1877 1054 1917 1088 et
1936 1047 2247 1099 comparativam

210 1121 314 1162 quae
351 1109 497 1151 dicitur
537 1111 782 1152 anatomiam
825 1113 1038 1164 professus,
1078 1110 1271 1164 deinceps
1311 1111 1444 1151 Musei
1489 1111 1709 1151 Britannici
1747 1111 1933 1152 aedificio
1971 1125 2078 1152 novo
2116 1125 2247 1151 rerum

210 1178 376 1213 naturae
394 1172 536 1213 studiis
556 1173 745 1215 dedicato
764 1175 988 1226 praefectus
1008 1181 1079 1215 est.
1140 1175 1257 1215 Idem
1275 1173 1464 1215 Societati
1478 1181 1518 1214 et
1537 1174 1788 1226 Zoologicae‚
1805 1180 1846 1214 et
1866 1175 2244 1226 Anthropologicae,

209 1240 251 1275 et
270 1235 536 1284 Britannicae,
558 1236 732 1277 maxima
751 1251 844 1278 cum
863 1239 984 1279 laude
1003 1237 1183 1290 praefuit.
1244 1239 1294 1278 In
1310 1237 1465 1278 Museis
1480 1245 1616 1279 autem
1631 1237 1867 1278 ordinandis
1882 1250 2004 1292 quam
2017 1239 2247 1290 perspicax:

209 1295 252 1337 in
282 1297 538 1339 scientiarum
569 1299 712 1341 studiis
744 1302 898 1353 populo
926 1300 1000 1340 toti
1028 1300 1365 1341 commendandis
1391 1313 1514 1352 quam
1548 1299 1719 1340 disertus
1731 1315 1742 1350 ς
1771 1299 1983 1340 hominum
2012 1299 2054 1339 in
2083 1299 2248 1340 diversis

207 1360 423 1413 generibus
459 1362 602 1416 capitis
635 1376 824 1404 mensura
855 1363 959 1404 inter
991 1377 1079 1404 sese
1116 1363 1411 1416 distinguendis
1449 1376 1572 1415 quam
1611 1362 1791 1411 subtilis3
1834 1362 1953 1403 maris
1991 1362 2167 1414 denique
2205 1362 2247 1402 in

209 1425 398 1466 monstris
421 1426 629 1467 immensis
654 1427 931 1468 describendis
954 1440 1076 1479 quam
1102 1427 1299 1468 minutus!
1358 1428 1476 1479 Ergo,
1499 1427 1607 1467 velut
1633 1428 1732 1467 alter
1758 1428 1986 1479 Neptunus,
2007 1425 2110 1466 intra
2136 1426 2246 1478 regni

209 1487 272 1528 sui
297 1488 398 1530 fines
423 1488 545 1530 etiam
566 1489 781 1531 ‘immania
809 1497 897 1531 cete
910 1490 939 1513 ’⁴¹
958 1503 1031 1531 suo
1059 1489 1135 1530 sibi
1161 1489 1246 1530 iure
1272 1489 1471 1530 vindicat:
1506 1489 1626 1538 idem,
1655 1489 1986 1541 anthropologiae
2012 1501 2175 1541 quoque
2204 1489 2244 1528 in

208 1551 351 1593 studiis
374 1560 565 1602 versatus,
585 1567 638 1595 ne
662 1554 850 1595 barbaras
876 1554 1043 1607 quidem
1069 1561 1209 1606 gentes
1234 1552 1489 1606 contempsit,
1518 1553 1601 1602 sed,
1626 1554 1735 1593 velut
1763 1553 1861 1593 alter
1886 1553 2091 1601 Chremes,
2120 1553 2245 1592 homo

208 1621 295 1665 est3
322 1615 489 1657 humani
508 1616 565 1657 nil
583 1630 608 1657 a
627 1631 671 1658 se
689 1618 866 1659 alienum
886 1618 1030 1670 putat⁵.

320 1678 440 1720 Duco
457 1680 512 1720 ad
529 1693 601 1720 vos
623 1680 774 1732 Regiae
793 1679 1003 1721 Societatis
1023 1678 1190 1729 socium,
1211 1678 1340 1719 virum
1367 1678 1590 1719 honoribus
1610 1677 1791 1731 plurimis
1818 1677 1960 1718 merito
1980 1678 2242 1728 cumulatum,

210 1741 459 1782 Wrmtmum
482 1743 727 1783 Hnmucum
750 1740 964 1782 merm‘.

318 1881 435 1938 (178)
459 1883 648 1937 Sequitur
667 1883 860 1936 deinceps
879 1883 948 1933 vir,
969 1883 1038 1936 qui
1058 1883 1315 1925 scientiarum
1334 1884 1376 1923 in
1396 1881 1612 1935 provinciis
1632 1881 1802 1930 duabus,
1824 1888 1864 1922 et
1883 1880 1924 1921 in
1944 1881 2125 1934 zoologia
2143 1889 2184 1923 et
2201 1881 2245 1926 in

210 1944 495 2000 bacteriologia
513 1960 618 2000 quae
637 1946 792 1996 dicitur,
815 1947 963 1987 famam
987 1945 1186 1998 insignem
1213 1953 1273 1987 est
1295 1947 1478 1998 adeptus
1537 1944 1716 1984 Primum
1744 1943 1865 1983 Ponti
1891 1943 2038 1983 Euxini
2063 1944 2105 1984 in
2130 1944 2246 1985 litore

210 2007 530 2062 septentrionali⁷
554 2009 779 2062 zoologiam
807 2009 1020 2062 professus,
1043 2010 1170 2049 multa
1197 2010 1250 2050 de
1278 2008 1558 2060 morphologia
1584 2005 1830 2055 animalium,
1853 2019 1957 2058 quae
1980 2005 2247 2047 invertebrata

209 2070 478 2122 nominantur,
511 2071 808 2113 accuratissime
839 2071 1036 2113 disseruit.
1095 2071 1258 2112 Deinde
1288 2069 1448 2111 Parisiis
1478 2082 1609 2110 rerum
1643 2075 1809 2108 naturae
1842 2067 2114 2121 investigatori
2147 2070 2247 2109 cele-

209 2133 384 2177 berrimo
402 2135 562 2178 adiutor
581 2137 728 2185 datus⁸,
746 2136 804 2178 eis
823 2135 1078 2189 potissimum
1098 2134 1229 2176 causis
1248 2132 1547 2188 perscrutandis
1567 2145 1731 2185 operam
1752 2131 1876 2181 dedit,
1893 2144 1964 2184 per
1983 2145 2082 2184 quas
2101 2131 2247 2184 genere

208 2198 262 2239 ab
294 2199 475 2240 humano
503 2199 737 2241 morborum
768 2199 942 2252 impetus
974 2198 1142 2240 hostiles
1175 2205 1341 2251 possent
1371 2195 1606 2250 propulsari.
1665 2197 1784 2244 Nam,
1821 2196 1929 2236 velut
1962 2196 2173 2236 hominum
2204 2195 2246 2236 in

209 2260 414 2302 mentibus
432 2261 596 2302 virtutes
615 2269 655 2303 et
674 2261 770 2302 vitia
787 2260 891 2302 inter
908 2274 996 2302 sese
1014 2260 1248 2314 confligunt,
1269 2274 1354 2301 non
1373 2259 1486 2300 aliter
1504 2257 1771 2299 animantium
1790 2257 1833 2298 in
1852 2257 2086 2310 corporibus
2107 2265 2247 2298 contra

208 2323 384 2376 pestium
415 2324 610 2366 exercitus
639 2325 781 2377 copiae
814 2325 1015 2377 quaedam
1042 2324 1222 2365 sanitatis
1255 2331 1295 2365 et
1321 2323 1459 2364 salutis
1485 2322 1689 2363 ministrae
1714 2329 1946 2363 concertare
1973 2322 2243 2374 perhibentur.

211 2387 364 2428 Mentis
392 2388 558 2441 quidem
584 2396 787 2429 certamen
815 2388 913 2428 olim
941 2388 984 2428 in
1013 2387 1190 2428 carmine
1213 2387 1387 2436 heroico,
1410 2384 1729 2438 Psychomachia
1754 2384 1975 2432 nominato,
2005 2385 2247 2425 Prudentius

209 2450 392 2492 narravit.
452 2452 564 2492 Inter
590 2465 662 2492 eos
686 2458 822 2492 autem
850 2450 920 2503 qui
943 2451 1121 2504 corporis
1149 2458 1353 2492 certamen
1379 2449 1662 2503 experimentis
1691 2448 1897 2501 exquisitis
1920 2462 2048 2500 nuper
2075 2448 2246 2501 explica-

209 2521 363 2564 verunt,
384 2515 520 2556 locum
546 2514 744 2568 insignem
768 2514 846 2555 sibi
868 2514 1044 2555 vindicat
1067 2514 1126 2555 vir
1151 2514 1317 2566 quidam
1340 2527 1499 2554 summa
1523 2526 1681 2554 morum
1709 2511 1908 2553 modestia
1926 2512 2141 2564 praeditus,
2164 2512 2243 2564 qui,

210 2578 320 2619 velut
341 2586 452 2620 vates
477 2592 599 2628 sacer,
624 2578 821 2631 proelium
846 2577 946 2618 illud
972 2577 1048 2618 sibi
1074 2577 1245 2630 sumpsit
1270 2577 1569 2626 celebrandum,
1591 2576 1633 2616 in
1656 2588 1738 2628 quo
1763 2582 1824 2616 tot
1850 2576 2017 2615 cellulae
2042 2582 2244 2627 vagantes,

209 2642 326 2695 quasi
353 2641 500 2683 milites
527 2648 819 2694 procursantes,
846 2641 1079 2682 morborum
1108 2640 1262 2681 semina
1290 2640 1464 2692 maligna
1492 2639 1722 2692 corripiunt,
1751 2646 1933 2691 correpta
1960 2639 2244 2691 comprimunt,

210 2716 442 2757 compressa
464 2703 729 2756 extinguunt⁹.
788 2705 950 2744 Talium
974 2703 1148 2744 virorum
1175 2702 1322 2743 auxilio
1348 2701 1519 2743 febrium
1544 2703 1730 2742 cohortes
1756 2701 1947 2754 paulatim
1974 2699 2244 2753 profligantur,

210 2773 252 2808 et
269 2767 425 2820 generis
445 2767 612 2808 humani
631 2767 749 2808 saluti
768 2780 919 2808 novum
939 2766 1070 2808 indies
1089 2768 1250 2807 affertur
1269 2766 1575 2806 incrementum.

322 2830 471 2872 Merito
495 2830 613 2883 igitur
641 2830 758 2871 titulo
784 2838 923 2871 nostro
949 2831 1071 2871 hodie
1094 2837 1308 2871 coronatur
1334 2843 1356 2870 e
1380 2829 1517 2869 salutis
1540 2830 1742 2869 humanae
1768 2827 1958 2868 ministris
1977 2840 2093 2876 unus,
2116 2828 2245 2867 EL1As

213 2893 574 2934 Mna-scamma

298 2987 311 3009 ¹
333 2990 472 3032 Scenery
485 2989 698 3032 qucoHand,
714 2988 809 3031 1865,
826 2990 907 3031 1887
924 2994 989 3022 etc.
1078 2987 1093 3008 ²
1116 2988 1170 3022 Sir
1187 2987 1356 3021 Roderick
1374 2986 1581 3027 Murchison,
1599 2987 1692 3029 1875.
1785 2984 1799 3006 ⁸
1823 2985 1912 3025 Bias,
1932 2996 1987 3028 ap.
2003 2985 2107 3018 Arist.
2124 2986 2209 3018 Eth.
2223 2997 2245 3018 v

216 3042 246 3070 1.
266 3032 316 3066 16.
470 3032 485 3054 ⁴
506 3033 625 3076 virgil,
645 3035 734 3067 Aen.
749 3044 771 3066 v
788 3034 863 3066 822.
1025 3031 1039 3052 ⁵
1062 3033 1222 3070 Terence,
1240 3032 1365 3064 Hcaut.
1388 3039 1440 3073 77.
1602 3029 1617 3050 ⁶
1640 3029 1773 3062 Author
1788 3030 1827 3062 os
1839 3040 1882 3062 an
1898 3030 2130 3062 Introduction
2144 3035 2176 3062 to
2190 3030 2244 3063 tlte

213 3076 376 3119 Osteology
389 3077 491 3119 ofthe
504 3078 731 3115 Mammalia3
755 3077 812 3110 the
829 3076 1057 3119 Osteological
1077 3077 1256 3118 Catalogue
1269 3076 1307 3107 of
1323 3077 1418 3118 1879,
1436 3078 1500 3107 etc.
1616 3072 1630 3094 ⁷
1656 3074 1850 3116 University
1865 3073 1904 3105 of
1916 3073 2058 3106 Odessa.
2161 3071 2175 3093 ⁸
2198 3074 2247 3106 At

210 3119 429 3208 {lilejirgrtiltgg
434 3121 595 3197 1AT’asteur.
727 3119 742 3141 ⁹
764 3121 902 3154 Lecture
915 3131 958 3154 on
975 3120 1202 3162 Phagocytoszze
1217 3119 1290 3151 and
1302 3119 1501 3160 Immunity,
1522 3117 1706 3150 translated
1722 3117 1756 3150 in
1773 3117 1907 3150 Britislz
1924 3117 2241 3161 Medicalsournal,

1211 3250 1259 3288 91
2007 3247 2134 3273 12-2
