<?xml version="1.0" encoding="UTF-8"?>
<!DOCTYPE html PUBLIC "-//W3C//DTD XHTML 1.0 Transitional//EN"
    "http://www.w3.org/TR/xhtml1/DTD/xhtml1-transitional.dtd">
<html xmlns="http://www.w3.org/1999/xhtml" xml:lang="en" lang="en">
 <head>
  <title>
</title>
<meta http-equiv="Content-Type" content="text/html;charset=utf-8" />
  <meta name='ocr-system' content='tesseract 3.04.00' />
  <meta name='ocr-capabilities' content='ocr_page ocr_carea ocr_par ocr_line ocrx_word'/>
</head>
<body>
  <div class='ocr_page' id='page_1' title='image "./orationesetepist00sanduoft_0024.png"; bbox 0 0 2704 3770; ppageno 0'>
   <div class='ocr_carea' id='block_1_1' title="bbox 1217 321 1722 370">
    <p class='ocr_par' dir='ltr' id='par_1_1' title="bbox 1217 321 1722 370">
     <span class='ocr_line' id='line_1_1' title="bbox 1217 321 1722 370; baseline -0.002 0"><span class='ocrx_word' id='word_1_1' title='bbox 1217 321 1443 370; x_wconf 76' lang='lat' dir='ltr'>Wz&#39;lliam</span> <span class='ocrx_word' id='word_1_2' title='bbox 1476 322 1722 370; x_wconf 82' lang='lat' dir='ltr'>Moulton.</span> 
     </span>
    </p>
   </div>
   <div class='ocr_carea' id='block_1_2' title="bbox 463 464 2470 828">
    <p class='ocr_par' dir='ltr' id='par_1_2' title="bbox 463 464 2470 828">
     <span class='ocr_line' id='line_1_2' title="bbox 463 464 2466 518; baseline -0.002 -10"><span class='ocrx_word' id='word_1_3' title='bbox 463 467 642 508; x_wconf 87' lang='lat' dir='ltr'>nicarum</span> <span class='ocrx_word' id='word_1_4' title='bbox 675 468 810 514; x_wconf 84' lang='lat' dir='ltr'>decus,</span> <span class='ocrx_word' id='word_1_5' title='bbox 844 466 971 506; x_wconf 91' lang='lat' dir='ltr'>virum</span> <span class='ocrx_word' id='word_1_6' title='bbox 1004 465 1046 505; x_wconf 92' lang='lat' dir='ltr'>in</span> <span class='ocrx_word' id='word_1_7' title='bbox 1078 465 1312 506; x_wconf 86' lang='lat' dir='ltr'>difficillimo</span> <span class='ocrx_word' id='word_1_8' title='bbox 1345 465 1521 506; x_wconf 87' lang='lat' dir='ltr'>musicae</span> <span class='ocrx_word' id='word_1_9' title='bbox 1553 479 1696 518; x_wconf 88' lang='lat' dir='ltr'>genere</span> <span class='ocrx_word' id='word_1_10' title='bbox 1729 465 1971 514; x_wconf 89' lang='lat' dir='ltr'>facillimum,</span> <span class='ocrx_word' id='word_1_11' title='bbox 2003 466 2225 513; x_wconf 78' lang='lat' dir='ltr'>Iohannem</span> <span class='ocrx_word' id='word_1_12' title='bbox 2263 464 2466 504; x_wconf 85' lang='lat' dir='ltr'>Brahms¹.</span> 
     </span>
     <span class='ocr_line' id='line_1_3' title="bbox 465 525 2468 580; baseline -0.001 -12"><span class='ocrx_word' id='word_1_13' title='bbox 465 530 722 580; x_wconf 89' lang='lat' dir='ltr'><strong>Quamquam</strong></span> <span class='ocrx_word' id='word_1_14' title='bbox 754 535 888 568; x_wconf 90' lang='lat' dir='ltr'>autem</span> <span class='ocrx_word' id='word_1_15' title='bbox 922 527 1007 580; x_wconf 91' lang='lat' dir='ltr'>ipse</span> <span class='ocrx_word' id='word_1_16' title='bbox 1041 528 1123 567; x_wconf 89' lang='lat' dir='ltr'>fato</span> <span class='ocrx_word' id='word_1_17' title='bbox 1155 527 1293 578; x_wconf 88' lang='lat' dir='ltr'>iniquo</span> <span class='ocrx_word' id='word_1_18' title='bbox 1326 528 1464 578; x_wconf 82' lang='lat' dir='ltr'>procul</span> <span class='ocrx_word' id='word_1_19' title='bbox 1497 534 1673 567; x_wconf 88' lang='lat' dir='ltr'>retentus</span> <span class='ocrx_word' id='word_1_20' title='bbox 1706 534 1775 575; x_wconf 89' lang='lat' dir='ltr'>est,</span> <span class='ocrx_word' id='word_1_21' title='bbox 1806 540 1966 567; x_wconf 86' lang='lat' dir='ltr'>carmen</span> <span class='ocrx_word' id='word_1_22' title='bbox 1998 526 2102 566; x_wconf 90' lang='lat' dir='ltr'>illius</span> <span class='ocrx_word' id='word_1_23' title='bbox 2130 525 2329 578; x_wconf 87' lang='lat' dir='ltr'>egregium</span> <span class='ocrx_word' id='word_1_24' title='bbox 2357 527 2468 577; x_wconf 89' lang='lat' dir='ltr'>quod</span> 
     </span>
     <span class='ocr_line' id='line_1_4' title="bbox 468 589 2469 643; baseline -0.002 -11"><span class='ocrx_word' id='word_1_25' title='bbox 468 594 681 632; x_wconf 90' lang='lat' dir='ltr'>‘fatorum&#39;</span> <span class='ocrx_word' id='word_1_26' title='bbox 714 599 966 643; x_wconf 89' lang='lat' dir='ltr'>nuncupatur</span> <span class='ocrx_word' id='word_1_27' title='bbox 998 590 1151 642; x_wconf 87' lang='lat' dir='ltr'>vesperi</span> <span class='ocrx_word' id='word_1_28' title='bbox 1183 590 1376 639; x_wconf 80' lang='lat' dir='ltr'>audietis3</span> <span class='ocrx_word' id='word_1_29' title='bbox 1416 590 1585 630; x_wconf 91' lang='lat' dir='ltr'>audietis</span> <span class='ocrx_word' id='word_1_30' title='bbox 1618 590 1736 630; x_wconf 90' lang='lat' dir='ltr'>etiam</span> <span class='ocrx_word' id='word_1_31' title='bbox 1775 603 1923 630; x_wconf 90' lang='lat' dir='ltr'>novum</span> <span class='ocrx_word' id='word_1_32' title='bbox 1961 602 2073 640; x_wconf 90' lang='lat' dir='ltr'>opus,</span> <span class='ocrx_word' id='word_1_33' title='bbox 2107 602 2188 640; x_wconf 94' lang='lat' dir='ltr'>quo</span> <span class='ocrx_word' id='word_1_34' title='bbox 2225 600 2308 628; x_wconf 89' lang='lat' dir='ltr'>non</span> <span class='ocrx_word' id='word_1_35' title='bbox 2345 589 2469 628; x_wconf 90' lang='lat' dir='ltr'>modo</span> 
     </span>
     <span class='ocr_line' id='line_1_5' title="bbox 465 650 2470 704; baseline -0.002 -10"><span class='ocrx_word' id='word_1_36' title='bbox 465 661 617 694; x_wconf 92' lang='lat' dir='ltr'>ceteros</span> <span class='ocrx_word' id='word_1_37' title='bbox 640 667 780 694; x_wconf 89' lang='lat' dir='ltr'>omnes</span> <span class='ocrx_word' id='word_1_38' title='bbox 803 655 874 693; x_wconf 93' lang='lat' dir='ltr'>sed</span> <span class='ocrx_word' id='word_1_39' title='bbox 899 667 942 693; x_wconf 90' lang='lat' dir='ltr'>se</span> <span class='ocrx_word' id='word_1_40' title='bbox 967 653 1098 704; x_wconf 91' lang='lat' dir='ltr'>ipsum</span> <span class='ocrx_word' id='word_1_41' title='bbox 1125 665 1329 703; x_wconf 87' lang='lat' dir='ltr'>superasse</span> <span class='ocrx_word' id='word_1_42' title='bbox 1355 651 1507 691; x_wconf 86' lang='lat' dir='ltr'>dicitur.</span> <span class='ocrx_word' id='word_1_43' title='bbox 1569 653 1664 691; x_wconf 90' lang='lat' dir='ltr'>Post</span> <span class='ocrx_word' id='word_1_44' title='bbox 1690 658 1749 691; x_wconf 89' lang='lat' dir='ltr'>tot</span> <span class='ocrx_word' id='word_1_45' title='bbox 1779 651 2000 702; x_wconf 90' lang='lat' dir='ltr'>triumphos</span> <span class='ocrx_word' id='word_1_46' title='bbox 2026 663 2147 691; x_wconf 91' lang='lat' dir='ltr'>nemo</span> <span class='ocrx_word' id='word_1_47' title='bbox 2172 650 2333 702; x_wconf 86' lang='lat' dir='ltr'>negabit</span> <span class='ocrx_word' id='word_1_48' title='bbox 2357 656 2470 690; x_wconf 78' lang='lat' dir='ltr'>tanto</span> 
     </span>
     <span class='ocr_line' id='line_1_6' title="bbox 467 711 2470 764; baseline -0.002 -9"><span class='ocrx_word' id='word_1_49' title='bbox 467 715 549 755; x_wconf 90' lang='lat' dir='ltr'>viro</span> <span class='ocrx_word' id='word_1_50' title='bbox 572 722 880 755; x_wconf 86' lang='lat' dir='ltr'>consentaneam</span> <span class='ocrx_word' id='word_1_51' title='bbox 900 727 988 754; x_wconf 92' lang='lat' dir='ltr'>esse</span> <span class='ocrx_word' id='word_1_52' title='bbox 1006 713 1194 764; x_wconf 88' lang='lat' dir='ltr'>requiem.</span> <span class='ocrx_word' id='word_1_53' title='bbox 1252 713 1441 754; x_wconf 88' lang='lat' dir='ltr'>Ceterum</span> <span class='ocrx_word' id='word_1_54' title='bbox 1461 726 1541 764; x_wconf 90' lang='lat' dir='ltr'>quo</span> <span class='ocrx_word' id='word_1_55' title='bbox 1563 713 1710 752; x_wconf 90' lang='lat' dir='ltr'>maiore</span> <span class='ocrx_word' id='word_1_56' title='bbox 1728 711 1851 752; x_wconf 90' lang='lat' dir='ltr'>animi</span> <span class='ocrx_word' id='word_1_57' title='bbox 1869 711 2115 763; x_wconf 86' lang='lat' dir='ltr'>aegritudine</span> <span class='ocrx_word' id='word_1_58' title='bbox 2133 711 2244 751; x_wconf 90' lang='lat' dir='ltr'>illum</span> <span class='ocrx_word' id='word_1_59' title='bbox 2262 711 2470 751; x_wconf 85' lang='lat' dir='ltr'>absentem</span> 
     </span>
     <span class='ocr_line' id='line_1_7' title="bbox 467 775 2136 828; baseline -0.002 -10"><span class='ocrx_word' id='word_1_60' title='bbox 467 777 749 827; x_wconf 85' lang='lat' dir='ltr'>desideramus,</span> <span class='ocrx_word' id='word_1_61' title='bbox 771 789 821 817; x_wconf 92' lang='lat' dir='ltr'>eo</span> <span class='ocrx_word' id='word_1_62' title='bbox 840 776 1000 817; x_wconf 91' lang='lat' dir='ltr'>elatiore</span> <span class='ocrx_word' id='word_1_63' title='bbox 1018 776 1165 828; x_wconf 88' lang='lat' dir='ltr'>gaudio</span> <span class='ocrx_word' id='word_1_64' title='bbox 1184 783 1431 828; x_wconf 90' lang='lat' dir='ltr'>praesentem</span> <span class='ocrx_word' id='word_1_65' title='bbox 1452 776 1669 815; x_wconf 90' lang='lat' dir='ltr'>salutamus</span> <span class='ocrx_word' id='word_1_66' title='bbox 1690 776 1913 815; x_wconf 83' lang='lat' dir='ltr'>IOSEPHUM</span> <span class='ocrx_word' id='word_1_67' title='bbox 1935 775 2136 815; x_wconf 82' lang='lat' dir='ltr'>IOACfflM.</span> 
     </span>
    </p>
   </div>
   <div class='ocr_carea' id='block_1_3' title="bbox 1289 893 1646 958">
    <p class='ocr_par' dir='ltr' id='par_1_3' title="bbox 1289 893 1646 958">
     <span class='ocr_line' id='line_1_8' title="bbox 1289 893 1646 958; baseline -0.003 -3"><span class='ocrx_word' id='word_1_68' title='bbox 1289 909 1316 955; x_wconf 89' lang='lat'>3</span> <span class='ocrx_word' id='word_1_69' title='bbox 1352 893 1484 958; x_wconf 79' lang='lat' dir='ltr'>May</span> <span class='ocrx_word' id='word_1_70' title='bbox 1524 895 1646 955; x_wconf 86' lang='lat'>1877</span> 
     </span>
    </p>
   </div>
   <div class='ocr_carea' id='block_1_4' title="bbox 470 986 2477 2283">
    <p class='ocr_par' dir='ltr' id='par_1_4' title="bbox 470 986 2477 2283">
     <span class='ocr_line' id='line_1_9' title="bbox 578 986 2470 1041; baseline -0.001 -13"><span class='ocrx_word' id='word_1_71' title='bbox 578 989 637 1041; x_wconf 91' lang='lat'>(4)</span> <span class='ocrx_word' id='word_1_72' title='bbox 676 990 806 1039; x_wconf 83' lang='lat' dir='ltr'><strong>QUOD</strong></span> <span class='ocrx_word' id='word_1_73' title='bbox 840 987 1016 1027; x_wconf 86' lang='lat' dir='ltr'>Platonis</span> <span class='ocrx_word' id='word_1_74' title='bbox 1048 986 1228 1027; x_wconf 89' lang='lat' dir='ltr'>omnium</span> <span class='ocrx_word' id='word_1_75' title='bbox 1265 986 1595 1027; x_wconf 87' lang='lat' dir='ltr'>Academicorum</span> <span class='ocrx_word' id='word_1_76' title='bbox 1623 986 1811 1039; x_wconf 91' lang='lat' dir='ltr'>principis</span> <span class='ocrx_word' id='word_1_77' title='bbox 1840 986 2036 1027; x_wconf 88' lang='lat' dir='ltr'>vestibulo</span> <span class='ocrx_word' id='word_1_78' title='bbox 2063 993 2146 1027; x_wconf 89' lang='lat' dir='ltr'>erat</span> <span class='ocrx_word' id='word_1_79' title='bbox 2174 986 2470 1039; x_wconf 87' lang='lat' dir='ltr'>praescriptum,</span> 
     </span>
     <span class='ocr_line' id='line_1_10' title="bbox 470 1047 2472 1102; baseline -0.001 -11"><span class='ocrx_word' id='word_1_80' title='bbox 470 1051 578 1092; x_wconf 92' lang='lat' dir='ltr'>idem</span> <span class='ocrx_word' id='word_1_81' title='bbox 611 1058 768 1091; x_wconf 90' lang='lat' dir='ltr'>nostrae</span> <span class='ocrx_word' id='word_1_82' title='bbox 798 1049 1039 1089; x_wconf 89' lang='lat' dir='ltr'>Academiae</span> <span class='ocrx_word' id='word_1_83' title='bbox 1069 1050 1289 1088; x_wconf 88' lang='lat' dir='ltr'>admodum</span> <span class='ocrx_word' id='word_1_84' title='bbox 1322 1049 1480 1100; x_wconf 90' lang='lat' dir='ltr'>placuit,</span> <span class='ocrx_word' id='word_1_85' title='bbox 1510 1047 1639 1099; x_wconf 85' lang='grc' dir='ltr'>μηδεὶς</span> <span class='ocrx_word' id='word_1_86' title='bbox 1669 1047 1949 1102; x_wconf 78' lang='grc' dir='ltr'>οἴγεωμέτρητος</span> <span class='ocrx_word' id='word_1_87' title='bbox 1980 1047 2135 1088; x_wconf 77' lang='grc' dir='ltr'>εἷσίτω“.</span> <span class='ocrx_word' id='word_1_88' title='bbox 2194 1050 2256 1088; x_wconf 94' lang='lat' dir='ltr'>Eo</span> <span class='ocrx_word' id='word_1_89' title='bbox 2284 1047 2472 1089; x_wconf 89' lang='lat' dir='ltr'>libentius</span> 
     </span>
     <span class='ocr_line' id='line_1_11' title="bbox 470 1109 2474 1165; baseline -0.002 -12"><span class='ocrx_word' id='word_1_90' title='bbox 470 1113 586 1165; x_wconf 88' lang='lat' dir='ltr'>igitur</span> <span class='ocrx_word' id='word_1_91' title='bbox 605 1112 773 1152; x_wconf 90' lang='lat' dir='ltr'>audietis</span> <span class='ocrx_word' id='word_1_92' title='bbox 793 1111 919 1150; x_wconf 92' lang='lat' dir='ltr'>virum</span> <span class='ocrx_word' id='word_1_93' title='bbox 939 1112 1046 1150; x_wconf 91' lang='lat' dir='ltr'>hunc</span> <span class='ocrx_word' id='word_1_94' title='bbox 1068 1110 1363 1150; x_wconf 91' lang='lat' dir='ltr'>Mathematicis</span> <span class='ocrx_word' id='word_1_95' title='bbox 1386 1109 1526 1150; x_wconf 91' lang='lat' dir='ltr'>studiis</span> <span class='ocrx_word' id='word_1_96' title='bbox 1551 1109 1715 1150; x_wconf 87' lang='lat' dir='ltr'>feliciter</span> <span class='ocrx_word' id='word_1_97' title='bbox 1737 1109 1901 1150; x_wconf 91' lang='lat' dir='ltr'>excultis</span> <span class='ocrx_word' id='word_1_98' title='bbox 1925 1123 2011 1150; x_wconf 90' lang='lat' dir='ltr'>raro</span> <span class='ocrx_word' id='word_1_99' title='bbox 2030 1110 2098 1150; x_wconf 92' lang='lat' dir='ltr'>illo</span> <span class='ocrx_word' id='word_1_100' title='bbox 2124 1110 2301 1162; x_wconf 87' lang='lat' dir='ltr'>praemio</span> <span class='ocrx_word' id='word_1_101' title='bbox 2326 1109 2474 1149; x_wconf 83' lang='lat' dir='ltr'>numis-</span> 
     </span>
     <span class='ocr_line' id='line_1_12' title="bbox 473 1171 2472 1225; baseline -0.001 -11"><span class='ocrx_word' id='word_1_102' title='bbox 473 1175 587 1214; x_wconf 91' lang='lat' dir='ltr'>matis</span> <span class='ocrx_word' id='word_1_103' title='bbox 606 1174 714 1214; x_wconf 88' lang='lat' dir='ltr'>aurei</span> <span class='ocrx_word' id='word_1_104' title='bbox 732 1174 785 1213; x_wconf 92' lang='lat' dir='ltr'>ab</span> <span class='ocrx_word' id='word_1_105' title='bbox 803 1172 1023 1213; x_wconf 90' lang='lat' dir='ltr'>Academia</span> <span class='ocrx_word' id='word_1_106' title='bbox 1043 1172 1304 1212; x_wconf 92' lang='lat' dir='ltr'>Londiniensi</span> <span class='ocrx_word' id='word_1_107' title='bbox 1322 1173 1455 1212; x_wconf 91' lang='lat' dir='ltr'>adhuc</span> <span class='ocrx_word' id='word_1_108' title='bbox 1474 1173 1771 1212; x_wconf 90' lang='lat' dir='ltr'>adulescentem</span> <span class='ocrx_word' id='word_1_109' title='bbox 1791 1185 1877 1212; x_wconf 90' lang='lat' dir='ltr'>esse</span> <span class='ocrx_word' id='word_1_110' title='bbox 1896 1173 2100 1212; x_wconf 81' lang='lat' dir='ltr'>donatum.</span> <span class='ocrx_word' id='word_1_111' title='bbox 2159 1174 2303 1225; x_wconf 90' lang='lat' dir='ltr'>Neque</span> <span class='ocrx_word' id='word_1_112' title='bbox 2322 1171 2472 1213; x_wconf 89' lang='lat' dir='ltr'>veroin</span> 
     </span>
     <span class='ocr_line' id='line_1_13' title="bbox 472 1233 2472 1286; baseline -0.001 -10"><span class='ocrx_word' id='word_1_113' title='bbox 472 1237 669 1277; x_wconf 89' lang='lat' dir='ltr'>vestibulo</span> <span class='ocrx_word' id='word_1_114' title='bbox 698 1235 994 1286; x_wconf 90' lang='lat' dir='ltr'>disciplinarum</span> <span class='ocrx_word' id='word_1_115' title='bbox 1018 1234 1199 1274; x_wconf 89' lang='lat' dir='ltr'>omnium</span> <span class='ocrx_word' id='word_1_116' title='bbox 1223 1241 1491 1274; x_wconf 88' lang='lat' dir='ltr'>commoratus</span> <span class='ocrx_word' id='word_1_117' title='bbox 1517 1241 1587 1281; x_wconf 90' lang='lat' dir='ltr'>est,</span> <span class='ocrx_word' id='word_1_118' title='bbox 1609 1235 1680 1273; x_wconf 93' lang='lat' dir='ltr'>sed</span> <span class='ocrx_word' id='word_1_119' title='bbox 1706 1246 1775 1285; x_wconf 92' lang='lat' dir='ltr'>per</span> <span class='ocrx_word' id='word_1_120' title='bbox 1800 1233 1927 1285; x_wconf 90' lang='lat' dir='ltr'>ipsam</span> <span class='ocrx_word' id='word_1_121' title='bbox 1951 1233 2166 1274; x_wconf 90' lang='lat' dir='ltr'>litterarum</span> <span class='ocrx_word' id='word_1_122' title='bbox 2191 1234 2472 1274; x_wconf 89' lang='lat' dir='ltr'>humaniorum</span> 
     </span>
     <span class='ocr_line' id='line_1_14' title="bbox 471 1296 2473 1348; baseline -0.001 -10"><span class='ocrx_word' id='word_1_123' title='bbox 471 1298 632 1338; x_wconf 91' lang='lat' dir='ltr'>ianuam</span> <span class='ocrx_word' id='word_1_124' title='bbox 654 1300 707 1338; x_wconf 92' lang='lat' dir='ltr'>ad</span> <span class='ocrx_word' id='word_1_125' title='bbox 726 1298 911 1337; x_wconf 90' lang='lat' dir='ltr'>interiora</span> <span class='ocrx_word' id='word_1_126' title='bbox 930 1297 1151 1348; x_wconf 90' lang='lat' dir='ltr'>linguarum</span> <span class='ocrx_word' id='word_1_127' title='bbox 1171 1310 1367 1337; x_wconf 90' lang='lat' dir='ltr'>sacrarum</span> <span class='ocrx_word' id='word_1_128' title='bbox 1387 1296 1604 1348; x_wconf 89' lang='lat' dir='ltr'>penetralia</span> <span class='ocrx_word' id='word_1_129' title='bbox 1622 1304 1681 1336; x_wconf 92' lang='lat' dir='ltr'>est</span> <span class='ocrx_word' id='word_1_130' title='bbox 1700 1310 1938 1348; x_wconf 89' lang='lat' dir='ltr'>progressus.</span> <span class='ocrx_word' id='word_1_131' title='bbox 1996 1297 2144 1337; x_wconf 90' lang='lat' dir='ltr'>Wineri</span> <span class='ocrx_word' id='word_1_132' title='bbox 2163 1297 2473 1338; x_wconf 86' lang='lat' dir='ltr'>Grammaticam</span> 
     </span>
     <span class='ocr_line' id='line_1_15' title="bbox 475 1358 2473 1411; baseline 0 -12"><span class='ocrx_word' id='word_1_133' title='bbox 475 1361 790 1406; x_wconf 86' lang='lat' dir='ltr'>Hellenisticam‚</span> <span class='ocrx_word' id='word_1_134' title='bbox 820 1359 1012 1410; x_wconf 91' lang='lat' dir='ltr'>optimam</span> <span class='ocrx_word' id='word_1_135' title='bbox 1041 1358 1148 1398; x_wconf 90' lang='lat' dir='ltr'>illam</span> <span class='ocrx_word' id='word_1_136' title='bbox 1177 1358 1353 1410; x_wconf 88' lang='lat' dir='ltr'>quidem,</span> <span class='ocrx_word' id='word_1_137' title='bbox 1383 1359 1517 1398; x_wconf 92' lang='lat' dir='ltr'>denuo</span> <span class='ocrx_word' id='word_1_138' title='bbox 1545 1358 1713 1409; x_wconf 87' lang='lat' dir='ltr'>Anglice</span> <span class='ocrx_word' id='word_1_139' title='bbox 1741 1358 1925 1406; x_wconf 86' lang='lat' dir='ltr'>reddidit,</span> <span class='ocrx_word' id='word_1_140' title='bbox 1956 1360 2036 1398; x_wconf 89' lang='lat' dir='ltr'>suis</span> <span class='ocrx_word' id='word_1_141' title='bbox 2068 1361 2315 1411; x_wconf 89' lang='lat' dir='ltr'>aliorumque</span> <span class='ocrx_word' id='word_1_142' title='bbox 2347 1358 2473 1410; x_wconf 90' lang='lat' dir='ltr'>copiis</span> 
     </span>
     <span class='ocr_line' id='line_1_16' title="bbox 472 1418 2474 1472; baseline -0 -11"><span class='ocrx_word' id='word_1_143' title='bbox 472 1422 590 1471; x_wconf 85' lang='lat' dir='ltr'>auxit,</span> <span class='ocrx_word' id='word_1_144' title='bbox 629 1421 699 1461; x_wconf 91' lang='lat' dir='ltr'>uni</span> <span class='ocrx_word' id='word_1_145' title='bbox 736 1420 910 1471; x_wconf 92' lang='lat' dir='ltr'>denique</span> <span class='ocrx_word' id='word_1_146' title='bbox 947 1431 995 1459; x_wconf 86' lang='lat' dir='ltr'>ex</span> <span class='ocrx_word' id='word_1_147' title='bbox 1032 1419 1229 1472; x_wconf 90' lang='lat' dir='ltr'>episcopis</span> <span class='ocrx_word' id='word_1_148' title='bbox 1268 1419 1471 1459; x_wconf 89' lang='lat' dir='ltr'>Ecclesiae</span> <span class='ocrx_word' id='word_1_149' title='bbox 1513 1418 1758 1470; x_wconf 88' lang='lat' dir='ltr'>Anglicanae</span> <span class='ocrx_word' id='word_1_150' title='bbox 1795 1419 2040 1459; x_wconf 89' lang='lat' dir='ltr'>Wesleianus</span> <span class='ocrx_word' id='word_1_151' title='bbox 2081 1420 2294 1470; x_wconf 90' lang='lat' dir='ltr'>dedicavit,</span> <span class='ocrx_word' id='word_1_152' title='bbox 2330 1419 2474 1472; x_wconf 86' lang='lat' dir='ltr'>pignus</span> 
     </span>
     <span class='ocr_line' id='line_1_17' title="bbox 473 1479 2475 1534; baseline -0.001 -10"><span class='ocrx_word' id='word_1_153' title='bbox 473 1483 712 1524; x_wconf 88' lang='lat' dir='ltr'>concordiae</span> <span class='ocrx_word' id='word_1_154' title='bbox 740 1495 830 1522; x_wconf 90' lang='lat' dir='ltr'>vere</span> <span class='ocrx_word' id='word_1_155' title='bbox 858 1480 1116 1522; x_wconf 88' lang='lat' dir='ltr'>Christianae.</span> <span class='ocrx_word' id='word_1_156' title='bbox 1177 1482 1286 1529; x_wconf 88' lang='lat' dir='ltr'>Mox,</span> <span class='ocrx_word' id='word_1_157' title='bbox 1314 1482 1458 1521; x_wconf 90' lang='lat' dir='ltr'>eodem</span> <span class='ocrx_word' id='word_1_158' title='bbox 1487 1480 1677 1532; x_wconf 91' lang='lat' dir='ltr'>episcopo</span> <span class='ocrx_word' id='word_1_159' title='bbox 1705 1479 1895 1532; x_wconf 90' lang='lat' dir='ltr'>praeside,</span> <span class='ocrx_word' id='word_1_160' title='bbox 1918 1480 1993 1520; x_wconf 92' lang='lat' dir='ltr'>illis</span> <span class='ocrx_word' id='word_1_161' title='bbox 2022 1488 2082 1521; x_wconf 92' lang='lat' dir='ltr'>est</span> <span class='ocrx_word' id='word_1_162' title='bbox 2105 1482 2308 1533; x_wconf 82' lang='lat' dir='ltr'>ascriptus,</span> <span class='ocrx_word' id='word_1_163' title='bbox 2329 1481 2475 1534; x_wconf 81' lang='lat' dir='ltr'>quibus</span> 
     </span>
     <span class='ocr_line' id='line_1_18' title="bbox 474 1542 2476 1597; baseline 0 -13"><span class='ocrx_word' id='word_1_164' title='bbox 474 1558 568 1584; x_wconf 89' lang='lat' dir='ltr'>cura</span> <span class='ocrx_word' id='word_1_165' title='bbox 586 1545 712 1597; x_wconf 89' lang='lat' dir='ltr'>gravis</span> <span class='ocrx_word' id='word_1_166' title='bbox 732 1545 920 1584; x_wconf 90' lang='lat' dir='ltr'>mandata</span> <span class='ocrx_word' id='word_1_167' title='bbox 939 1550 998 1583; x_wconf 92' lang='lat' dir='ltr'>est</span> <span class='ocrx_word' id='word_1_168' title='bbox 1017 1542 1265 1583; x_wconf 90' lang='lat' dir='ltr'>Testamenti</span> <span class='ocrx_word' id='word_1_169' title='bbox 1280 1542 1386 1582; x_wconf 90' lang='lat' dir='ltr'>Novi</span> <span class='ocrx_word' id='word_1_170' title='bbox 1405 1550 1580 1582; x_wconf 90' lang='lat' dir='ltr'>nostram</span> <span class='ocrx_word' id='word_1_171' title='bbox 1599 1542 1640 1581; x_wconf 90' lang='lat' dir='ltr'>in</span> <span class='ocrx_word' id='word_1_172' title='bbox 1656 1543 1830 1594; x_wconf 88' lang='lat' dir='ltr'>linguam</span> <span class='ocrx_word' id='word_1_173' title='bbox 1845 1542 2094 1582; x_wconf 89' lang='lat' dir='ltr'>emendatius</span> <span class='ocrx_word' id='word_1_174' title='bbox 2109 1544 2329 1593; x_wconf 69' lang='lat' dir='ltr'>reddendi,</span> <span class='ocrx_word' id='word_1_175' title='bbox 2355 1550 2476 1596; x_wconf 87' lang='lat' dir='ltr'>atque</span> 
     </span>
     <span class='ocr_line' id='line_1_19' title="bbox 474 1604 2474 1660; baseline 0.001 -14"><span class='ocrx_word' id='word_1_176' title='bbox 474 1607 575 1648; x_wconf 91' lang='lat' dir='ltr'>intra</span> <span class='ocrx_word' id='word_1_177' title='bbox 600 1610 673 1648; x_wconf 92' lang='lat' dir='ltr'>hos</span> <span class='ocrx_word' id='word_1_178' title='bbox 699 1620 849 1660; x_wconf 91' lang='lat' dir='ltr'>paucos</span> <span class='ocrx_word' id='word_1_179' title='bbox 875 1606 960 1646; x_wconf 90' lang='lat' dir='ltr'>dies</span> <span class='ocrx_word' id='word_1_180' title='bbox 985 1605 1107 1657; x_wconf 91' lang='lat' dir='ltr'>(iuvat</span> <span class='ocrx_word' id='word_1_181' title='bbox 1136 1604 1349 1657; x_wconf 90' lang='lat' dir='ltr'>recordari)</span> <span class='ocrx_word' id='word_1_182' title='bbox 1369 1605 1600 1656; x_wconf 90' lang='lat' dir='ltr'>interpretes</span> <span class='ocrx_word' id='word_1_183' title='bbox 1623 1605 1690 1655; x_wconf 91' lang='lat' dir='ltr'>illi,</span> <span class='ocrx_word' id='word_1_184' title='bbox 1712 1613 1798 1646; x_wconf 93' lang='lat' dir='ltr'>toto</span> <span class='ocrx_word' id='word_1_185' title='bbox 1823 1605 1968 1646; x_wconf 91' lang='lat' dir='ltr'>laboris</span> <span class='ocrx_word' id='word_1_186' title='bbox 1992 1608 2120 1658; x_wconf 87' lang='lat' dir='ltr'>spatio</span> <span class='ocrx_word' id='word_1_187' title='bbox 2145 1608 2269 1648; x_wconf 92' lang='lat' dir='ltr'>semel</span> <span class='ocrx_word' id='word_1_188' title='bbox 2294 1609 2474 1657; x_wconf 88' lang='lat' dir='ltr'>decurso,</span> 
     </span>
     <span class='ocr_line' id='line_1_20' title="bbox 476 1668 2475 1723; baseline 0.002 -14"><span class='ocrx_word' id='word_1_189' title='bbox 476 1684 583 1711; x_wconf 90' lang='lat' dir='ltr'>nunc</span> <span class='ocrx_word' id='word_1_190' title='bbox 615 1671 787 1723; x_wconf 90' lang='lat' dir='ltr'>primum</span> <span class='ocrx_word' id='word_1_191' title='bbox 819 1676 1082 1721; x_wconf 88' lang='lat' dir='ltr'>pervenerunt</span> <span class='ocrx_word' id='word_1_192' title='bbox 1110 1668 1370 1720; x_wconf 89' lang='lat' dir='ltr'>‘praescripta</span> <span class='ocrx_word' id='word_1_193' title='bbox 1401 1669 1454 1708; x_wconf 90' lang='lat' dir='ltr'>ad</span> <span class='ocrx_word' id='word_1_194' title='bbox 1491 1668 1663 1708; x_wconf 89' lang='lat' dir='ltr'>candida</span> <span class='ocrx_word' id='word_1_195' title='bbox 1700 1668 1819 1708; x_wconf 90' lang='lat' dir='ltr'>caleis</span> <span class='ocrx_word' id='word_1_196' title='bbox 1834 1669 1872 1716; x_wconf 83' lang='lat'>&#39;³,</span> <span class='ocrx_word' id='word_1_197' title='bbox 1909 1668 1977 1708; x_wconf 91' lang='lat' dir='ltr'>ubi</span> <span class='ocrx_word' id='word_1_198' title='bbox 2014 1669 2194 1710; x_wconf 86' lang='lat' dir='ltr'>caelestis</span> <span class='ocrx_word' id='word_1_199' title='bbox 2231 1670 2296 1711; x_wconf 91' lang='lat' dir='ltr'>ille</span> <span class='ocrx_word' id='word_1_200' title='bbox 2333 1671 2475 1712; x_wconf 90' lang='lat' dir='ltr'>fluvius</span> 
     </span>
     <span class='ocr_line' id='line_1_21' title="bbox 475 1729 2476 1783; baseline 0 -11"><span class='ocrx_word' id='word_1_201' title='bbox 475 1732 720 1781; x_wconf 91' lang='lat' dir='ltr'>describitur,</span> <span class='ocrx_word' id='word_1_202' title='bbox 745 1739 950 1782; x_wconf 91' lang='lat' dir='ltr'>tamquam</span> <span class='ocrx_word' id='word_1_203' title='bbox 976 1731 1201 1782; x_wconf 91' lang='lat' dir='ltr'>crystallum</span> <span class='ocrx_word' id='word_1_204' title='bbox 1227 1729 1471 1781; x_wconf 85' lang='lat' dir='ltr'>splendidus.</span> <span class='ocrx_word' id='word_1_205' title='bbox 1530 1731 1644 1779; x_wconf 88' lang='lat' dir='ltr'>Quos</span> <span class='ocrx_word' id='word_1_206' title='bbox 1670 1729 1771 1770; x_wconf 90' lang='lat' dir='ltr'>inter</span> <span class='ocrx_word' id='word_1_207' title='bbox 1795 1730 1961 1780; x_wconf 93' lang='lat' dir='ltr'>labores,</span> <span class='ocrx_word' id='word_1_208' title='bbox 1983 1744 2226 1783; x_wconf 91' lang='lat' dir='ltr'>quamquam</span> <span class='ocrx_word' id='word_1_209' title='bbox 2252 1731 2309 1772; x_wconf 90' lang='lat' dir='ltr'>vir</span> <span class='ocrx_word' id='word_1_210' title='bbox 2333 1732 2399 1773; x_wconf 90' lang='lat' dir='ltr'>hic</span> <span class='ocrx_word' id='word_1_211' title='bbox 2424 1734 2476 1773; x_wconf 86' lang='lat' dir='ltr'>ad</span> 
     </span>
     <span class='ocr_line' id='line_1_22' title="bbox 476 1792 2476 1845; baseline -0.001 -9"><span class='ocrx_word' id='word_1_212' title='bbox 476 1797 647 1836; x_wconf 84' lang='lat' dir='ltr'>Carnum</span> <span class='ocrx_word' id='word_1_213' title='bbox 667 1802 846 1835; x_wconf 90' lang='lat' dir='ltr'>nostrum</span> <span class='ocrx_word' id='word_1_214' title='bbox 866 1808 888 1834; x_wconf 91' lang='lat' dir='ltr'>e</span> <span class='ocrx_word' id='word_1_215' title='bbox 907 1793 1117 1833; x_wconf 90' lang='lat' dir='ltr'>Thamesis</span> <span class='ocrx_word' id='word_1_216' title='bbox 1137 1793 1220 1845; x_wconf 88' lang='lat' dir='ltr'>ripa</span> <span class='ocrx_word' id='word_1_217' title='bbox 1239 1792 1382 1832; x_wconf 91' lang='lat' dir='ltr'>missus</span> <span class='ocrx_word' id='word_1_218' title='bbox 1402 1799 1472 1839; x_wconf 92' lang='lat' dir='ltr'>est,</span> <span class='ocrx_word' id='word_1_219' title='bbox 1489 1793 1649 1832; x_wconf 91' lang='lat' dir='ltr'>scholae</span> <span class='ocrx_word' id='word_1_220' title='bbox 1667 1792 1914 1844; x_wconf 90' lang='lat' dir='ltr'>praepositus</span> <span class='ocrx_word' id='word_1_221' title='bbox 1934 1793 2179 1833; x_wconf 89' lang='lat' dir='ltr'>Wesleianae</span> <span class='ocrx_word' id='word_1_222' title='bbox 2197 1794 2239 1833; x_wconf 92' lang='lat' dir='ltr'>in</span> <span class='ocrx_word' id='word_1_223' title='bbox 2258 1794 2333 1835; x_wconf 93' lang='lat' dir='ltr'>illis</span> <span class='ocrx_word' id='word_1_224' title='bbox 2352 1795 2476 1835; x_wconf 89' lang='lat' dir='ltr'>hortis</span> 
     </span>
     <span class='ocr_line' id='line_1_23' title="bbox 475 1853 2475 1907; baseline 0 -10"><span class='ocrx_word' id='word_1_225' title='bbox 475 1857 714 1897; x_wconf 89' lang='lat' dir='ltr'>constitutae</span> <span class='ocrx_word' id='word_1_226' title='bbox 760 1857 869 1896; x_wconf 90' lang='lat' dir='ltr'>unde</span> <span class='ocrx_word' id='word_1_227' title='bbox 922 1855 1136 1895; x_wconf 91' lang='lat' dir='ltr'>dicesserat</span> <span class='ocrx_word' id='word_1_228' title='bbox 1182 1853 1440 1906; x_wconf 88' lang='lat' dir='ltr'>Asclepiades</span> <span class='ocrx_word' id='word_1_229' title='bbox 1486 1853 1551 1893; x_wconf 92' lang='lat' dir='ltr'>ille</span> <span class='ocrx_word' id='word_1_230' title='bbox 1597 1861 1742 1902; x_wconf 91' lang='lat' dir='ltr'>noster,</span> <span class='ocrx_word' id='word_1_231' title='bbox 1790 1854 2036 1894; x_wconf 87' lang='lat' dir='ltr'>medicorum</span> <span class='ocrx_word' id='word_1_232' title='bbox 2082 1856 2452 1907; x_wconf 81' lang='lat' dir='ltr'>eloquentissimus⁴</span> <span class='ocrx_word' id='word_1_233' title='bbox 2463 1871 2475 1906; x_wconf 68' lang='grc' dir='ltr'><strong><em>ς</em></strong></span> 
     </span>
     <span class='ocr_line' id='line_1_24' title="bbox 475 1916 2477 1970; baseline -0 -10"><span class='ocrx_word' id='word_1_234' title='bbox 475 1919 710 1960; x_wconf 90' lang='lat' dir='ltr'>crediderim</span> <span class='ocrx_word' id='word_1_235' title='bbox 735 1927 869 1959; x_wconf 88' lang='lat' dir='ltr'>tamen</span> <span class='ocrx_word' id='word_1_236' title='bbox 895 1930 1200 1969; x_wconf 90' lang='lat' dir='ltr'>nonnumquam</span> <span class='ocrx_word' id='word_1_237' title='bbox 1228 1924 1321 1956; x_wconf 90' lang='lat' dir='ltr'>ante</span> <span class='ocrx_word' id='word_1_238' title='bbox 1349 1917 1487 1956; x_wconf 92' lang='lat' dir='ltr'>oculos</span> <span class='ocrx_word' id='word_1_239' title='bbox 1515 1916 1632 1956; x_wconf 90' lang='lat' dir='ltr'>huius</span> <span class='ocrx_word' id='word_1_240' title='bbox 1662 1916 1872 1966; x_wconf 90' lang='lat' dir='ltr'>obversari,</span> <span class='ocrx_word' id='word_1_241' title='bbox 1901 1930 1982 1955; x_wconf 91' lang='lat' dir='ltr'>non</span> <span class='ocrx_word' id='word_1_242' title='bbox 2009 1917 2138 1956; x_wconf 90' lang='lat' dir='ltr'>solum</span> <span class='ocrx_word' id='word_1_243' title='bbox 2165 1919 2333 1970; x_wconf 70' lang='lat' dir='ltr'>‚Collegii</span> <span class='ocrx_word' id='word_1_244' title='bbox 2356 1919 2477 1959; x_wconf 88' lang='lat' dir='ltr'>Rich-</span> 
     </span>
     <span class='ocr_line' id='line_1_25' title="bbox 476 1977 2475 2032; baseline 0 -11"><span class='ocrx_word' id='word_1_245' title='bbox 476 1981 683 2022; x_wconf 90' lang='lat' dir='ltr'>mondiani</span> <span class='ocrx_word' id='word_1_246' title='bbox 709 1980 935 2032; x_wconf 88' lang='lat' dir='ltr'>imaginem,</span> <span class='ocrx_word' id='word_1_247' title='bbox 966 1979 1188 2019; x_wconf 89' lang='lat' dir='ltr'>studiorum</span> <span class='ocrx_word' id='word_1_248' title='bbox 1217 1991 1379 2018; x_wconf 90' lang='lat' dir='ltr'>suorum</span> <span class='ocrx_word' id='word_1_249' title='bbox 1408 1977 1694 2029; x_wconf 89' lang='lat' dir='ltr'>septemdecim</span> <span class='ocrx_word' id='word_1_250' title='bbox 1722 1991 1849 2018; x_wconf 88' lang='lat' dir='ltr'>annos</span> <span class='ocrx_word' id='word_1_251' title='bbox 1877 1977 2037 2026; x_wconf 92' lang='lat' dir='ltr'>conscii,</span> <span class='ocrx_word' id='word_1_252' title='bbox 2069 1979 2141 2019; x_wconf 92' lang='lat' dir='ltr'>sed</span> <span class='ocrx_word' id='word_1_253' title='bbox 2166 1980 2475 2031; x_wconf 89' lang='lat' dir='ltr'>pulcherrimum</span> 
     </span>
     <span class='ocr_line' id='line_1_26' title="bbox 475 2040 2477 2095; baseline 0 -12"><span class='ocrx_word' id='word_1_254' title='bbox 475 2043 586 2084; x_wconf 91' lang='lat' dir='ltr'>illum</span> <span class='ocrx_word' id='word_1_255' title='bbox 614 2057 637 2084; x_wconf 94' lang='lat' dir='ltr'>e</span> <span class='ocrx_word' id='word_1_256' title='bbox 665 2043 796 2083; x_wconf 87' lang='lat' dir='ltr'>vicino</span> <span class='ocrx_word' id='word_1_257' title='bbox 824 2043 943 2083; x_wconf 88' lang='lat' dir='ltr'>etiam</span> <span class='ocrx_word' id='word_1_258' title='bbox 972 2043 1074 2081; x_wconf 91' lang='lat' dir='ltr'>colle</span> <span class='ocrx_word' id='word_1_259' title='bbox 1101 2048 1366 2093; x_wconf 90' lang='lat' dir='ltr'>prospectum,</span> <span class='ocrx_word' id='word_1_260' title='bbox 1389 2040 1458 2080; x_wconf 94' lang='lat' dir='ltr'>ubi</span> <span class='ocrx_word' id='word_1_261' title='bbox 1487 2040 1653 2080; x_wconf 92' lang='lat' dir='ltr'>volvitur</span> <span class='ocrx_word' id='word_1_262' title='bbox 1680 2053 1802 2092; x_wconf 91' lang='lat' dir='ltr'>purus</span> <span class='ocrx_word' id='word_1_263' title='bbox 1829 2042 1963 2081; x_wconf 91' lang='lat' dir='ltr'>adhuc</span> <span class='ocrx_word' id='word_1_264' title='bbox 1987 2041 2208 2092; x_wconf 89' lang='lat' dir='ltr'>Thamesis,</span> <span class='ocrx_word' id='word_1_265' title='bbox 2229 2056 2311 2083; x_wconf 89' lang='lat' dir='ltr'>non</span> <span class='ocrx_word' id='word_1_266' title='bbox 2334 2049 2477 2095; x_wconf 69' lang='lat' dir='ltr'>poetae</span> 
     </span>
     <span class='ocr_line' id='line_1_27' title="bbox 478 2103 2476 2158; baseline 0.001 -12"><span class='ocrx_word' id='word_1_267' title='bbox 478 2108 601 2146; x_wconf 91' lang='lat' dir='ltr'>modo</span> <span class='ocrx_word' id='word_1_268' title='bbox 626 2113 914 2158; x_wconf 88' lang='lat' dir='ltr'>argumentum,</span> <span class='ocrx_word' id='word_1_269' title='bbox 937 2105 1008 2144; x_wconf 90' lang='lat' dir='ltr'>sed</span> <span class='ocrx_word' id='word_1_270' title='bbox 1027 2103 1259 2144; x_wconf 90' lang='lat' dir='ltr'>doctissimo</span> <span class='ocrx_word' id='word_1_271' title='bbox 1278 2103 1422 2154; x_wconf 91' lang='lat' dir='ltr'>cuique</span> <span class='ocrx_word' id='word_1_272' title='bbox 1442 2105 1939 2155; x_wconf 88' lang='lat' dir='ltr'>exemplar‚—tranquillus</span> <span class='ocrx_word' id='word_1_273' title='bbox 1958 2104 2024 2144; x_wconf 93' lang='lat' dir='ltr'>ille</span> <span class='ocrx_word' id='word_1_274' title='bbox 2047 2104 2209 2156; x_wconf 90' lang='lat' dir='ltr'>quidem</span> <span class='ocrx_word' id='word_1_275' title='bbox 2231 2106 2371 2154; x_wconf 89' lang='lat' dir='ltr'>amnis,</span> <span class='ocrx_word' id='word_1_276' title='bbox 2393 2120 2476 2147; x_wconf 89' lang='lat' dir='ltr'>non</span> 
     </span>
     <span class='ocr_line' id='line_1_28' title="bbox 475 2166 2476 2220; baseline 0 -11"><span class='ocrx_word' id='word_1_277' title='bbox 475 2170 610 2209; x_wconf 90' lang='lat' dir='ltr'>tardus</span> <span class='ocrx_word' id='word_1_278' title='bbox 643 2177 802 2217; x_wconf 81' lang='lat' dir='ltr'>tamen3</span> <span class='ocrx_word' id='word_1_279' title='bbox 839 2168 1060 2219; x_wconf 88' lang='lat' dir='ltr'>profundus</span> <span class='ocrx_word' id='word_1_280' title='bbox 1099 2168 1169 2206; x_wconf 91' lang='lat' dir='ltr'>sed</span> <span class='ocrx_word' id='word_1_281' title='bbox 1205 2166 1427 2218; x_wconf 90' lang='lat' dir='ltr'>pellucidus</span> <span class='ocrx_word' id='word_1_282' title='bbox 1460 2166 1599 2206; x_wconf 82' lang='lat' dir='ltr'>idem⁵.</span> <span class='ocrx_word' id='word_1_283' title='bbox 1656 2166 1814 2206; x_wconf 89' lang='lat' dir='ltr'>Talium</span> <span class='ocrx_word' id='word_1_284' title='bbox 1853 2175 1958 2207; x_wconf 92' lang='lat' dir='ltr'>certe</span> <span class='ocrx_word' id='word_1_285' title='bbox 1990 2176 2303 2220; x_wconf 89' lang='lat' dir='ltr'>praeceptorum,</span> <span class='ocrx_word' id='word_1_286' title='bbox 2337 2169 2476 2210; x_wconf 89' lang='lat' dir='ltr'>talium</span> 
     </span>
     <span class='ocr_line' id='line_1_29' title="bbox 476 2227 1912 2283; baseline -0.002 -12"><span class='ocrx_word' id='word_1_287' title='bbox 476 2230 733 2283; x_wconf 86' lang='lat' dir='ltr'>interpretum</span> <span class='ocrx_word' id='word_1_288' title='bbox 763 2231 805 2269; x_wconf 88' lang='lat' dir='ltr'>in</span> <span class='ocrx_word' id='word_1_289' title='bbox 833 2229 1025 2268; x_wconf 89' lang='lat' dir='ltr'>memoria</span> <span class='ocrx_word' id='word_1_290' title='bbox 1051 2227 1228 2268; x_wconf 91' lang='lat' dir='ltr'>haerebit</span> <span class='ocrx_word' id='word_1_291' title='bbox 1256 2241 1411 2279; x_wconf 91' lang='lat' dir='ltr'>semper</span> <span class='ocrx_word' id='word_1_292' title='bbox 1440 2227 1707 2267; x_wconf 90' lang='lat' dir='ltr'>Horatianum</span> <span class='ocrx_word' id='word_1_293' title='bbox 1736 2228 1833 2268; x_wconf 92' lang='lat' dir='ltr'>illud</span> <span class='ocrx_word' id='word_1_294' title='bbox 1848 2244 1912 2268; x_wconf 87' lang='lat'>:—</span> 
     </span>
    </p>
   </div>
   <div class='ocr_carea' id='block_1_5' title="bbox 880 2288 2025 2611">
    <p class='ocr_par' dir='ltr' id='par_1_5' title="bbox 880 2288 2025 2611">
     <span class='ocr_line' id='line_1_30' title="bbox 880 2288 1936 2339; baseline 0.001 -11"><span class='ocrx_word' id='word_1_295' title='bbox 880 2291 996 2329; x_wconf 89' lang='lat' dir='ltr'>‘cum</span> <span class='ocrx_word' id='word_1_296' title='bbox 1026 2289 1170 2329; x_wconf 89' lang='lat' dir='ltr'>tabulis</span> <span class='ocrx_word' id='word_1_297' title='bbox 1197 2288 1375 2328; x_wconf 89' lang='lat' dir='ltr'>animum</span> <span class='ocrx_word' id='word_1_298' title='bbox 1404 2289 1578 2329; x_wconf 91' lang='lat' dir='ltr'>censoris</span> <span class='ocrx_word' id='word_1_299' title='bbox 1606 2297 1736 2329; x_wconf 92' lang='lat' dir='ltr'>sumet</span> <span class='ocrx_word' id='word_1_300' title='bbox 1764 2289 1936 2339; x_wconf 91' lang='lat' dir='ltr'>honesti,</span> 
     </span>
     <span class='ocr_line' id='line_1_31' title="bbox 905 2342 2025 2394; baseline 0.001 -11"><span class='ocrx_word' id='word_1_301' title='bbox 905 2343 1080 2392; x_wconf 91' lang='lat' dir='ltr'>audebit,</span> <span class='ocrx_word' id='word_1_302' title='bbox 1111 2356 1373 2394; x_wconf 90' lang='lat' dir='ltr'>quaecunque</span> <span class='ocrx_word' id='word_1_303' title='bbox 1402 2356 1541 2394; x_wconf 92' lang='lat' dir='ltr'>parum</span> <span class='ocrx_word' id='word_1_304' title='bbox 1569 2342 1790 2394; x_wconf 89' lang='lat' dir='ltr'>splendoris</span> <span class='ocrx_word' id='word_1_305' title='bbox 1819 2344 2025 2384; x_wconf 90' lang='lat' dir='ltr'>habebunt</span> 
     </span>
     <span class='ocr_line' id='line_1_32' title="bbox 906 2396 1967 2448; baseline 0.002 -12"><span class='ocrx_word' id='word_1_306' title='bbox 906 2398 1035 2445; x_wconf 89' lang='lat' dir='ltr'>verba,</span> <span class='ocrx_word' id='word_1_307' title='bbox 1068 2410 1226 2437; x_wconf 91' lang='lat' dir='ltr'>movere</span> <span class='ocrx_word' id='word_1_308' title='bbox 1254 2398 1344 2436; x_wconf 94' lang='lat' dir='ltr'>loco</span> <span class='ocrx_word' id='word_1_309' title='bbox 1372 2396 1552 2448; x_wconf 90' lang='lat' dir='ltr'>quamvis</span> <span class='ocrx_word' id='word_1_310' title='bbox 1580 2396 1703 2436; x_wconf 87' lang='lat' dir='ltr'>invita</span> <span class='ocrx_word' id='word_1_311' title='bbox 1730 2398 1967 2438; x_wconf 58' lang='lat' dir='ltr'>recedantm</span> 
     </span>
     <span class='ocr_line' id='line_1_33' title="bbox 905 2450 1943 2502; baseline 0.001 -12"><span class='ocrx_word' id='word_1_312' title='bbox 905 2451 1101 2492; x_wconf 87' lang='lat' dir='ltr'>adsciscet</span> <span class='ocrx_word' id='word_1_313' title='bbox 1128 2464 1242 2500; x_wconf 91' lang='lat' dir='ltr'>nova,</span> <span class='ocrx_word' id='word_1_314' title='bbox 1273 2464 1375 2502; x_wconf 90' lang='lat' dir='ltr'>quae</span> <span class='ocrx_word' id='word_1_315' title='bbox 1402 2451 1556 2502; x_wconf 90' lang='lat' dir='ltr'>genitor</span> <span class='ocrx_word' id='word_1_316' title='bbox 1583 2450 1812 2502; x_wconf 87' lang='lat' dir='ltr'>produxerit</span> <span class='ocrx_word' id='word_1_317' title='bbox 1839 2465 1943 2491; x_wconf 89' lang='lat' dir='ltr'>usus.</span> 
     </span>
     <span class='ocr_line' id='line_1_34' title="bbox 906 2504 1932 2557; baseline 0 -12"><span class='ocrx_word' id='word_1_318' title='bbox 906 2518 1069 2545; x_wconf 90' lang='lat' dir='ltr'>vemens</span> <span class='ocrx_word' id='word_1_319' title='bbox 1097 2513 1136 2545; x_wconf 91' lang='lat' dir='ltr'>et</span> <span class='ocrx_word' id='word_1_320' title='bbox 1164 2504 1339 2556; x_wconf 91' lang='lat' dir='ltr'>liquidus</span> <span class='ocrx_word' id='word_1_321' title='bbox 1366 2518 1546 2557; x_wconf 92' lang='lat' dir='ltr'>puroque</span> <span class='ocrx_word' id='word_1_322' title='bbox 1574 2504 1795 2545; x_wconf 91' lang='lat' dir='ltr'>simillimus</span> <span class='ocrx_word' id='word_1_323' title='bbox 1822 2506 1932 2545; x_wconf 85' lang='lat' dir='ltr'>amni</span> 
     </span>
     <span class='ocr_line' id='line_1_35' title="bbox 907 2560 1229 2611; baseline 0 -12"><span class='ocrx_word' id='word_1_324' title='bbox 907 2560 1048 2599; x_wconf 91' lang='lat' dir='ltr'>fundet</span> <span class='ocrx_word' id='word_1_325' title='bbox 1075 2560 1229 2611; x_wconf 82' lang='lat' dir='ltr'>opes&#39;⁶.</span> 
     </span>
    </p>
   </div>
   <div class='ocr_carea' id='block_1_6' title="bbox 584 2624 1380 2665">
    <p class='ocr_par' dir='ltr' id='par_1_6' title="bbox 584 2624 1380 2665">
     <span class='ocr_line' id='line_1_36' title="bbox 584 2624 1380 2665; baseline -0.004 0"><span class='ocrx_word' id='word_1_326' title='bbox 584 2627 702 2665; x_wconf 94' lang='lat' dir='ltr'>Duco</span> <span class='ocrx_word' id='word_1_327' title='bbox 720 2625 774 2664; x_wconf 88' lang='lat' dir='ltr'>ad</span> <span class='ocrx_word' id='word_1_328' title='bbox 792 2636 863 2663; x_wconf 91' lang='lat' dir='ltr'>vos</span> <span class='ocrx_word' id='word_1_329' title='bbox 882 2624 1129 2662; x_wconf 84' lang='lat' dir='ltr'>WILELMUM</span> <span class='ocrx_word' id='word_1_330' title='bbox 1151 2624 1380 2662; x_wconf 69' lang='lat' dir='ltr'>Moumon.</span> 
     </span>
    </p>
   </div>
   <div class='ocr_carea' id='block_1_7' title="bbox 474 2693 2482 3170">
    <p class='ocr_par' dir='ltr' id='par_1_7' title="bbox 474 2693 2482 3170">
     <span class='ocr_line' id='line_1_37' title="bbox 562 2693 2482 2740; baseline -0.002 -9"><span class='ocrx_word' id='word_1_331' title='bbox 562 2696 573 2717; x_wconf 82' lang='lat'>¹</span> <span class='ocrx_word' id='word_1_332' title='bbox 596 2697 780 2740; x_wconf 87' lang='lat' dir='ltr'>Composer</span> <span class='ocrx_word' id='word_1_333' title='bbox 798 2696 837 2728; x_wconf 91' lang='lat' dir='ltr'>of</span> <span class='ocrx_word' id='word_1_334' title='bbox 852 2696 909 2729; x_wconf 89' lang='lat' dir='ltr'>the</span> <span class='ocrx_word' id='word_1_335' title='bbox 924 2695 1174 2728; x_wconf 77' lang='lat' dir='ltr'>Schicksalslied</span> <span class='ocrx_word' id='word_1_336' title='bbox 1187 2693 1293 2738; x_wconf 89' lang='lat' dir='ltr'>(Song</span> <span class='ocrx_word' id='word_1_337' title='bbox 1308 2695 1346 2727; x_wconf 85' lang='lat' dir='ltr'>of</span> <span class='ocrx_word' id='word_1_338' title='bbox 1363 2693 1529 2737; x_wconf 86' lang='lat' dir='ltr'>Destiny)‚</span> <span class='ocrx_word' id='word_1_339' title='bbox 1551 2695 1586 2726; x_wconf 87' lang='lat' dir='ltr'><em>T</em></span> <span class='ocrx_word' id='word_1_340' title='bbox 1579 2694 1783 2737; x_wconf 60' lang='lat' dir='ltr'>dumphlied</span> <span class='ocrx_word' id='word_1_341' title='bbox 1792 2695 1857 2726; x_wconf 90' lang='lat' dir='ltr'>and</span> <span class='ocrx_word' id='word_1_342' title='bbox 1873 2695 2053 2728; x_wconf 80' lang='lat' dir='ltr'>Deutsches</span> <span class='ocrx_word' id='word_1_343' title='bbox 2067 2695 2239 2737; x_wconf 79' lang='lat' dir='ltr'>Requiem.</span> <span class='ocrx_word' id='word_1_344' title='bbox 2284 2696 2317 2728; x_wconf 82' lang='lat' dir='ltr'>A</span> <span class='ocrx_word' id='word_1_345' title='bbox 2330 2706 2427 2738; x_wconf 80' lang='lat' dir='ltr'>grace</span> <span class='ocrx_word' id='word_1_346' title='bbox 2443 2695 2482 2728; x_wconf 84' lang='lat' dir='ltr'>of</span> 
     </span>
     <span class='ocr_line' id='line_1_38' title="bbox 474 2738 2477 2783; baseline -0.001 -9"><span class='ocrx_word' id='word_1_347' title='bbox 474 2741 531 2774; x_wconf 90' lang='lat' dir='ltr'>the</span> <span class='ocrx_word' id='word_1_348' title='bbox 552 2741 685 2779; x_wconf 86' lang='lat' dir='ltr'>Senate,</span> <span class='ocrx_word' id='word_1_349' title='bbox 702 2740 884 2783; x_wconf 87' lang='lat' dir='ltr'>proposing</span> <span class='ocrx_word' id='word_1_350' title='bbox 903 2745 938 2772; x_wconf 93' lang='lat' dir='ltr'>to</span> <span class='ocrx_word' id='word_1_351' title='bbox 959 2739 1071 2771; x_wconf 86' lang='lat' dir='ltr'>confer</span> <span class='ocrx_word' id='word_1_352' title='bbox 1091 2738 1147 2771; x_wconf 91' lang='lat' dir='ltr'>the</span> <span class='ocrx_word' id='word_1_353' title='bbox 1167 2739 1287 2780; x_wconf 89' lang='lat' dir='ltr'>degree</span> <span class='ocrx_word' id='word_1_354' title='bbox 1308 2738 1346 2770; x_wconf 87' lang='lat' dir='ltr'>of</span> <span class='ocrx_word' id='word_1_355' title='bbox 1365 2738 1452 2770; x_wconf 91' lang='lat' dir='ltr'>Mus.</span> <span class='ocrx_word' id='word_1_356' title='bbox 1472 2739 1556 2770; x_wconf 93' lang='lat' dir='ltr'>Doc.</span> <span class='ocrx_word' id='word_1_357' title='bbox 1576 2748 1621 2770; x_wconf 90' lang='lat' dir='ltr'>on</span> <span class='ocrx_word' id='word_1_358' title='bbox 1644 2739 1733 2770; x_wconf 85' lang='lat' dir='ltr'>Herr</span> <span class='ocrx_word' id='word_1_359' title='bbox 1748 2739 1900 2777; x_wconf 87' lang='lat' dir='ltr'>Brahms,</span> <span class='ocrx_word' id='word_1_360' title='bbox 1917 2749 1954 2770; x_wconf 90' lang='lat' dir='ltr'>as</span> <span class='ocrx_word' id='word_1_361' title='bbox 1972 2738 2047 2770; x_wconf 85' lang='lat' dir='ltr'>well</span> <span class='ocrx_word' id='word_1_362' title='bbox 2067 2748 2103 2770; x_wconf 89' lang='lat' dir='ltr'>as</span> <span class='ocrx_word' id='word_1_363' title='bbox 2125 2738 2213 2771; x_wconf 84' lang='lat' dir='ltr'>Prof.</span> <span class='ocrx_word' id='word_1_364' title='bbox 2225 2738 2390 2781; x_wconf 83' lang='lat' dir='ltr'>Joachim,</span> <span class='ocrx_word' id='word_1_365' title='bbox 2409 2749 2477 2772; x_wconf 83' lang='lat' dir='ltr'>was</span> 
     </span>
     <span class='ocr_line' id='line_1_39' title="bbox 475 2780 2476 2827; baseline -0.001 -10"><span class='ocrx_word' id='word_1_366' title='bbox 475 2785 593 2827; x_wconf 86' lang='lat' dir='ltr'>passed</span> <span class='ocrx_word' id='word_1_367' title='bbox 613 2785 650 2816; x_wconf 82' lang='lat'>18</span> <span class='ocrx_word' id='word_1_368' title='bbox 664 2785 754 2826; x_wconf 89' lang='lat' dir='ltr'>May,</span> <span class='ocrx_word' id='word_1_369' title='bbox 775 2782 866 2824; x_wconf 84' lang='lat'>1876.</span> <span class='ocrx_word' id='word_1_370' title='bbox 949 2781 963 2801; x_wconf 78' lang='lat'>²</span> <span class='ocrx_word' id='word_1_371' title='bbox 986 2783 1133 2819; x_wconf 84' lang='lat' dir='ltr'>Tzetzes,</span> <span class='ocrx_word' id='word_1_372' title='bbox 1150 2782 1324 2820; x_wconf 76' lang='lat' dir='ltr'>Chiliades,</span> <span class='ocrx_word' id='word_1_373' title='bbox 1339 2782 1482 2824; x_wconf 81' lang='lat' dir='ltr'>viii973.</span> <span class='ocrx_word' id='word_1_374' title='bbox 1567 2780 1581 2801; x_wconf 74' lang='lat'>³</span> <span class='ocrx_word' id='word_1_375' title='bbox 1604 2781 1784 2820; x_wconf 84' lang='lat' dir='ltr'>Lueretius,</span> <span class='ocrx_word' id='word_1_376' title='bbox 1800 2782 1831 2813; x_wconf 89' lang='lat' dir='ltr'>vi</span> <span class='ocrx_word' id='word_1_377' title='bbox 1844 2791 1896 2824; x_wconf 83' lang='lat'>9²·</span> <span class='ocrx_word' id='word_1_378' title='bbox 1978 2781 1993 2801; x_wconf 81' lang='lat'><strong>⁴</strong></span> <span class='ocrx_word' id='word_1_379' title='bbox 2015 2782 2056 2814; x_wconf 94' lang='lat' dir='ltr'>G.</span> <span class='ocrx_word' id='word_1_380' title='bbox 2077 2782 2127 2813; x_wconf 94' lang='lat' dir='ltr'>M.</span> <span class='ocrx_word' id='word_1_381' title='bbox 2145 2782 2335 2824; x_wconf 85' lang='lat' dir='ltr'>Humphry,</span> <span class='ocrx_word' id='word_1_382' title='bbox 2356 2782 2476 2820; x_wconf 87' lang='lat' dir='ltr'><strong>M.D.;</strong></span> 
     </span>
     <span class='ocr_line' id='line_1_40' title="bbox 477 2824 2477 2868; baseline -0.002 -7"><span class='ocrx_word' id='word_1_383' title='bbox 477 2829 605 2867; x_wconf 85' lang='lat' dir='ltr'>Cicero,</span> <span class='ocrx_word' id='word_1_384' title='bbox 627 2829 665 2860; x_wconf 81' lang='lat' dir='ltr'>de</span> <span class='ocrx_word' id='word_1_385' title='bbox 689 2829 834 2864; x_wconf 82' lang='lat' dir='ltr'>Oratore,</span> <span class='ocrx_word' id='word_1_386' title='bbox 854 2827 864 2858; x_wconf 90' lang='lat' dir='ltr'>i</span> <span class='ocrx_word' id='word_1_387' title='bbox 884 2825 937 2866; x_wconf 83' lang='lat'>62,</span> <span class='ocrx_word' id='word_1_388' title='bbox 963 2830 1086 2868; x_wconf 88' lang='lat' dir='ltr'>‘neque</span> <span class='ocrx_word' id='word_1_389' title='bbox 1107 2836 1186 2858; x_wconf 86' lang='lat' dir='ltr'>vero</span> <span class='ocrx_word' id='word_1_390' title='bbox 1209 2825 1436 2866; x_wconf 84' lang='lat' dir='ltr'>Asclepiades,</span> <span class='ocrx_word' id='word_1_391' title='bbox 1460 2825 1488 2856; x_wconf 92' lang='lat' dir='ltr'>is</span> <span class='ocrx_word' id='word_1_392' title='bbox 1508 2835 1575 2866; x_wconf 92' lang='lat' dir='ltr'>quo</span> <span class='ocrx_word' id='word_1_393' title='bbox 1595 2835 1656 2856; x_wconf 90' lang='lat' dir='ltr'>nos</span> <span class='ocrx_word' id='word_1_394' title='bbox 1676 2825 1806 2857; x_wconf 88' lang='lat' dir='ltr'>medico</span> <span class='ocrx_word' id='word_1_395' title='bbox 1825 2824 1998 2867; x_wconf 89' lang='lat' dir='ltr'>amicoque</span> <span class='ocrx_word' id='word_1_396' title='bbox 2021 2825 2070 2857; x_wconf 90' lang='lat' dir='ltr'>usi</span> <span class='ocrx_word' id='word_1_397' title='bbox 2092 2835 2214 2864; x_wconf 88' lang='lat' dir='ltr'>sumus,</span> <span class='ocrx_word' id='word_1_398' title='bbox 2236 2825 2295 2868; x_wconf 87' lang='lat' dir='ltr'>qui</span> <span class='ocrx_word' id='word_1_399' title='bbox 2317 2831 2388 2858; x_wconf 88' lang='lat' dir='ltr'>tum</span> <span class='ocrx_word' id='word_1_400' title='bbox 2410 2825 2477 2858; x_wconf 91' lang='lat' dir='ltr'>elo-</span> 
     </span>
     <span class='ocr_line' id='line_1_41' title="bbox 474 2867 2261 2945; baseline -0.002 -42"><span class='ocrx_word' id='word_1_401' title='bbox 474 2872 610 2915; x_wconf 85' lang='lat' dir='ltr'>quentia</span> <span class='ocrx_word' id='word_1_402' title='bbox 626 2871 778 2903; x_wconf 90' lang='lat' dir='ltr'>vincebat</span> <span class='ocrx_word' id='word_1_403' title='bbox 793 2868 1142 2945; x_wconf 47' lang='lat' dir='ltr'>ceteros-&#39;‘n“{ficos’liin</span> <span class='ocrx_word' id='word_1_404' title='bbox 1155 2868 1694 2944; x_wconf 50' lang='lat' dir='ltr'>Ieoflipso,l{uodhornategiceblass</span> <span class='ocrx_word' id='word_1_405' title='bbox 1706 2867 1896 2943; x_wconf 33' lang='lat' dir='ltr'>tmedicinae</span> <span class='ocrx_word' id='word_1_406' title='bbox 1910 2867 2065 2901; x_wconf 80' lang='lat' dir='ltr'>facultate</span> <span class='ocrx_word' id='word_1_407' title='bbox 2080 2868 2233 2900; x_wconf 84' lang='lat' dir='ltr'>utebatur</span> <span class='ocrx_word' id='word_1_408' title='bbox 2241 2868 2261 2900; x_wconf 90' lang='lat'>’.</span> 
     </span>
     <span class='ocr_line' id='line_1_42' title="bbox 1032 2921 1907 2947; baseline -0.001 -3"><span class='ocrx_word' id='word_1_409' title='bbox 1032 2923 1093 2944; x_wconf 92' lang='lat' dir='ltr'>cou</span> <span class='ocrx_word' id='word_1_410' title='bbox 1219 2922 1273 2944; x_wconf 87' lang='lat' dir='ltr'>ow</span> <span class='ocrx_word' id='word_1_411' title='bbox 1308 2922 1318 2943; x_wconf 90' lang='lat'>1</span> <span class='ocrx_word' id='word_1_412' title='bbox 1343 2922 1362 2943; x_wconf 93' lang='lat' dir='ltr'>e</span> <span class='ocrx_word' id='word_1_413' title='bbox 1423 2921 1472 2947; x_wconf 84' lang='lat' dir='ltr'>ee,</span> <span class='ocrx_word' id='word_1_414' title='bbox 1495 2921 1538 2943; x_wconf 92' lang='lat' dir='ltr'>an</span> <span class='ocrx_word' id='word_1_415' title='bbox 1585 2921 1640 2942; x_wconf 89' lang='lat' dir='ltr'>ma</span> <span class='ocrx_word' id='word_1_416' title='bbox 1665 2921 1683 2943; x_wconf 90' lang='lat' dir='ltr'>e</span> <span class='ocrx_word' id='word_1_417' title='bbox 1786 2922 1801 2943; x_wconf 94' lang='lat' dir='ltr'>s</span> <span class='ocrx_word' id='word_1_418' title='bbox 1818 2921 1907 2943; x_wconf 88' lang='lat' dir='ltr'>ream</span> 
     </span>
     <span class='ocr_line' id='line_1_43' title="bbox 981 2921 1764 2998; baseline -0.003 -10"><span class='ocrx_word' id='word_1_419' title='bbox 981 2956 1041 2998; x_wconf 91' lang='lat' dir='ltr'>My</span> <span class='ocrx_word' id='word_1_420' title='bbox 1063 2961 1155 2997; x_wconf 87' lang='lat' dir='ltr'>great</span> <span class='ocrx_word' id='word_1_421' title='bbox 1177 2955 1339 2996; x_wconf 89' lang='lat' dir='ltr'>example,</span> <span class='ocrx_word' id='word_1_422' title='bbox 1365 2964 1402 2986; x_wconf 88' lang='lat' dir='ltr'>as</span> <span class='ocrx_word' id='word_1_423' title='bbox 1423 2954 1448 2986; x_wconf 87' lang='lat' dir='ltr'>it</span> <span class='ocrx_word' id='word_1_424' title='bbox 1471 2953 1499 2986; x_wconf 92' lang='lat' dir='ltr'>is</span> <span class='ocrx_word' id='word_1_425' title='bbox 1520 2964 1577 2995; x_wconf 90' lang='lat' dir='ltr'>my</span> <span class='ocrx_word' id='word_1_426' title='bbox 1600 2954 1711 2986; x_wconf 84' lang='lat' dir='ltr'>theme</span> <span class='ocrx_word' id='word_1_427' title='bbox 1725 2921 1764 2986; x_wconf 73' lang='lat' dir='ltr'>ly</span> 
     </span>
     <span class='ocr_line' id='line_1_44' title="bbox 982 2996 1978 3053; baseline -0.002 -23"><span class='ocrx_word' id='word_1_428' title='bbox 982 2999 1123 3040; x_wconf 75' lang='lat' dir='ltr'>leouglt</span> <span class='ocrx_word' id='word_1_429' title='bbox 1146 2999 1229 3039; x_wconf 84' lang='lat' dir='ltr'>deep,</span> <span class='ocrx_word' id='word_1_430' title='bbox 1247 3002 1305 3039; x_wconf 82' lang='lat' dir='ltr'>yet</span> <span class='ocrx_word' id='word_1_431' title='bbox 1325 2998 1433 3030; x_wconf 82' lang='lat' dir='ltr'>clear:</span> <span class='ocrx_word' id='word_1_432' title='bbox 1454 2996 1575 3039; x_wconf 76' lang='lat' dir='ltr'>though</span> <span class='ocrx_word' id='word_1_433' title='bbox 1593 2997 1708 3053; x_wconf 50' lang='lat' dir='ltr'>gentle,</span> <span class='ocrx_word' id='word_1_434' title='bbox 1727 3001 1785 3038; x_wconf 83' lang='lat' dir='ltr'>yet</span> <span class='ocrx_word' id='word_1_435' title='bbox 1806 3001 1864 3029; x_wconf 87' lang='lat' dir='ltr'>not</span> <span class='ocrx_word' id='word_1_436' title='bbox 1883 2997 1960 3029; x_wconf 84' lang='lat' dir='ltr'>dull</span> <span class='ocrx_word' id='word_1_437' title='bbox 1960 3007 1978 3036; x_wconf 90' lang='lat'><em>;</em></span> 
     </span>
     <span class='ocr_line' id='line_1_45' title="bbox 982 3039 1909 3083; baseline -0.003 -9"><span class='ocrx_word' id='word_1_438' title='bbox 982 3041 1105 3083; x_wconf 85' lang='lat' dir='ltr'>Strong</span> <span class='ocrx_word' id='word_1_439' title='bbox 1125 3041 1266 3073; x_wconf 87' lang='lat' dir='ltr'>without</span> <span class='ocrx_word' id='word_1_440' title='bbox 1287 3051 1384 3083; x_wconf 78' lang='lat' dir='ltr'>rage3</span> <span class='ocrx_word' id='word_1_441' title='bbox 1414 3039 1556 3072; x_wconf 90' lang='lat' dir='ltr'>without</span> <span class='ocrx_word' id='word_1_442' title='bbox 1578 3040 1791 3082; x_wconf 86' lang='lat' dir='ltr'>oerflowing,</span> <span class='ocrx_word' id='word_1_443' title='bbox 1817 3040 1876 3072; x_wconf 88' lang='lat' dir='ltr'>full</span> <span class='ocrx_word' id='word_1_444' title='bbox 1889 3040 1909 3071; x_wconf 94' lang='lat'>&#39;.</span> 
     </span>
     <span class='ocr_line' id='line_1_46' title="bbox 1659 3083 2386 3128; baseline 0.003 -13"><span class='ocrx_word' id='word_1_445' title='bbox 1659 3083 1712 3116; x_wconf 88' lang='lat' dir='ltr'>Sir</span> <span class='ocrx_word' id='word_1_446' title='bbox 1724 3084 1813 3126; x_wconf 89' lang='lat' dir='ltr'>John</span> <span class='ocrx_word' id='word_1_447' title='bbox 1831 3083 1996 3121; x_wconf 83' lang='lat' dir='ltr'>Denham,</span> <span class='ocrx_word' id='word_1_448' title='bbox 2017 3084 2162 3126; x_wconf 74' lang='lat' dir='ltr'>Coeper&#39;s</span> <span class='ocrx_word' id='word_1_449' title='bbox 2176 3085 2267 3124; x_wconf 79' lang='lat' dir='ltr'><em>Hill,</em></span> <span class='ocrx_word' id='word_1_450' title='bbox 2289 3087 2350 3128; x_wconf 86' lang='lat'>189</span> <span class='ocrx_word' id='word_1_451' title='bbox 2366 3084 2386 3117; x_wconf 86' lang='lat' dir='ltr'>s.</span> 
     </span>
     <span class='ocr_line' id='line_1_47' title="bbox 564 3128 1052 3170; baseline -0.002 -9"><span class='ocrx_word' id='word_1_452' title='bbox 564 3128 578 3148; x_wconf 74' lang='lat'><strong>⁶</strong></span> <span class='ocrx_word' id='word_1_453' title='bbox 601 3130 747 3169; x_wconf 87' lang='lat' dir='ltr'>Horace,</span> <span class='ocrx_word' id='word_1_454' title='bbox 764 3130 851 3170; x_wconf 84' lang='lat' dir='ltr'>Epp.</span> <span class='ocrx_word' id='word_1_455' title='bbox 869 3128 891 3160; x_wconf 85' lang='lat' dir='ltr'>ii</span> <span class='ocrx_word' id='word_1_456' title='bbox 909 3138 938 3166; x_wconf 84' lang='lat'>2,</span> <span class='ocrx_word' id='word_1_457' title='bbox 960 3138 1020 3160; x_wconf 87' lang='lat'>110</span> <span class='ocrx_word' id='word_1_458' title='bbox 1032 3128 1052 3160; x_wconf 88' lang='lat' dir='ltr'>f.</span> 
     </span>
    </p>
   </div>
   <div class='ocr_carea' id='block_1_8' title="bbox 1467 3211 1493 3247">
    <p class='ocr_par' dir='ltr' id='par_1_8' title="bbox 1467 3211 1493 3247">
     <span class='ocr_line' id='line_1_48' title="bbox 1467 3211 1493 3247; baseline 0 -9"><span class='ocrx_word' id='word_1_459' title='bbox 1467 3211 1493 3247; x_wconf 80' lang='lat'><strong>4</strong></span> 
     </span>
    </p>
   </div>
  </div>
 </body>
</html>
