<?xml version="1.0" encoding="UTF-8"?>
<!DOCTYPE html PUBLIC "-//W3C//DTD XHTML 1.0 Transitional//EN"
    "http://www.w3.org/TR/xhtml1/DTD/xhtml1-transitional.dtd">
<html xmlns="http://www.w3.org/1999/xhtml" xml:lang="en" lang="en">
 <head>
  <title>
</title>
<meta http-equiv="Content-Type" content="text/html;charset=utf-8" />
  <meta name='ocr-system' content='tesseract 3.04.00' />
  <meta name='ocr-capabilities' content='ocr_page ocr_carea ocr_par ocr_line ocrx_word'/>
</head>
<body>
  <div class='ocr_page' id='page_1' title='image "./orationesetepist00sanduoft_0124.png"; bbox 0 0 2704 3770; ppageno 0'>
   <div class='ocr_carea' id='block_1_1' title="bbox 818 330 2047 395">
    <p class='ocr_par' dir='ltr' id='par_1_1' title="bbox 818 330 2047 395">
     <span class='ocr_line' id='line_1_1' title="bbox 818 330 2047 395; baseline 0.002 -16"><span class='ocrx_word' id='word_1_1' title='bbox 818 330 1022 395; x_wconf 68' lang='lat' dir='ltr'>Rudoff</span> <span class='ocrx_word' id='word_1_2' title='bbox 1056 330 1106 379; x_wconf 93' lang='lat' dir='ltr'><em>V</em></span> <span class='ocrx_word' id='word_1_3' title='bbox 1100 331 1295 380; x_wconf 77' lang='lat' dir='ltr'>z&#39;rclzow.</span> <span class='ocrx_word' id='word_1_4' title='bbox 1367 331 1420 380; x_wconf 85' lang='lat' dir='ltr'>A</span> <span class='ocrx_word' id='word_1_5' title='bbox 1427 331 1599 380; x_wconf 78' lang='lat' dir='ltr'>ndrew</span> <span class='ocrx_word' id='word_1_6' title='bbox 1632 332 1844 380; x_wconf 84' lang='lat' dir='ltr'>Hunter</span> <span class='ocrx_word' id='word_1_7' title='bbox 1874 333 2047 382; x_wconf 83' lang='lat' dir='ltr'><em>Dunn.</em></span> 
     </span>
    </p>
   </div>
   <div class='ocr_carea' id='block_1_2' title="bbox 436 474 2448 591">
    <p class='ocr_par' dir='ltr' id='par_1_2' title="bbox 436 474 2448 591">
     <span class='ocr_line' id='line_1_2' title="bbox 436 474 2448 531; baseline 0.002 -17"><span class='ocrx_word' id='word_1_8' title='bbox 436 474 502 515; x_wconf 89' lang='lat' dir='ltr'>illa</span> <span class='ocrx_word' id='word_1_9' title='bbox 539 482 702 524; x_wconf 89' lang='lat' dir='ltr'>remota,</span> <span class='ocrx_word' id='word_1_10' title='bbox 735 477 900 515; x_wconf 90' lang='lat' dir='ltr'>alumno</span> <span class='ocrx_word' id='word_1_11' title='bbox 937 482 1074 516; x_wconf 92' lang='lat' dir='ltr'>nostro</span> <span class='ocrx_word' id='word_1_12' title='bbox 1112 475 1272 525; x_wconf 85' lang='lat' dir='ltr'>credita,</span> <span class='ocrx_word' id='word_1_13' title='bbox 1305 475 1418 527; x_wconf 89' lang='lat' dir='ltr'>quasi</span> <span class='ocrx_word' id='word_1_14' title='bbox 1455 483 1596 516; x_wconf 89' lang='lat' dir='ltr'>catena</span> <span class='ocrx_word' id='word_1_15' title='bbox 1634 478 1756 516; x_wconf 86' lang='lat' dir='ltr'>ferrea</span> <span class='ocrx_word' id='word_1_16' title='bbox 1793 490 1885 516; x_wconf 91' lang='lat' dir='ltr'>cum</span> <span class='ocrx_word' id='word_1_17' title='bbox 1924 490 2077 517; x_wconf 87' lang='lat' dir='ltr'>oceano</span> <span class='ocrx_word' id='word_1_18' title='bbox 2115 485 2283 530; x_wconf 91' lang='lat' dir='ltr'>utroque</span> <span class='ocrx_word' id='word_1_19' title='bbox 2321 492 2448 531; x_wconf 87' lang='lat' dir='ltr'>nuper</span> 
     </span>
     <span class='ocr_line' id='line_1_3' title="bbox 436 538 2446 591; baseline 0.002 -13"><span class='ocrx_word' id='word_1_20' title='bbox 436 538 651 579; x_wconf 90' lang='lat' dir='ltr'>coniuncta</span> <span class='ocrx_word' id='word_1_21' title='bbox 683 545 766 579; x_wconf 86' lang='lat' dir='ltr'>est:</span> <span class='ocrx_word' id='word_1_22' title='bbox 808 538 967 579; x_wconf 90' lang='lat' dir='ltr'>vinculo</span> <span class='ocrx_word' id='word_1_23' title='bbox 1005 539 1128 591; x_wconf 90' lang='lat' dir='ltr'>magis</span> <span class='ocrx_word' id='word_1_24' title='bbox 1161 546 1298 579; x_wconf 89' lang='lat' dir='ltr'>tenero</span> <span class='ocrx_word' id='word_1_25' title='bbox 1336 539 1407 579; x_wconf 88' lang='lat' dir='ltr'>sed</span> <span class='ocrx_word' id='word_1_26' title='bbox 1441 540 1582 579; x_wconf 88' lang='lat' dir='ltr'>eodem</span> <span class='ocrx_word' id='word_1_27' title='bbox 1622 539 1691 579; x_wconf 92' lang='lat' dir='ltr'>diu</span> <span class='ocrx_word' id='word_1_28' title='bbox 1722 541 1910 579; x_wconf 89' lang='lat' dir='ltr'>duraturo</span> <span class='ocrx_word' id='word_1_29' title='bbox 1947 540 2032 591; x_wconf 89' lang='lat' dir='ltr'>ipse</span> <span class='ocrx_word' id='word_1_30' title='bbox 2064 539 2274 580; x_wconf 90' lang='lat' dir='ltr'>nobiscum</span> <span class='ocrx_word' id='word_1_31' title='bbox 2312 549 2372 582; x_wconf 85' lang='lat' dir='ltr'>est</span> <span class='ocrx_word' id='word_1_32' title='bbox 2404 541 2446 582; x_wconf 89' lang='lat' dir='ltr'>in</span> 
     </span>
    </p>
   </div>
   <div class='ocr_carea' id='block_1_3' title="bbox 437 600 2440 716">
    <p class='ocr_par' dir='ltr' id='par_1_3' title="bbox 437 600 2440 716">
     <span class='ocr_line' id='line_1_4' title="bbox 437 600 967 652; baseline 0 -12"><span class='ocrx_word' id='word_1_33' title='bbox 437 608 673 652; x_wconf 88' lang='lat' dir='ltr'>perpetuum</span> <span class='ocrx_word' id='word_1_34' title='bbox 702 600 967 641; x_wconf 89' lang='lat' dir='ltr'>consociatus.</span> 
     </span>
     <span class='ocr_line' id='line_1_5' title="bbox 543 663 2440 716; baseline 0.001 -13"><span class='ocrx_word' id='word_1_35' title='bbox 543 666 661 704; x_wconf 92' lang='lat' dir='ltr'>Duco</span> <span class='ocrx_word' id='word_1_36' title='bbox 680 665 733 705; x_wconf 90' lang='lat' dir='ltr'>ad</span> <span class='ocrx_word' id='word_1_37' title='bbox 752 678 821 704; x_wconf 93' lang='lat' dir='ltr'>vos</span> <span class='ocrx_word' id='word_1_38' title='bbox 842 663 1008 716; x_wconf 88' lang='lat' dir='ltr'>Collegii</span> <span class='ocrx_word' id='word_1_39' title='bbox 1030 663 1122 704; x_wconf 90' lang='lat' dir='ltr'>Divi</span> <span class='ocrx_word' id='word_1_40' title='bbox 1138 663 1301 704; x_wconf 89' lang='lat' dir='ltr'>Ioannis</span> <span class='ocrx_word' id='word_1_41' title='bbox 1316 664 1522 715; x_wconf 91' lang='lat' dir='ltr'>quondam</span> <span class='ocrx_word' id='word_1_42' title='bbox 1535 664 1775 712; x_wconf 86' lang='lat' dir='ltr'>Scholarem‚</span> <span class='ocrx_word' id='word_1_43' title='bbox 1790 664 2062 703; x_wconf 80' lang='lat' dir='ltr'>W1LLELMUM</span> <span class='ocrx_word' id='word_1_44' title='bbox 2079 666 2283 705; x_wconf 81' lang='lat' dir='ltr'>IOANNEM</span> <span class='ocrx_word' id='word_1_45' title='bbox 2300 667 2440 706; x_wconf 74' lang='lat' dir='ltr'><strong>BURN.</strong></span> 
     </span>
    </p>
   </div>
   <div class='ocr_carea' id='block_1_4' title="bbox 1221 786 1670 848">
    <p class='ocr_par' dir='ltr' id='par_1_4' title="bbox 1221 786 1670 848">
     <span class='ocr_line' id='line_1_6' title="bbox 1221 786 1670 848; baseline 0.002 -15"><span class='ocrx_word' id='word_1_46' title='bbox 1221 803 1245 833; x_wconf 90' lang='lat'><strong>2</strong></span> <span class='ocrx_word' id='word_1_47' title='bbox 1258 803 1274 833; x_wconf 94' lang='lat'>1</span> <span class='ocrx_word' id='word_1_48' title='bbox 1318 786 1503 834; x_wconf 69' lang='lat' dir='ltr'>March</span> <span class='ocrx_word' id='word_1_49' title='bbox 1548 803 1563 833; x_wconf 94' lang='lat'>1</span> <span class='ocrx_word' id='word_1_50' title='bbox 1576 789 1670 848; x_wconf 85' lang='lat'>893</span> 
     </span>
    </p>
   </div>
   <div class='ocr_carea' id='block_1_5' title="bbox 430 902 2445 2508">
    <p class='ocr_par' dir='ltr' id='par_1_5' title="bbox 433 902 2445 1332">
     <span class='ocr_line' id='line_1_7' title="bbox 544 902 2445 955; baseline 0.001 -12"><span class='ocrx_word' id='word_1_51' title='bbox 544 902 658 955; x_wconf 88' lang='lat'><em>(208)</em></span> <span class='ocrx_word' id='word_1_52' title='bbox 693 906 1024 944; x_wconf 71' lang='lat' dir='ltr'>UmvERsrrAns</span> <span class='ocrx_word' id='word_1_53' title='bbox 1051 903 1318 944; x_wconf 91' lang='lat' dir='ltr'>Berolinensis</span> <span class='ocrx_word' id='word_1_54' title='bbox 1344 905 1493 944; x_wconf 90' lang='lat' dir='ltr'>Rector</span> <span class='ocrx_word' id='word_1_55' title='bbox 1519 903 1769 955; x_wconf 89' lang='lat' dir='ltr'>Magnificus,</span> <span class='ocrx_word' id='word_1_56' title='bbox 1790 903 1848 943; x_wconf 92' lang='lat' dir='ltr'>vir</span> <span class='ocrx_word' id='word_1_57' title='bbox 1873 917 1955 944; x_wconf 90' lang='lat' dir='ltr'>non</span> <span class='ocrx_word' id='word_1_58' title='bbox 1975 905 2098 944; x_wconf 88' lang='lat' dir='ltr'>modo</span> <span class='ocrx_word' id='word_1_59' title='bbox 2118 905 2169 944; x_wconf 91' lang='lat' dir='ltr'>de</span> <span class='ocrx_word' id='word_1_60' title='bbox 2189 904 2387 945; x_wconf 88' lang='lat' dir='ltr'>medicina</span> <span class='ocrx_word' id='word_1_61' title='bbox 2404 913 2445 946; x_wconf 92' lang='lat' dir='ltr'>et</span> 
     </span>
     <span class='ocr_line' id='line_1_8' title="bbox 435 964 2444 1018; baseline 0.001 -12"><span class='ocrx_word' id='word_1_62' title='bbox 435 968 560 1006; x_wconf 86' lang='lat' dir='ltr'>salute</span> <span class='ocrx_word' id='word_1_63' title='bbox 597 965 768 1017; x_wconf 91' lang='lat' dir='ltr'>publica,</span> <span class='ocrx_word' id='word_1_64' title='bbox 803 967 875 1006; x_wconf 91' lang='lat' dir='ltr'>sed</span> <span class='ocrx_word' id='word_1_65' title='bbox 912 965 1030 1005; x_wconf 89' lang='lat' dir='ltr'>etiam</span> <span class='ocrx_word' id='word_1_66' title='bbox 1069 966 1120 1005; x_wconf 93' lang='lat' dir='ltr'>de</span> <span class='ocrx_word' id='word_1_67' title='bbox 1150 964 1463 1017; x_wconf 89' lang='lat' dir='ltr'>anthropologia,</span> <span class='ocrx_word' id='word_1_68' title='bbox 1499 966 1550 1005; x_wconf 93' lang='lat' dir='ltr'>de</span> <span class='ocrx_word' id='word_1_69' title='bbox 1583 965 1820 1017; x_wconf 88' lang='lat' dir='ltr'>ethnologia,</span> <span class='ocrx_word' id='word_1_70' title='bbox 1856 967 1908 1005; x_wconf 94' lang='lat' dir='ltr'>de</span> <span class='ocrx_word' id='word_1_71' title='bbox 1939 965 2214 1018; x_wconf 89' lang='lat' dir='ltr'>archaeologia</span> <span class='ocrx_word' id='word_1_72' title='bbox 2245 969 2444 1018; x_wconf 87' lang='lat' dir='ltr'>praeclare</span> 
     </span>
     <span class='ocr_line' id='line_1_9' title="bbox 435 1028 2443 1081; baseline 0.001 -13"><span class='ocrx_word' id='word_1_73' title='bbox 435 1028 609 1077; x_wconf 89' lang='lat' dir='ltr'>meritus,</span> <span class='ocrx_word' id='word_1_74' title='bbox 639 1028 696 1068; x_wconf 89' lang='lat' dir='ltr'>vir</span> <span class='ocrx_word' id='word_1_75' title='bbox 729 1036 768 1069; x_wconf 87' lang='lat' dir='ltr'>et</span> <span class='ocrx_word' id='word_1_76' title='bbox 801 1028 1045 1080; x_wconf 87' lang='lat' dir='ltr'>sexagesimo</span> <span class='ocrx_word' id='word_1_77' title='bbox 1078 1036 1117 1067; x_wconf 91' lang='lat' dir='ltr'>et</span> <span class='ocrx_word' id='word_1_78' title='bbox 1147 1029 1438 1080; x_wconf 88' lang='lat' dir='ltr'>septuagesimo</span> <span class='ocrx_word' id='word_1_79' title='bbox 1467 1036 1606 1068; x_wconf 87' lang='lat' dir='ltr'>exacto</span> <span class='ocrx_word' id='word_1_80' title='bbox 1633 1028 1772 1068; x_wconf 91' lang='lat' dir='ltr'>aetatis</span> <span class='ocrx_word' id='word_1_81' title='bbox 1799 1042 1907 1068; x_wconf 91' lang='lat' dir='ltr'>anno</span> <span class='ocrx_word' id='word_1_82' title='bbox 1940 1029 2159 1069; x_wconf 89' lang='lat' dir='ltr'>honoribus</span> <span class='ocrx_word' id='word_1_83' title='bbox 2191 1030 2443 1081; x_wconf 90' lang='lat' dir='ltr'>amplissimis</span> 
     </span>
     <span class='ocr_line' id='line_1_10' title="bbox 434 1089 2441 1142; baseline 0.001 -12"><span class='ocrx_word' id='word_1_84' title='bbox 434 1092 668 1139; x_wconf 85' lang='lat' dir='ltr'>cumulatus,</span> <span class='ocrx_word' id='word_1_85' title='bbox 690 1090 783 1130; x_wconf 89' lang='lat' dir='ltr'>satis</span> <span class='ocrx_word' id='word_1_86' title='bbox 809 1103 996 1141; x_wconf 91' lang='lat' dir='ltr'>magnum</span> <span class='ocrx_word' id='word_1_87' title='bbox 1023 1089 1144 1129; x_wconf 88' lang='lat' dir='ltr'>hodie</span> <span class='ocrx_word' id='word_1_88' title='bbox 1169 1090 1331 1141; x_wconf 83' lang='lat' dir='ltr'>praebet</span> <span class='ocrx_word' id='word_1_89' title='bbox 1360 1089 1521 1130; x_wconf 90' lang='lat' dir='ltr'>dicendi</span> <span class='ocrx_word' id='word_1_90' title='bbox 1545 1098 1831 1141; x_wconf 86' lang='lat' dir='ltr'><strong>argumentum.</strong></span> <span class='ocrx_word' id='word_1_91' title='bbox 1892 1092 1984 1142; x_wconf 93' lang='lat' dir='ltr'>Ipse</span> <span class='ocrx_word' id='word_1_92' title='bbox 2008 1091 2126 1130; x_wconf 91' lang='lat' dir='ltr'>laude</span> <span class='ocrx_word' id='word_1_93' title='bbox 2145 1098 2280 1130; x_wconf 91' lang='lat' dir='ltr'>nostra</span> <span class='ocrx_word' id='word_1_94' title='bbox 2304 1092 2441 1141; x_wconf 89' lang='lat' dir='ltr'>maior,</span> 
     </span>
     <span class='ocr_line' id='line_1_11' title="bbox 433 1151 2445 1206; baseline 0.002 -14"><span class='ocrx_word' id='word_1_95' title='bbox 433 1155 572 1194; x_wconf 88' lang='lat' dir='ltr'>laudes</span> <span class='ocrx_word' id='word_1_96' title='bbox 592 1161 725 1194; x_wconf 89' lang='lat' dir='ltr'>tamen</span> <span class='ocrx_word' id='word_1_97' title='bbox 746 1167 836 1194; x_wconf 92' lang='lat' dir='ltr'>suas</span> <span class='ocrx_word' id='word_1_98' title='bbox 858 1154 954 1206; x_wconf 92' lang='lat' dir='ltr'>(qua</span> <span class='ocrx_word' id='word_1_99' title='bbox 976 1160 1036 1193; x_wconf 90' lang='lat' dir='ltr'>est</span> <span class='ocrx_word' id='word_1_100' title='bbox 1059 1151 1272 1203; x_wconf 89' lang='lat' dir='ltr'>modestia)</span> <span class='ocrx_word' id='word_1_101' title='bbox 1292 1152 1438 1192; x_wconf 90' lang='lat' dir='ltr'>invitus</span> <span class='ocrx_word' id='word_1_102' title='bbox 1461 1153 1621 1202; x_wconf 89' lang='lat' dir='ltr'>audiet;</span> <span class='ocrx_word' id='word_1_103' title='bbox 1648 1152 1759 1204; x_wconf 91' lang='lat' dir='ltr'>atqui</span> <span class='ocrx_word' id='word_1_104' title='bbox 1784 1154 1922 1192; x_wconf 87' lang='lat' dir='ltr'>laudes</span> <span class='ocrx_word' id='word_1_105' title='bbox 1947 1153 2033 1192; x_wconf 88' lang='lat' dir='ltr'>illas</span> <span class='ocrx_word' id='word_1_106' title='bbox 2058 1167 2140 1193; x_wconf 93' lang='lat' dir='ltr'>non</span> <span class='ocrx_word' id='word_1_107' title='bbox 2165 1155 2285 1194; x_wconf 89' lang='lat' dir='ltr'>verba</span> <span class='ocrx_word' id='word_1_108' title='bbox 2310 1163 2445 1196; x_wconf 87' lang='lat' dir='ltr'>nostra</span> 
     </span>
     <span class='ocr_line' id='line_1_12' title="bbox 435 1215 2444 1268; baseline 0.001 -12"><span class='ocrx_word' id='word_1_109' title='bbox 435 1216 752 1268; x_wconf 85' lang='lat' dir='ltr'>qualiacumque,</span> <span class='ocrx_word' id='word_1_110' title='bbox 775 1218 846 1258; x_wconf 92' lang='lat' dir='ltr'>sed</span> <span class='ocrx_word' id='word_1_111' title='bbox 866 1216 988 1268; x_wconf 91' lang='lat' dir='ltr'>ipsius</span> <span class='ocrx_word' id='word_1_112' title='bbox 1008 1229 1129 1267; x_wconf 90' lang='lat' dir='ltr'>opera</span> <span class='ocrx_word' id='word_1_113' title='bbox 1147 1215 1326 1267; x_wconf 90' lang='lat' dir='ltr'>insignia,</span> <span class='ocrx_word' id='word_1_114' title='bbox 1348 1215 1471 1267; x_wconf 90' lang='lat' dir='ltr'>ipsius</span> <span class='ocrx_word' id='word_1_115' title='bbox 1494 1215 1679 1267; x_wconf 91' lang='lat' dir='ltr'>discipuli</span> <span class='ocrx_word' id='word_1_116' title='bbox 1701 1215 1880 1265; x_wconf 86' lang='lat' dir='ltr'>illustres,</span> <span class='ocrx_word' id='word_1_117' title='bbox 1903 1216 2024 1268; x_wconf 89' lang='lat' dir='ltr'>ipsius</span> <span class='ocrx_word' id='word_1_118' title='bbox 2048 1217 2222 1268; x_wconf 89' lang='lat' dir='ltr'>denique</span> <span class='ocrx_word' id='word_1_119' title='bbox 2245 1219 2444 1260; x_wconf 89' lang='lat' dir='ltr'>orationes</span> 
     </span>
     <span class='ocr_line' id='line_1_13' title="bbox 435 1278 1618 1332; baseline -0.003 -12"><span class='ocrx_word' id='word_1_120' title='bbox 435 1280 726 1329; x_wconf 85' lang='lat' dir='ltr'>disertissimae,</span> <span class='ocrx_word' id='word_1_121' title='bbox 751 1281 870 1321; x_wconf 91' lang='lat' dir='ltr'>etiam</span> <span class='ocrx_word' id='word_1_122' title='bbox 890 1280 978 1332; x_wconf 90' lang='lat' dir='ltr'>ipso</span> <span class='ocrx_word' id='word_1_123' title='bbox 997 1279 1132 1327; x_wconf 89' lang='lat' dir='ltr'>invito,</span> <span class='ocrx_word' id='word_1_124' title='bbox 1156 1278 1249 1318; x_wconf 89' lang='lat' dir='ltr'>satis</span> <span class='ocrx_word' id='word_1_125' title='bbox 1269 1279 1371 1319; x_wconf 90' lang='lat' dir='ltr'>clare</span> <span class='ocrx_word' id='word_1_126' title='bbox 1390 1280 1618 1330; x_wconf 91' lang='lat' dir='ltr'>loquuntur.</span> 
     </span>
    </p>

    <p class='ocr_par' dir='ltr' id='par_1_6' title="bbox 432 1339 2445 2015">
     <span class='ocr_line' id='line_1_14' title="bbox 544 1339 2443 1394; baseline 0.001 -12"><span class='ocrx_word' id='word_1_127' title='bbox 544 1342 710 1394; x_wconf 90' lang='lat' dir='ltr'>Legistis</span> <span class='ocrx_word' id='word_1_128' title='bbox 729 1344 894 1383; x_wconf 89' lang='lat' dir='ltr'>fortasse</span> <span class='ocrx_word' id='word_1_129' title='bbox 914 1341 1134 1382; x_wconf 89' lang='lat' dir='ltr'>orationem</span> <span class='ocrx_word' id='word_1_130' title='bbox 1154 1341 1261 1380; x_wconf 87' lang='lat' dir='ltr'>illam</span> <span class='ocrx_word' id='word_1_131' title='bbox 1281 1340 1321 1380; x_wconf 92' lang='lat' dir='ltr'>in</span> <span class='ocrx_word' id='word_1_132' title='bbox 1341 1354 1430 1392; x_wconf 91' lang='lat' dir='ltr'>qua,</span> <span class='ocrx_word' id='word_1_133' title='bbox 1454 1339 1636 1380; x_wconf 90' lang='lat' dir='ltr'>Rectoris</span> <span class='ocrx_word' id='word_1_134' title='bbox 1656 1354 1800 1379; x_wconf 90' lang='lat' dir='ltr'>munus</span> <span class='ocrx_word' id='word_1_135' title='bbox 1819 1354 1946 1391; x_wconf 90' lang='lat' dir='ltr'>nuper</span> <span class='ocrx_word' id='word_1_136' title='bbox 1963 1341 2200 1392; x_wconf 87' lang='lat' dir='ltr'>auspicatus,</span> <span class='ocrx_word' id='word_1_137' title='bbox 2222 1343 2443 1383; x_wconf 88' lang='lat' dir='ltr'>studiorum</span> 
     </span>
     <span class='ocr_line' id='line_1_15' title="bbox 433 1403 2443 1458; baseline 0.002 -15"><span class='ocrx_word' id='word_1_138' title='bbox 433 1405 766 1445; x_wconf 88' lang='lat' dir='ltr'>Academicorum</span> <span class='ocrx_word' id='word_1_139' title='bbox 796 1404 893 1444; x_wconf 91' lang='lat' dir='ltr'>orbe</span> <span class='ocrx_word' id='word_1_140' title='bbox 923 1404 1106 1444; x_wconf 91' lang='lat' dir='ltr'>universo</span> <span class='ocrx_word' id='word_1_141' title='bbox 1133 1405 1306 1451; x_wconf 90' lang='lat' dir='ltr'>lustrato,</span> <span class='ocrx_word' id='word_1_142' title='bbox 1338 1403 1508 1454; x_wconf 89' lang='lat' dir='ltr'>partium</span> <span class='ocrx_word' id='word_1_143' title='bbox 1540 1403 1760 1443; x_wconf 88' lang='lat' dir='ltr'>liberalium</span> <span class='ocrx_word' id='word_1_144' title='bbox 1792 1405 1872 1444; x_wconf 89' lang='lat' dir='ltr'>dux</span> <span class='ocrx_word' id='word_1_145' title='bbox 1901 1411 1940 1444; x_wconf 90' lang='lat' dir='ltr'>et</span> <span class='ocrx_word' id='word_1_146' title='bbox 1970 1404 2129 1456; x_wconf 88' lang='lat' dir='ltr'>signifer</span> <span class='ocrx_word' id='word_1_147' title='bbox 2156 1404 2251 1444; x_wconf 92' lang='lat' dir='ltr'>olim</span> <span class='ocrx_word' id='word_1_148' title='bbox 2279 1405 2443 1458; x_wconf 87' lang='lat' dir='ltr'>insignis</span> 
     </span>
     <span class='ocr_line' id='line_1_16' title="bbox 434 1465 2445 1518; baseline 0.002 -12"><span class='ocrx_word' id='word_1_149' title='bbox 434 1466 532 1506; x_wconf 88' lang='lat' dir='ltr'>dixit</span> <span class='ocrx_word' id='word_1_150' title='bbox 550 1480 681 1507; x_wconf 91' lang='lat' dir='ltr'>veram</span> <span class='ocrx_word' id='word_1_151' title='bbox 702 1466 946 1507; x_wconf 87' lang='lat' dir='ltr'>Academiae</span> <span class='ocrx_word' id='word_1_152' title='bbox 965 1466 1187 1506; x_wconf 89' lang='lat' dir='ltr'>libertatem</span> <span class='ocrx_word' id='word_1_153' title='bbox 1210 1479 1298 1506; x_wconf 92' lang='lat' dir='ltr'>esse</span> <span class='ocrx_word' id='word_1_154' title='bbox 1320 1465 1542 1505; x_wconf 91' lang='lat' dir='ltr'>libertatem</span> <span class='ocrx_word' id='word_1_155' title='bbox 1569 1466 1752 1515; x_wconf 89' lang='lat' dir='ltr'>docendi,</span> <span class='ocrx_word' id='word_1_156' title='bbox 1773 1467 1996 1508; x_wconf 89' lang='lat' dir='ltr'>libertatem</span> <span class='ocrx_word' id='word_1_157' title='bbox 2022 1467 2204 1508; x_wconf 89' lang='lat' dir='ltr'>discendi</span> <span class='ocrx_word' id='word_1_158' title='bbox 2216 1483 2228 1518; x_wconf 79' lang='lat'>3</span> <span class='ocrx_word' id='word_1_159' title='bbox 2255 1469 2445 1510; x_wconf 89' lang='lat' dir='ltr'>ostendit-</span> 
     </span>
     <span class='ocr_line' id='line_1_17' title="bbox 432 1527 2443 1580; baseline 0.001 -12"><span class='ocrx_word' id='word_1_160' title='bbox 432 1541 523 1580; x_wconf 89' lang='lat' dir='ltr'>que,</span> <span class='ocrx_word' id='word_1_161' title='bbox 544 1542 623 1579; x_wconf 92' lang='lat' dir='ltr'>qua</span> <span class='ocrx_word' id='word_1_162' title='bbox 648 1528 899 1580; x_wconf 91' lang='lat' dir='ltr'>potissimum</span> <span class='ocrx_word' id='word_1_163' title='bbox 929 1527 1073 1568; x_wconf 90' lang='lat' dir='ltr'>mentis</span> <span class='ocrx_word' id='word_1_164' title='bbox 1098 1527 1309 1579; x_wconf 86' lang='lat' dir='ltr'>disciplina</span> <span class='ocrx_word' id='word_1_165' title='bbox 1336 1527 1520 1567; x_wconf 88' lang='lat' dir='ltr'>iuventus</span> <span class='ocrx_word' id='word_1_166' title='bbox 1545 1528 1789 1568; x_wconf 88' lang='lat' dir='ltr'>Academica</span> <span class='ocrx_word' id='word_1_167' title='bbox 1814 1529 1995 1569; x_wconf 91' lang='lat' dir='ltr'>discendi</span> <span class='ocrx_word' id='word_1_168' title='bbox 2016 1543 2151 1570; x_wconf 90' lang='lat' dir='ltr'>amore</span> <span class='ocrx_word' id='word_1_169' title='bbox 2176 1544 2266 1570; x_wconf 90' lang='lat' dir='ltr'>vere</span> <span class='ocrx_word' id='word_1_170' title='bbox 2291 1530 2443 1571; x_wconf 86' lang='lat' dir='ltr'>liberali</span> 
     </span>
     <span class='ocr_line' id='line_1_18' title="bbox 432 1589 2442 1644; baseline 0.002 -16"><span class='ocrx_word' id='word_1_171' title='bbox 432 1589 559 1630; x_wconf 91' lang='lat' dir='ltr'>imbui</span> <span class='ocrx_word' id='word_1_172' title='bbox 577 1603 695 1642; x_wconf 92' lang='lat' dir='ltr'>posse</span> <span class='ocrx_word' id='word_1_173' title='bbox 714 1590 941 1630; x_wconf 87' lang='lat' dir='ltr'>videretur¹.</span> <span class='ocrx_word' id='word_1_174' title='bbox 1000 1589 1167 1642; x_wconf 89' lang='lat' dir='ltr'>Legistis</span> <span class='ocrx_word' id='word_1_175' title='bbox 1187 1597 1303 1638; x_wconf 89' lang='lat' dir='ltr'>certe,</span> <span class='ocrx_word' id='word_1_176' title='bbox 1326 1591 1490 1629; x_wconf 85' lang='lat' dir='ltr'>fortasse</span> <span class='ocrx_word' id='word_1_177' title='bbox 1509 1589 1629 1630; x_wconf 90' lang='lat' dir='ltr'>etiam</span> <span class='ocrx_word' id='word_1_178' title='bbox 1648 1590 1863 1640; x_wconf 89' lang='lat' dir='ltr'>audivistis,</span> <span class='ocrx_word' id='word_1_179' title='bbox 1881 1591 2101 1631; x_wconf 90' lang='lat' dir='ltr'>orationem</span> <span class='ocrx_word' id='word_1_180' title='bbox 2120 1593 2281 1632; x_wconf 90' lang='lat' dir='ltr'>alteram</span> <span class='ocrx_word' id='word_1_181' title='bbox 2302 1592 2343 1631; x_wconf 91' lang='lat' dir='ltr'>in</span> <span class='ocrx_word' id='word_1_182' title='bbox 2362 1607 2442 1644; x_wconf 90' lang='lat' dir='ltr'>qua</span> 
     </span>
     <span class='ocr_line' id='line_1_19' title="bbox 432 1651 2442 1703; baseline 0.002 -13"><span class='ocrx_word' id='word_1_183' title='bbox 432 1651 658 1703; x_wconf 83' lang='lat' dir='ltr'>nuperrime</span> <span class='ocrx_word' id='word_1_184' title='bbox 677 1652 778 1692; x_wconf 92' lang='lat' dir='ltr'>inter</span> <span class='ocrx_word' id='word_1_185' title='bbox 798 1651 981 1692; x_wconf 89' lang='lat' dir='ltr'>scientias</span> <span class='ocrx_word' id='word_1_186' title='bbox 1001 1651 1217 1703; x_wconf 89' lang='lat' dir='ltr'>biologicas</span> <span class='ocrx_word' id='word_1_187' title='bbox 1237 1653 1371 1692; x_wconf 91' lang='lat' dir='ltr'>locum</span> <span class='ocrx_word' id='word_1_188' title='bbox 1397 1651 1650 1703; x_wconf 91' lang='lat' dir='ltr'>pathologiae</span> <span class='ocrx_word' id='word_1_189' title='bbox 1674 1652 1875 1703; x_wconf 91' lang='lat' dir='ltr'>proprium</span> <span class='ocrx_word' id='word_1_190' title='bbox 1903 1652 2126 1702; x_wconf 88' lang='lat' dir='ltr'>vindicavit,</span> <span class='ocrx_word' id='word_1_191' title='bbox 2148 1661 2197 1702; x_wconf 90' lang='lat' dir='ltr'>et,</span> <span class='ocrx_word' id='word_1_192' title='bbox 2220 1654 2442 1695; x_wconf 90' lang='lat' dir='ltr'>studiorum</span> 
     </span>
     <span class='ocr_line' id='line_1_20' title="bbox 433 1714 2443 1767; baseline 0.001 -13"><span class='ocrx_word' id='word_1_193' title='bbox 433 1727 595 1754; x_wconf 89' lang='lat' dir='ltr'>suorum</span> <span class='ocrx_word' id='word_1_194' title='bbox 633 1715 803 1767; x_wconf 88' lang='lat' dir='ltr'>origines</span> <span class='ocrx_word' id='word_1_195' title='bbox 833 1722 1028 1767; x_wconf 89' lang='lat' dir='ltr'>repetens,</span> <span class='ocrx_word' id='word_1_196' title='bbox 1063 1729 1145 1755; x_wconf 93' lang='lat' dir='ltr'>non</span> <span class='ocrx_word' id='word_1_197' title='bbox 1179 1716 1302 1755; x_wconf 91' lang='lat' dir='ltr'>modo</span> <span class='ocrx_word' id='word_1_198' title='bbox 1336 1716 1527 1754; x_wconf 83' lang='lat' dir='ltr'>HARVEu</span> <span class='ocrx_word' id='word_1_199' title='bbox 1565 1714 1689 1755; x_wconf 91' lang='lat' dir='ltr'>nostri</span> <span class='ocrx_word' id='word_1_200' title='bbox 1721 1715 1860 1755; x_wconf 90' lang='lat' dir='ltr'>merita</span> <span class='ocrx_word' id='word_1_201' title='bbox 1896 1715 2134 1755; x_wconf 89' lang='lat' dir='ltr'>immortalia</span> <span class='ocrx_word' id='word_1_202' title='bbox 2165 1717 2300 1756; x_wconf 92' lang='lat' dir='ltr'>denuo</span> <span class='ocrx_word' id='word_1_203' title='bbox 2337 1730 2443 1757; x_wconf 91' lang='lat' dir='ltr'>com-</span> 
     </span>
     <span class='ocr_line' id='line_1_21' title="bbox 432 1776 2438 1829; baseline 0.002 -14"><span class='ocrx_word' id='word_1_204' title='bbox 432 1777 675 1826; x_wconf 90' lang='lat' dir='ltr'>memoravit,</span> <span class='ocrx_word' id='word_1_205' title='bbox 698 1777 769 1817; x_wconf 93' lang='lat' dir='ltr'>sed</span> <span class='ocrx_word' id='word_1_206' title='bbox 788 1777 907 1817; x_wconf 92' lang='lat' dir='ltr'>etiam</span> <span class='ocrx_word' id='word_1_207' title='bbox 929 1778 1145 1816; x_wconf 69' lang='lat' dir='ltr'>Gmssonn</span> <span class='ocrx_word' id='word_1_208' title='bbox 1168 1776 1291 1816; x_wconf 89' lang='lat' dir='ltr'>nostri</span> <span class='ocrx_word' id='word_1_209' title='bbox 1309 1776 1473 1828; x_wconf 88' lang='lat' dir='ltr'>gloriam</span> <span class='ocrx_word' id='word_1_210' title='bbox 1497 1789 1620 1827; x_wconf 92' lang='lat' dir='ltr'>prope</span> <span class='ocrx_word' id='word_1_211' title='bbox 1643 1776 1943 1816; x_wconf 90' lang='lat' dir='ltr'>intermortuam</span> <span class='ocrx_word' id='word_1_212' title='bbox 1965 1777 2016 1816; x_wconf 90' lang='lat' dir='ltr'>ab</span> <span class='ocrx_word' id='word_1_213' title='bbox 2036 1776 2188 1829; x_wconf 89' lang='lat' dir='ltr'>integro</span> <span class='ocrx_word' id='word_1_214' title='bbox 2207 1778 2438 1820; x_wconf 85' lang='lat' dir='ltr'>renovavit&#39;.</span> 
     </span>
     <span class='ocr_line' id='line_1_22' title="bbox 435 1838 2443 1891; baseline 0.002 -14"><span class='ocrx_word' id='word_1_215' title='bbox 435 1840 625 1878; x_wconf 69' lang='lat' dir='ltr'>HARvssu</span> <span class='ocrx_word' id='word_1_216' title='bbox 655 1839 817 1890; x_wconf 89' lang='lat' dir='ltr'>quidem</span> <span class='ocrx_word' id='word_1_217' title='bbox 844 1838 886 1878; x_wconf 89' lang='lat' dir='ltr'>in</span> <span class='ocrx_word' id='word_1_218' title='bbox 914 1839 1109 1887; x_wconf 91' lang='lat' dir='ltr'>doctrina,</span> <span class='ocrx_word' id='word_1_219' title='bbox 1133 1852 1241 1878; x_wconf 85' lang='lat' dir='ltr'>omne</span> <span class='ocrx_word' id='word_1_220' title='bbox 1262 1840 1392 1878; x_wconf 85' lang='lat' dir='ltr'><em>vivum</em></span> <span class='ocrx_word' id='word_1_221' title='bbox 1421 1852 1467 1877; x_wconf 84' lang='lat' dir='ltr'>ex</span> <span class='ocrx_word' id='word_1_222' title='bbox 1488 1851 1556 1877; x_wconf 84' lang='lat' dir='ltr'>ovo</span> <span class='ocrx_word' id='word_1_223' title='bbox 1584 1838 1703 1886; x_wconf 91' lang='lat' dir='ltr'>nasci,</span> <span class='ocrx_word' id='word_1_224' title='bbox 1729 1839 1912 1878; x_wconf 90' lang='lat' dir='ltr'>lacunam</span> <span class='ocrx_word' id='word_1_225' title='bbox 1942 1852 2126 1891; x_wconf 87' lang='lat' dir='ltr'>magnam</span> <span class='ocrx_word' id='word_1_226' title='bbox 2154 1840 2330 1880; x_wconf 90' lang='lat' dir='ltr'>relictam</span> <span class='ocrx_word' id='word_1_227' title='bbox 2355 1855 2443 1883; x_wconf 91' lang='lat' dir='ltr'>esse</span> 
     </span>
     <span class='ocr_line' id='line_1_23' title="bbox 432 1901 2439 1954; baseline 0.002 -14"><span class='ocrx_word' id='word_1_228' title='bbox 432 1908 589 1940; x_wconf 88' lang='lat' dir='ltr'>constat</span> <span class='ocrx_word' id='word_1_229' title='bbox 601 1915 612 1949; x_wconf 74' lang='lat'>5</span> <span class='ocrx_word' id='word_1_230' title='bbox 649 1902 841 1940; x_wconf 87' lang='lat' dir='ltr'>laetamur</span> <span class='ocrx_word' id='word_1_231' title='bbox 870 1901 1054 1940; x_wconf 90' lang='lat' dir='ltr'>lacunam</span> <span class='ocrx_word' id='word_1_232' title='bbox 1088 1907 1239 1940; x_wconf 85' lang='lat' dir='ltr'>tantam</span> <span class='ocrx_word' id='word_1_233' title='bbox 1272 1901 1325 1939; x_wconf 91' lang='lat' dir='ltr'>ab</span> <span class='ocrx_word' id='word_1_234' title='bbox 1357 1914 1407 1940; x_wconf 96' lang='lat' dir='ltr'>eo</span> <span class='ocrx_word' id='word_1_235' title='bbox 1440 1914 1583 1951; x_wconf 90' lang='lat' dir='ltr'>magna</span> <span class='ocrx_word' id='word_1_236' title='bbox 1616 1913 1664 1939; x_wconf 87' lang='lat' dir='ltr'>ex</span> <span class='ocrx_word' id='word_1_237' title='bbox 1693 1907 1802 1951; x_wconf 87' lang='lat' dir='ltr'>parte</span> <span class='ocrx_word' id='word_1_238' title='bbox 1835 1914 1923 1940; x_wconf 93' lang='lat' dir='ltr'>esse</span> <span class='ocrx_word' id='word_1_239' title='bbox 1955 1903 2151 1953; x_wconf 88' lang='lat' dir='ltr'>expletam</span> <span class='ocrx_word' id='word_1_240' title='bbox 2189 1902 2258 1953; x_wconf 94' lang='lat' dir='ltr'>qui</span> <span class='ocrx_word' id='word_1_241' title='bbox 2289 1903 2439 1954; x_wconf 91' lang='lat' dir='ltr'>primus</span> 
     </span>
     <span class='ocr_line' id='line_1_24' title="bbox 432 1963 1826 2015; baseline -0.001 -13"><span class='ocrx_word' id='word_1_242' title='bbox 432 1963 613 2003; x_wconf 90' lang='lat' dir='ltr'>omnium</span> <span class='ocrx_word' id='word_1_243' title='bbox 643 1978 684 2004; x_wconf 90' lang='lat' dir='ltr'>re</span> <span class='ocrx_word' id='word_1_244' title='bbox 712 1977 803 2003; x_wconf 91' lang='lat' dir='ltr'>vera</span> <span class='ocrx_word' id='word_1_245' title='bbox 831 1963 1012 2015; x_wconf 89' lang='lat' dir='ltr'>probavit</span> <span class='ocrx_word' id='word_1_246' title='bbox 1040 1977 1185 2003; x_wconf 89' lang='lat' dir='ltr'>omnem</span> <span class='ocrx_word' id='word_1_247' title='bbox 1214 1964 1388 2002; x_wconf 86' lang='lat' dir='ltr'>cellulam</span> <span class='ocrx_word' id='word_1_248' title='bbox 1415 1976 1435 2001; x_wconf 87' lang='lat' dir='ltr'>e</span> <span class='ocrx_word' id='word_1_249' title='bbox 1459 1965 1593 2001; x_wconf 86' lang='lat' dir='ltr'>cellula</span> <span class='ocrx_word' id='word_1_250' title='bbox 1622 1963 1826 2013; x_wconf 41' lang='lat' dir='ltr'>generari?</span> 
     </span>
    </p>

    <p class='ocr_par' dir='ltr' id='par_1_7' title="bbox 430 2023 2440 2385">
     <span class='ocr_line' id='line_1_25' title="bbox 542 2023 2440 2077; baseline 0.002 -13"><span class='ocrx_word' id='word_1_251' title='bbox 542 2027 647 2077; x_wconf 90' lang='lat' dir='ltr'>Ergo</span> <span class='ocrx_word' id='word_1_252' title='bbox 685 2040 814 2066; x_wconf 90' lang='lat' dir='ltr'>rerum</span> <span class='ocrx_word' id='word_1_253' title='bbox 852 2033 1015 2066; x_wconf 88' lang='lat' dir='ltr'>naturae</span> <span class='ocrx_word' id='word_1_254' title='bbox 1052 2025 1305 2076; x_wconf 89' lang='lat' dir='ltr'>investigator</span> <span class='ocrx_word' id='word_1_255' title='bbox 1334 2032 1478 2072; x_wconf 91' lang='lat' dir='ltr'>tantus,</span> <span class='ocrx_word' id='word_1_256' title='bbox 1514 2031 1572 2063; x_wconf 90' lang='lat' dir='ltr'>tot</span> <span class='ocrx_word' id='word_1_257' title='bbox 1609 2023 1817 2063; x_wconf 88' lang='lat' dir='ltr'>illustrium</span> <span class='ocrx_word' id='word_1_258' title='bbox 1855 2025 2082 2075; x_wconf 88' lang='lat' dir='ltr'>praesertim</span> <span class='ocrx_word' id='word_1_259' title='bbox 2115 2025 2361 2066; x_wconf 89' lang='lat' dir='ltr'>medicorum</span> <span class='ocrx_word' id='word_1_260' title='bbox 2399 2027 2440 2067; x_wconf 91' lang='lat' dir='ltr'>in</span> 
     </span>
     <span class='ocr_line' id='line_1_26' title="bbox 430 2085 2440 2139; baseline 0.001 -13"><span class='ocrx_word' id='word_1_261' title='bbox 430 2087 660 2136; x_wconf 90' lang='lat' dir='ltr'>Academia,</span> <span class='ocrx_word' id='word_1_262' title='bbox 691 2087 807 2127; x_wconf 88' lang='lat' dir='ltr'>titulo</span> <span class='ocrx_word' id='word_1_263' title='bbox 835 2095 973 2127; x_wconf 92' lang='lat' dir='ltr'>nostro</span> <span class='ocrx_word' id='word_1_264' title='bbox 1002 2087 1222 2126; x_wconf 91' lang='lat' dir='ltr'>honorifico</span> <span class='ocrx_word' id='word_1_265' title='bbox 1251 2086 1335 2126; x_wconf 93' lang='lat' dir='ltr'>iure</span> <span class='ocrx_word' id='word_1_266' title='bbox 1363 2086 1516 2138; x_wconf 90' lang='lat' dir='ltr'>optimo</span> <span class='ocrx_word' id='word_1_267' title='bbox 1545 2087 1763 2125; x_wconf 89' lang='lat' dir='ltr'>decoratur.</span> <span class='ocrx_word' id='word_1_268' title='bbox 1824 2085 1994 2134; x_wconf 90' lang='lat' dir='ltr'>Etenim,</span> <span class='ocrx_word' id='word_1_269' title='bbox 2025 2086 2269 2139; x_wconf 92' lang='lat' dir='ltr'>ubicumque</span> <span class='ocrx_word' id='word_1_270' title='bbox 2297 2089 2440 2129; x_wconf 88' lang='lat' dir='ltr'>florent</span> 
     </span>
     <span class='ocr_line' id='line_1_27' title="bbox 431 2147 2439 2199; baseline 0.001 -12"><span class='ocrx_word' id='word_1_271' title='bbox 431 2148 654 2189; x_wconf 86' lang='lat' dir='ltr'>medicinae</span> <span class='ocrx_word' id='word_1_272' title='bbox 688 2150 819 2188; x_wconf 91' lang='lat' dir='ltr'>studia</span> <span class='ocrx_word' id='word_1_273' title='bbox 852 2161 943 2188; x_wconf 90' lang='lat' dir='ltr'>cum</span> <span class='ocrx_word' id='word_1_274' title='bbox 975 2162 1103 2188; x_wconf 91' lang='lat' dir='ltr'>rerum</span> <span class='ocrx_word' id='word_1_275' title='bbox 1135 2156 1297 2189; x_wconf 89' lang='lat' dir='ltr'>naturae</span> <span class='ocrx_word' id='word_1_276' title='bbox 1327 2148 1604 2188; x_wconf 91' lang='lat' dir='ltr'>observatione</span> <span class='ocrx_word' id='word_1_277' title='bbox 1633 2147 1826 2199; x_wconf 86' lang='lat' dir='ltr'>exquisita</span> <span class='ocrx_word' id='word_1_278' title='bbox 1855 2147 2018 2188; x_wconf 84' lang='lat' dir='ltr'>feliciter</span> <span class='ocrx_word' id='word_1_279' title='bbox 2045 2148 2270 2197; x_wconf 89' lang='lat' dir='ltr'>coniuncta,</span> <span class='ocrx_word' id='word_1_280' title='bbox 2300 2151 2439 2190; x_wconf 89' lang='lat' dir='ltr'>talium</span> 
     </span>
     <span class='ocr_line' id='line_1_28' title="bbox 431 2208 2440 2264; baseline 0.002 -15"><span class='ocrx_word' id='word_1_281' title='bbox 431 2209 602 2250; x_wconf 89' lang='lat' dir='ltr'>virorum</span> <span class='ocrx_word' id='word_1_282' title='bbox 630 2210 794 2250; x_wconf 91' lang='lat' dir='ltr'>nomina</span> <span class='ocrx_word' id='word_1_283' title='bbox 821 2209 862 2249; x_wconf 91' lang='lat' dir='ltr'>in</span> <span class='ocrx_word' id='word_1_284' title='bbox 886 2211 1038 2250; x_wconf 91' lang='lat' dir='ltr'>honore</span> <span class='ocrx_word' id='word_1_285' title='bbox 1063 2210 1236 2250; x_wconf 89' lang='lat' dir='ltr'>maximo</span> <span class='ocrx_word' id='word_1_286' title='bbox 1262 2223 1344 2250; x_wconf 91' lang='lat' dir='ltr'>non</span> <span class='ocrx_word' id='word_1_287' title='bbox 1369 2209 1567 2249; x_wconf 91' lang='lat' dir='ltr'>immerito</span> <span class='ocrx_word' id='word_1_288' title='bbox 1593 2209 1799 2249; x_wconf 88' lang='lat' dir='ltr'>habentur.</span> <span class='ocrx_word' id='word_1_289' title='bbox 1857 2208 2015 2248; x_wconf 87' lang='lat' dir='ltr'>Talium</span> <span class='ocrx_word' id='word_1_290' title='bbox 2042 2217 2147 2250; x_wconf 87' lang='lat' dir='ltr'>certe</span> <span class='ocrx_word' id='word_1_291' title='bbox 2172 2211 2343 2251; x_wconf 90' lang='lat' dir='ltr'>virorum</span> <span class='ocrx_word' id='word_1_292' title='bbox 2369 2226 2440 2264; x_wconf 93' lang='lat' dir='ltr'>per</span> 
     </span>
     <span class='ocr_line' id='line_1_29' title="bbox 430 2272 2439 2328; baseline 0.002 -16"><span class='ocrx_word' id='word_1_293' title='bbox 430 2273 585 2313; x_wconf 90' lang='lat' dir='ltr'>labores</span> <span class='ocrx_word' id='word_1_294' title='bbox 614 2273 734 2313; x_wconf 90' lang='lat' dir='ltr'>verba</span> <span class='ocrx_word' id='word_1_295' title='bbox 761 2273 827 2312; x_wconf 90' lang='lat' dir='ltr'>illa</span> <span class='ocrx_word' id='word_1_296' title='bbox 855 2280 987 2313; x_wconf 88' lang='lat' dir='ltr'>vetera</span> <span class='ocrx_word' id='word_1_297' title='bbox 1013 2287 1105 2313; x_wconf 92' lang='lat' dir='ltr'>vera</span> <span class='ocrx_word' id='word_1_298' title='bbox 1132 2275 1235 2313; x_wconf 90' lang='lat' dir='ltr'>facta</span> <span class='ocrx_word' id='word_1_299' title='bbox 1264 2280 1367 2321; x_wconf 88' lang='lat' dir='ltr'>sunt,</span> <span class='ocrx_word' id='word_1_300' title='bbox 1388 2286 1491 2324; x_wconf 89' lang='lat' dir='ltr'>quae</span> <span class='ocrx_word' id='word_1_301' title='bbox 1519 2272 1663 2313; x_wconf 87' lang='lat' dir='ltr'>Salutis</span> <span class='ocrx_word' id='word_1_302' title='bbox 1688 2272 1729 2312; x_wconf 93' lang='lat' dir='ltr'>in</span> <span class='ocrx_word' id='word_1_303' title='bbox 1753 2274 1903 2324; x_wconf 91' lang='lat' dir='ltr'>templo</span> <span class='ocrx_word' id='word_1_304' title='bbox 1929 2287 2046 2324; x_wconf 88' lang='lat' dir='ltr'>supra</span> <span class='ocrx_word' id='word_1_305' title='bbox 2071 2281 2225 2325; x_wconf 91' lang='lat' dir='ltr'>portam</span> <span class='ocrx_word' id='word_1_306' title='bbox 2251 2275 2439 2328; x_wconf 83' lang='lat' dir='ltr'>inscripta</span> 
     </span>
     <span class='ocr_line' id='line_1_30' title="bbox 432 2335 2059 2385; baseline 0.001 -12"><span class='ocrx_word' id='word_1_307' title='bbox 432 2347 519 2374; x_wconf 91' lang='lat' dir='ltr'>esse</span> <span class='ocrx_word' id='word_1_308' title='bbox 539 2335 689 2375; x_wconf 88' lang='lat' dir='ltr'>debent</span> <span class='ocrx_word' id='word_1_309' title='bbox 704 2335 851 2374; x_wconf 81' lang='lat' dir='ltr'>z—sine</span> <span class='ocrx_word' id='word_1_310' title='bbox 867 2347 995 2373; x_wconf 82' lang='lat' dir='ltr'>rerum</span> <span class='ocrx_word' id='word_1_311' title='bbox 1015 2340 1181 2374; x_wconf 82' lang='lat' dir='ltr'>naturae</span> <span class='ocrx_word' id='word_1_312' title='bbox 1198 2336 1402 2385; x_wconf 82' lang='lat' dir='ltr'>cognitione</span> <span class='ocrx_word' id='word_1_313' title='bbox 1417 2340 1554 2374; x_wconf 86' lang='lat' dir='ltr'>trunca</span> <span class='ocrx_word' id='word_1_314' title='bbox 1573 2340 1610 2373; x_wconf 84' lang='lat' dir='ltr'>et</span> <span class='ocrx_word' id='word_1_315' title='bbox 1625 2335 1757 2374; x_wconf 85' lang='lat' dir='ltr'>debilis</span> <span class='ocrx_word' id='word_1_316' title='bbox 1774 2340 1831 2374; x_wconf 86' lang='lat' dir='ltr'>est</span> <span class='ocrx_word' id='word_1_317' title='bbox 1847 2335 2059 2375; x_wconf 57' lang='lat' dir='ltr'>medzkz‘nat</span> 
     </span>
    </p>

    <p class='ocr_par' dir='ltr' id='par_1_8' title="bbox 432 2392 2438 2508">
     <span class='ocr_line' id='line_1_31' title="bbox 541 2392 2438 2450; baseline 0.002 -14"><span class='ocrx_word' id='word_1_318' title='bbox 541 2398 659 2437; x_wconf 93' lang='lat' dir='ltr'>Duco</span> <span class='ocrx_word' id='word_1_319' title='bbox 687 2397 739 2437; x_wconf 87' lang='lat' dir='ltr'>ad</span> <span class='ocrx_word' id='word_1_320' title='bbox 766 2409 837 2436; x_wconf 93' lang='lat' dir='ltr'>vos</span> <span class='ocrx_word' id='word_1_321' title='bbox 866 2396 1016 2448; x_wconf 88' lang='lat' dir='ltr'>Regiae</span> <span class='ocrx_word' id='word_1_322' title='bbox 1044 2392 1252 2436; x_wconf 84' lang='lat' dir='ltr'>Societatis</span> <span class='ocrx_word' id='word_1_323' title='bbox 1281 2396 1563 2436; x_wconf 91' lang='lat' dir='ltr'>Londiniensis</span> <span class='ocrx_word' id='word_1_324' title='bbox 1588 2409 1713 2435; x_wconf 89' lang='lat' dir='ltr'>unum</span> <span class='ocrx_word' id='word_1_325' title='bbox 1744 2409 1766 2435; x_wconf 94' lang='lat' dir='ltr'>e</span> <span class='ocrx_word' id='word_1_326' title='bbox 1792 2395 1908 2435; x_wconf 91' lang='lat' dir='ltr'>sociis</span> <span class='ocrx_word' id='word_1_327' title='bbox 1930 2396 2134 2444; x_wconf 89' lang='lat' dir='ltr'>extraneis,</span> <span class='ocrx_word' id='word_1_328' title='bbox 2156 2397 2283 2437; x_wconf 91' lang='lat' dir='ltr'>virum</span> <span class='ocrx_word' id='word_1_329' title='bbox 2310 2398 2438 2450; x_wconf 88' lang='lat' dir='ltr'>gentis</span> 
     </span>
     <span class='ocr_line' id='line_1_32' title="bbox 432 2458 1752 2508; baseline -0.001 -11"><span class='ocrx_word' id='word_1_330' title='bbox 432 2458 679 2498; x_wconf 89' lang='lat' dir='ltr'>Teutonicae</span> <span class='ocrx_word' id='word_1_331' title='bbox 698 2458 799 2498; x_wconf 91' lang='lat' dir='ltr'>inter</span> <span class='ocrx_word' id='word_1_332' title='bbox 819 2460 964 2499; x_wconf 88' lang='lat' dir='ltr'>decora</span> <span class='ocrx_word' id='word_1_333' title='bbox 983 2465 1245 2508; x_wconf 90' lang='lat' dir='ltr'>numeratum,</span> <span class='ocrx_word' id='word_1_334' title='bbox 1269 2460 1514 2499; x_wconf 81' lang='lat' dir='ltr'><strong>RUDOLFUM</strong></span> <span class='ocrx_word' id='word_1_335' title='bbox 1534 2460 1752 2498; x_wconf 77' lang='lat' dir='ltr'>V1Rcflow.</span> 
     </span>
    </p>
   </div>
   <div class='ocr_carea' id='block_1_6' title="bbox 1225 2595 1647 2659">
    <p class='ocr_par' dir='ltr' id='par_1_9' title="bbox 1225 2595 1647 2659">
     <span class='ocr_line' id='line_1_33' title="bbox 1225 2595 1647 2659; baseline 0 -17"><span class='ocrx_word' id='word_1_336' title='bbox 1225 2608 1281 2656; x_wconf 89' lang='lat'>27</span> <span class='ocrx_word' id='word_1_337' title='bbox 1321 2595 1490 2659; x_wconf 68' lang='lat' dir='ltr'>April</span> <span class='ocrx_word' id='word_1_338' title='bbox 1526 2597 1647 2656; x_wconf 84' lang='lat'>1893</span> 
     </span>
    </p>
   </div>
   <div class='ocr_carea' id='block_1_7' title="bbox 431 2710 2438 3012">
    <p class='ocr_par' dir='ltr' id='par_1_10' title="bbox 431 2710 2438 3012">
     <span class='ocr_line' id='line_1_34' title="bbox 540 2710 2437 2765; baseline 0.003 -16"><span class='ocrx_word' id='word_1_339' title='bbox 540 2710 653 2763; x_wconf 89' lang='lat'>(209)</span> <span class='ocrx_word' id='word_1_340' title='bbox 675 2713 812 2750; x_wconf 82' lang='lat' dir='ltr'>INTER</span> <span class='ocrx_word' id='word_1_341' title='bbox 827 2712 1073 2751; x_wconf 89' lang='lat' dir='ltr'>coloniarum</span> <span class='ocrx_word' id='word_1_342' title='bbox 1093 2719 1315 2752; x_wconf 89' lang='lat' dir='ltr'>nostrarum</span> <span class='ocrx_word' id='word_1_343' title='bbox 1335 2712 1556 2763; x_wconf 89' lang='lat' dir='ltr'>provincias</span> <span class='ocrx_word' id='word_1_344' title='bbox 1573 2712 1817 2763; x_wconf 91' lang='lat' dir='ltr'>episcopales</span> <span class='ocrx_word' id='word_1_345' title='bbox 1832 2712 2011 2752; x_wconf 89' lang='lat' dir='ltr'>omnium</span> <span class='ocrx_word' id='word_1_346' title='bbox 2032 2712 2305 2763; x_wconf 89' lang='lat' dir='ltr'>antiquissima</span> <span class='ocrx_word' id='word_1_347' title='bbox 2318 2714 2437 2765; x_wconf 92' lang='lat' dir='ltr'>(sicut</span> 
     </span>
     <span class='ocr_line' id='line_1_35' title="bbox 433 2772 2437 2825; baseline 0.001 -14"><span class='ocrx_word' id='word_1_348' title='bbox 433 2772 576 2825; x_wconf 91' lang='lat' dir='ltr'>nostis)</span> <span class='ocrx_word' id='word_1_349' title='bbox 597 2774 713 2812; x_wconf 88' lang='lat' dir='ltr'>Nova</span> <span class='ocrx_word' id='word_1_350' title='bbox 733 2772 865 2812; x_wconf 91' lang='lat' dir='ltr'>Scotia</span> <span class='ocrx_word' id='word_1_351' title='bbox 884 2772 1113 2812; x_wconf 89' lang='lat' dir='ltr'>nominatur</span> <span class='ocrx_word' id='word_1_352' title='bbox 1124 2787 1136 2822; x_wconf 78' lang='lat'>3</span> <span class='ocrx_word' id='word_1_353' title='bbox 1164 2773 1258 2812; x_wconf 87' lang='lat' dir='ltr'>anni</span> <span class='ocrx_word' id='word_1_354' title='bbox 1277 2781 1410 2813; x_wconf 88' lang='lat' dir='ltr'>autem</span> <span class='ocrx_word' id='word_1_355' title='bbox 1430 2781 1592 2813; x_wconf 89' lang='lat' dir='ltr'>centum</span> <span class='ocrx_word' id='word_1_356' title='bbox 1613 2781 1704 2813; x_wconf 90' lang='lat' dir='ltr'>sunt</span> <span class='ocrx_word' id='word_1_357' title='bbox 1723 2773 1849 2813; x_wconf 88' lang='lat' dir='ltr'>exacti</span> <span class='ocrx_word' id='word_1_358' title='bbox 1868 2787 1916 2813; x_wconf 89' lang='lat' dir='ltr'>ex</span> <span class='ocrx_word' id='word_1_359' title='bbox 1935 2787 2026 2824; x_wconf 93' lang='lat' dir='ltr'>quo,</span> <span class='ocrx_word' id='word_1_360' title='bbox 2048 2773 2250 2824; x_wconf 85' lang='lat' dir='ltr'>provincia</span> <span class='ocrx_word' id='word_1_361' title='bbox 2268 2782 2378 2815; x_wconf 91' lang='lat' dir='ltr'>tanta</span> <span class='ocrx_word' id='word_1_362' title='bbox 2396 2775 2437 2815; x_wconf 92' lang='lat' dir='ltr'>in</span> 
     </span>
     <span class='ocr_line' id='line_1_36' title="bbox 431 2835 2438 2887; baseline 0.001 -12"><span class='ocrx_word' id='word_1_363' title='bbox 431 2843 561 2887; x_wconf 91' lang='lat' dir='ltr'>partes</span> <span class='ocrx_word' id='word_1_364' title='bbox 594 2835 730 2884; x_wconf 90' lang='lat' dir='ltr'>divisa,</span> <span class='ocrx_word' id='word_1_365' title='bbox 763 2835 882 2875; x_wconf 90' lang='lat' dir='ltr'>etiam</span> <span class='ocrx_word' id='word_1_366' title='bbox 920 2835 1146 2886; x_wconf 90' lang='lat' dir='ltr'>provinciae</span> <span class='ocrx_word' id='word_1_367' title='bbox 1184 2835 1412 2876; x_wconf 89' lang='lat' dir='ltr'>Canadensi</span> <span class='ocrx_word' id='word_1_368' title='bbox 1444 2837 1559 2876; x_wconf 90' lang='lat' dir='ltr'>datus</span> <span class='ocrx_word' id='word_1_369' title='bbox 1598 2844 1657 2875; x_wconf 88' lang='lat' dir='ltr'>est</span> <span class='ocrx_word' id='word_1_370' title='bbox 1694 2835 1915 2887; x_wconf 89' lang='lat' dir='ltr'>episcopus,</span> <span class='ocrx_word' id='word_1_371' title='bbox 1953 2843 1991 2875; x_wconf 86' lang='lat' dir='ltr'>et</span> <span class='ocrx_word' id='word_1_372' title='bbox 2029 2835 2202 2875; x_wconf 89' lang='lat' dir='ltr'>fluminis</span> <span class='ocrx_word' id='word_1_373' title='bbox 2236 2837 2438 2877; x_wconf 91' lang='lat' dir='ltr'>Laurentii</span> 
     </span>
     <span class='ocr_line' id='line_1_37' title="bbox 431 2897 2438 2949; baseline 0.002 -13"><span class='ocrx_word' id='word_1_374' title='bbox 431 2897 472 2936; x_wconf 91' lang='lat' dir='ltr'>in</span> <span class='ocrx_word' id='word_1_375' title='bbox 497 2897 692 2937; x_wconf 88' lang='lat' dir='ltr'>aestuario</span> <span class='ocrx_word' id='word_1_376' title='bbox 719 2897 994 2949; x_wconf 88' lang='lat' dir='ltr'>pulcherrimo,</span> <span class='ocrx_word' id='word_1_377' title='bbox 1016 2897 1242 2949; x_wconf 90' lang='lat' dir='ltr'>provinciae</span> <span class='ocrx_word' id='word_1_378' title='bbox 1270 2898 1391 2937; x_wconf 90' lang='lat' dir='ltr'>totius</span> <span class='ocrx_word' id='word_1_379' title='bbox 1410 2899 1517 2938; x_wconf 90' lang='lat' dir='ltr'>velut</span> <span class='ocrx_word' id='word_1_380' title='bbox 1543 2898 1584 2936; x_wconf 93' lang='lat' dir='ltr'>in</span> <span class='ocrx_word' id='word_1_381' title='bbox 1610 2898 1697 2949; x_wconf 92' lang='lat' dir='ltr'>ipso</span> <span class='ocrx_word' id='word_1_382' title='bbox 1723 2897 1883 2946; x_wconf 88' lang='lat' dir='ltr'>lumine,</span> <span class='ocrx_word' id='word_1_383' title='bbox 1905 2899 1998 2937; x_wconf 90' lang='lat' dir='ltr'>urbs</span> <span class='ocrx_word' id='word_1_384' title='bbox 2018 2897 2202 2938; x_wconf 91' lang='lat' dir='ltr'>victoriae</span> <span class='ocrx_word' id='word_1_385' title='bbox 2222 2899 2438 2940; x_wconf 67' lang='lat' dir='ltr'>maximae‘</span> 
     </span>
     <span class='ocr_line' id='line_1_38' title="bbox 432 2960 2437 3012; baseline 0.002 -13"><span class='ocrx_word' id='word_1_386' title='bbox 432 2961 592 3000; x_wconf 91' lang='lat' dir='ltr'>conscia</span> <span class='ocrx_word' id='word_1_387' title='bbox 612 2960 788 3012; x_wconf 91' lang='lat' dir='ltr'>episcopi</span> <span class='ocrx_word' id='word_1_388' title='bbox 808 2960 902 3000; x_wconf 90' lang='lat' dir='ltr'>novi</span> <span class='ocrx_word' id='word_1_389' title='bbox 921 2962 1036 3001; x_wconf 89' lang='lat' dir='ltr'>sedes</span> <span class='ocrx_word' id='word_1_390' title='bbox 1056 2961 1261 3012; x_wconf 87' lang='lat' dir='ltr'>designata</span> <span class='ocrx_word' id='word_1_391' title='bbox 1280 2969 1350 3001; x_wconf 90' lang='lat' dir='ltr'>est.</span> <span class='ocrx_word' id='word_1_392' title='bbox 1409 2963 1547 3012; x_wconf 90' lang='lat' dir='ltr'>Nuper</span> <span class='ocrx_word' id='word_1_393' title='bbox 1572 2961 1823 3012; x_wconf 89' lang='lat' dir='ltr'>episcopatus</span> <span class='ocrx_word' id='word_1_394' title='bbox 1846 2961 1921 3010; x_wconf 88' lang='lat' dir='ltr'>ille,</span> <span class='ocrx_word' id='word_1_395' title='bbox 1944 2969 2002 3000; x_wconf 91' lang='lat' dir='ltr'>tot</span> <span class='ocrx_word' id='word_1_396' title='bbox 2024 2975 2220 3001; x_wconf 91' lang='lat' dir='ltr'>annorum</span> <span class='ocrx_word' id='word_1_397' title='bbox 2246 2963 2437 3003; x_wconf 89' lang='lat' dir='ltr'>memoria</span> 
     </span>
    </p>
   </div>
   <div class='ocr_carea' id='block_1_8' title="bbox 429 3054 2435 3185">
    <p class='ocr_par' dir='ltr' id='par_1_11' title="bbox 429 3054 2435 3185">
     <span class='ocr_line' id='line_1_39' title="bbox 517 3054 2432 3100; baseline 0.002 -13"><span class='ocrx_word' id='word_1_398' title='bbox 517 3054 529 3074; x_wconf 84' lang='lat'>¹</span> <span class='ocrx_word' id='word_1_399' title='bbox 552 3056 682 3087; x_wconf 82' lang='lat' dir='ltr'>Lernen</span> <span class='ocrx_word' id='word_1_400' title='bbox 699 3057 775 3087; x_wconf 86' lang='lat' dir='ltr'>und</span> <span class='ocrx_word' id='word_1_401' title='bbox 787 3057 959 3093; x_wconf 78' lang='lat' dir='ltr'>Forschen,</span> <span class='ocrx_word' id='word_1_402' title='bbox 981 3064 1017 3096; x_wconf 84' lang='lat'>15</span> <span class='ocrx_word' id='word_1_403' title='bbox 1036 3056 1110 3089; x_wconf 90' lang='lat' dir='ltr'>Oct.</span> <span class='ocrx_word' id='word_1_404' title='bbox 1135 3058 1228 3099; x_wconf 80' lang='lat'>1892.</span> <span class='ocrx_word' id='word_1_405' title='bbox 1399 3055 1413 3075; x_wconf 71' lang='lat'>2</span> <span class='ocrx_word' id='word_1_406' title='bbox 1439 3057 1606 3088; x_wconf 87' lang='lat' dir='ltr'>Croonian</span> <span class='ocrx_word' id='word_1_407' title='bbox 1623 3057 1759 3088; x_wconf 77' lang='lat' dir='ltr'>Lecture</span> <span class='ocrx_word' id='word_1_408' title='bbox 1775 3056 1814 3087; x_wconf 84' lang='lat' dir='ltr'>of</span> <span class='ocrx_word' id='word_1_409' title='bbox 1829 3056 1867 3088; x_wconf 89' lang='grc'>16</span> <span class='ocrx_word' id='word_1_410' title='bbox 1884 3057 2001 3089; x_wconf 88' lang='lat' dir='ltr'>March</span> <span class='ocrx_word' id='word_1_411' title='bbox 2019 3057 2066 3096; x_wconf 89' lang='lat' dir='ltr'>(in</span> <span class='ocrx_word' id='word_1_412' title='bbox 2081 3057 2223 3097; x_wconf 82' lang='lat' dir='ltr'>Nature,</span> <span class='ocrx_word' id='word_1_413' title='bbox 2245 3069 2262 3090; x_wconf 84' lang='lat'>2</span> <span class='ocrx_word' id='word_1_414' title='bbox 2266 3069 2284 3100; x_wconf 84' lang='lat'><strong>3</strong></span> <span class='ocrx_word' id='word_1_415' title='bbox 2302 3059 2432 3099; x_wconf 87' lang='lat' dir='ltr'>March,</span> 
     </span>
     <span class='ocr_line' id='line_1_40' title="bbox 436 3098 2435 3143; baseline 0.003 -13"><span class='ocrx_word' id='word_1_416' title='bbox 436 3100 529 3142; x_wconf 85' lang='lat'>1893,</span> <span class='ocrx_word' id='word_1_417' title='bbox 546 3101 648 3139; x_wconf 84' lang='lat'><strong>487—</strong></span> <span class='ocrx_word' id='word_1_418' title='bbox 656 3099 744 3141; x_wconf 81' lang='lat'><strong>49²)·</strong></span> <span class='ocrx_word' id='word_1_419' title='bbox 878 3098 892 3119; x_wconf 78' lang='lat'>3</span> <span class='ocrx_word' id='word_1_420' title='bbox 913 3100 982 3131; x_wconf 84' lang='lat' dir='ltr'>Die</span> <span class='ocrx_word' id='word_1_421' title='bbox 1000 3100 1338 3142; x_wconf 79' lang='lat' dir='ltr'>Cellularpatlzologie,</span> <span class='ocrx_word' id='word_1_422' title='bbox 1360 3101 1442 3140; x_wconf 85' lang='lat'>1858</span> <span class='ocrx_word' id='word_1_423' title='bbox 1458 3105 1520 3132; x_wconf 87' lang='lat' dir='ltr'>etc.</span> <span class='ocrx_word' id='word_1_424' title='bbox 1641 3098 1654 3118; x_wconf 82' lang='lat'>‘¹</span> <span class='ocrx_word' id='word_1_425' title='bbox 1678 3099 1804 3138; x_wconf 90' lang='lat' dir='ltr'>Celsus,</span> <span class='ocrx_word' id='word_1_426' title='bbox 1824 3100 1877 3130; x_wconf 74' lang='lat' dir='ltr'>De</span> <span class='ocrx_word' id='word_1_427' title='bbox 1889 3101 2070 3139; x_wconf 62' lang='lat' dir='ltr'>Ala-(lisina,</span> <span class='ocrx_word' id='word_1_428' title='bbox 2089 3101 2201 3143; x_wconf 64' lang='lat' dir='ltr'>Praqf.</span> <span class='ocrx_word' id='word_1_429' title='bbox 2325 3101 2338 3121; x_wconf 77' lang='lat'><strong>⁶</strong></span> <span class='ocrx_word' id='word_1_430' title='bbox 2360 3102 2435 3135; x_wconf 90' lang='lat' dir='ltr'>The</span> 
     </span>
     <span class='ocr_line' id='line_1_41' title="bbox 429 3142 1921 3185; baseline 0 -11"><span class='ocrx_word' id='word_1_431' title='bbox 429 3142 534 3174; x_wconf 84' lang='lat' dir='ltr'>battle</span> <span class='ocrx_word' id='word_1_432' title='bbox 550 3142 588 3174; x_wconf 89' lang='lat' dir='ltr'>of</span> <span class='ocrx_word' id='word_1_433' title='bbox 598 3142 655 3174; x_wconf 85' lang='lat' dir='ltr'>the</span> <span class='ocrx_word' id='word_1_434' title='bbox 672 3142 817 3184; x_wconf 89' lang='lat' dir='ltr'>Heights</span> <span class='ocrx_word' id='word_1_435' title='bbox 833 3142 869 3174; x_wconf 77' lang='lat' dir='ltr'>of</span> <span class='ocrx_word' id='word_1_436' title='bbox 884 3143 1053 3174; x_wconf 82' lang='lat' dir='ltr'>Abraham</span> <span class='ocrx_word' id='word_1_437' title='bbox 1071 3142 1099 3184; x_wconf 89' lang='grc'>(1</span> <span class='ocrx_word' id='word_1_438' title='bbox 1106 3154 1124 3184; x_wconf 80' lang='lat'><strong>3</strong></span> <span class='ocrx_word' id='word_1_439' title='bbox 1143 3145 1236 3184; x_wconf 81' lang='lat' dir='ltr'>Sept.</span> <span class='ocrx_word' id='word_1_440' title='bbox 1258 3145 1365 3185; x_wconf 74' lang='lat'>1759),</span> <span class='ocrx_word' id='word_1_441' title='bbox 1383 3143 1449 3174; x_wconf 89' lang='lat' dir='ltr'>and</span> <span class='ocrx_word' id='word_1_442' title='bbox 1466 3144 1521 3175; x_wconf 89' lang='lat' dir='ltr'>the</span> <span class='ocrx_word' id='word_1_443' title='bbox 1537 3143 1710 3175; x_wconf 87' lang='lat' dir='ltr'>surrender</span> <span class='ocrx_word' id='word_1_444' title='bbox 1725 3143 1762 3174; x_wconf 90' lang='lat' dir='ltr'>os</span> <span class='ocrx_word' id='word_1_445' title='bbox 1774 3143 1921 3184; x_wconf 87' lang='lat' dir='ltr'>Quebec.</span> 
     </span>
    </p>
   </div>
   <div class='ocr_carea' id='block_1_9' title="bbox 1394 3229 1469 3264">
    <p class='ocr_par' dir='ltr' id='par_1_12' title="bbox 1394 3229 1469 3264">
     <span class='ocr_line' id='line_1_42' title="bbox 1394 3229 1469 3264; baseline 0 -10"><span class='ocrx_word' id='word_1_446' title='bbox 1394 3229 1469 3264; x_wconf 90' lang='lat'>104</span> 
     </span>
    </p>
   </div>
   <div class='ocr_carea' id='block_1_10' title="bbox 2624 0 2704 287">
    <p class='ocr_par' dir='ltr' id='par_1_13' title="bbox 2624 0 2704 287">
     <span class='ocr_line' id='line_1_43' title="bbox 2624 0 2704 287; baseline 0 3483"><span class='ocrx_word' id='word_1_447' title='bbox 2624 0 2704 287; x_wconf 95' lang='lat' dir='ltr'> </span> 
     </span>
    </p>
   </div>
  </div>
 </body>
</html>
