2704 3770
215 337 406 390 Robert
449 337 502 386 Y
493 337 708 387 alverton
753 333 970 400 Tyrrell.
1028 332 1172 400 Jolzn
1208 331 1396 382 Robert
1432 331 1609 398 Seeley.
1683 331 1850 382 Leslz'e
1887 332 2116 398 Stephon.

160 487 365 528 aemulum
391 492 432 526 et
460 483 642 524 invidum
671 484 743 524 sed
772 481 926 523 socium
956 487 996 521 et
1023 479 1199 520 amicum
1229 479 1363 519 statim
1389 478 1561 531 agnovit.
1620 478 1788 519 Utinam
1815 479 1968 519 amicus
1993 489 2192 533 superstes

160 560 264 601 opus
282 547 423 599 ingens
442 547 495 587 de
510 545 619 586 Iovis
634 552 674 586 et
689 543 850 585 Saturni
866 542 1042 584 motibus
1061 541 1301 594 perturbatis
1314 540 1464 581 abhinc
1478 553 1606 580 annos
1622 541 1943 592 quattuordecim
1959 541 2193 583 incohatum

160 611 215 652 ad
238 609 389 651 exitum
409 609 567 650 felicem
589 608 810 661 aliquando
835 608 1050 660 perducat!
1108 607 1203 658 Ipse
1225 619 1356 646 rerum
1380 604 1564 645 omnium
1583 604 1718 657 opifex
1737 604 1929 655 caelestis,
1950 619 2044 645 cum
2064 614 2195 647 cetera

161 671 428 714 animantium
447 686 594 725 genera
612 679 757 712 terram
776 684 905 724 prona
925 678 1105 723 spectare
1124 683 1265 722 passus
1285 669 1346 718 sit,

683 747 693 766 ‘
707 757 753 784 os
781 743 937 784 homini
965 742 1138 783 sublime
1166 741 1291 791 dedit,
1322 742 1561 793 caelumque
1589 741 1690 782 tueri

705 798 830 847 iussit,
861 805 902 838 et
930 804 1084 837 erectos
1112 798 1164 836 ad
1193 796 1324 836 sidera
1352 797 1491 837 tollere
1520 797 1653 836 vultus
1667 796 1705 835 ’¹.

163 872 414 913 Praeclarum
444 870 562 923 igitur
589 870 783 923 quiddam
813 870 970 910 videtur
997 869 1167 920 adeptus
1195 867 1229 908 is
1258 866 1337 920 qui,
1360 880 1441 919 qua
1469 881 1510 908 re
1539 867 1724 908 homines
1752 868 2025 909 animantibus
2054 869 2195 910 ceteris

162 941 376 988 praestent,
397 947 445 974 ea
473 933 514 973 in
541 947 583 974 re
611 932 844 973 hominibus
869 931 965 984 ipsis
990 931 1233 971 antecellat2.
1293 931 1400 982 Ergo
1423 931 1463 969 N
1466 930 1610 971 ewtoni
1637 937 1676 970 et
1697 930 1882 971 Newtoni
1908 931 2196 983 discipulorum

163 999 206 1038 in
225 997 448 1038 Academia
466 997 688 1038 astronomi
707 995 832 1037 nostri
853 994 988 1047 magni
1007 993 1162 1035 socium
1183 995 1436 1046 superstitem
1456 993 1573 1034 titulo
1593 1000 1731 1034 nostro
1753 993 1924 1034 libenter
1946 995 2194 1034 decoramus.

274 1061 394 1101 Duco
412 1062 466 1101 ad
486 1074 557 1101 vos
577 1061 814 1101 GEORGmM
834 1060 1085 1098 WILELMUM
1107 1059 1233 1097 HrLL.

271 1164 388 1220 (201)
435 1166 542 1208 Cum
585 1165 806 1206 Academia
850 1164 1113 1205 Dublinensis
1155 1177 1284 1204 annos
1321 1171 1522 1204 trecentos
1559 1164 1726 1205 feliciter
1763 1171 1923 1205 exactos
1960 1164 2196 1217 propediem

163 1229 410 1271 celebratura
446 1230 509 1278 sit,
547 1230 647 1270 nihil
683 1229 926 1282 auspicatius
965 1227 1152 1269 ducimus
1189 1241 1311 1280 quarn
1356 1227 1463 1268 sedis
1501 1228 1709 1268 doctrinae
1755 1235 1838 1268 tam
1884 1227 2050 1280 insignis
2096 1227 2199 1268 inter

164 1292 414 1333 Professores
443 1293 608 1333 dotibus
637 1300 718 1332 tam
750 1291 866 1331 variis
900 1297 1064 1331 ornatos
1097 1303 1223 1330 unum
1255 1290 1395 1330 saltem
1426 1289 1543 1330 titulo
1575 1297 1713 1330 nostro
1741 1291 1966 1331 honorifico
1994 1291 2195 1331 decorare.

163 1354 293 1395 Adest
311 1355 370 1395 vir
388 1354 458 1407 qui
477 1354 695 1395 litterarum
715 1353 970 1405 antiquarum
996 1352 1038 1392 in
1065 1360 1232 1404 utraque
1255 1351 1471 1403 provincia,
1492 1353 1601 1392 velut
1622 1353 1722 1392 alter
1746 1352 1985 1402 Alexander,
2006 1353 2115 1393 orbis
2138 1353 2199 1394 sui

163 1417 356 1459 terminos
383 1417 548 1459 artiores
576 1418 800 1466 arbitratus,
821 1429 914 1456 cum
945 1415 1148 1468 Euripidis
1178 1416 1370 1464 Baccha&
1396 1428 1498 1467 opus
1526 1415 1758 1455 Alexandro
1786 1415 1862 1467 ipsi
1890 1429 1974 1456 non
2002 1415 2196 1468 ignotum,

164 1481 320 1532 egregie
338 1480 550 1530 ediderat³‚
571 1479 732 1532 linguae
752 1478 919 1519 Latinae
939 1479 1139 1530 professor
1158 1479 1309 1518 electus
1328 1484 1387 1518 est
1401 1491 1413 1526 3
1441 1490 1616 1529 cumque
1631 1476 1823 1530 deinceps
1841 1477 2000 1530 linguae
2021 1479 2199 1519 Graecae

164 1542 398 1584 cathedram
418 1543 597 1591 ornabat,
620 1541 751 1582 Plauti
773 1540 946 1581 Militem
967 1540 1197 1581 Gloriosum
1218 1538 1384 1580 feliciter
1402 1539 1643 1592 explicavit⁴,
1660 1546 1700 1580 et
1719 1539 1827 1579 Tulli
1846 1540 2035 1593 epistolas
2055 1554 2197 1581 omnes

163 1604 482 1658 interpretandas
497 1605 573 1646 sibi
588 1604 788 1657 sumpsit⁵.
848 1605 964 1645 Idem
981 1611 1090 1644 tactu
1105 1617 1227 1655 quam
1243 1603 1319 1643 levi
1334 1603 1486 1643 cottabi
1501 1604 1542 1643 in
1562 1604 1652 1644 lusu
1667 1603 1865 1653 excellit⁶3
1896 1606 2199 1645 Hermathenae

165 1669 354 1722 quotiens
367 1683 491 1722 quam
505 1670 713 1722 auspicato
726 1668 812 1708 litat
825 1683 835 1718 ;
862 1667 980 1707 donis
996 1681 1117 1719 quarn
1133 1666 1287 1707 eximiis
1305 1668 1445 1706 Musas
1460 1666 1566 1718 ipsas
1582 1680 1702 1718 quam
1718 1667 1879 1707 assidue
1895 1667 2033 1708 colit⁷!
2091 1670 2198 1720 Ergo

167 1733 378 1772 Musarum
397 1733 592 1772 cultorem
613 1731 781 1780 felicem,
802 1730 1020 1770 litterarum
1040 1729 1295 1780 antiquarum
1314 1728 1496 1768 criticum
1516 1736 1691 1777 acutum,
1709 1729 1965 1781 interpretem
1984 1730 2196 1779 eruditum,

165 1794 295 1836 virum
314 1795 521 1848 utriusque
539 1795 698 1848 linguae
718 1807 924 1835 sermones
943 1795 1124 1843 doctum,
1145 1794 1279 1832 laurea
1299 1799 1434 1832 nostra
1454 1792 1576 1832 hodie
1595 1791 1765 1832 libenter
1783 1805 1983 1833 ornamus.

275 1859 396 1899 Duco
413 1859 468 1899 ad
485 1871 557 1898 vos
579 1859 822 1898 ROBERTUM
842 1857 1107 1896 YELVER‘roN
1127 1857 1344 1895 TYRRELL.

273 1961 390 2017 (202)
419 1963 509 2005 Sive
537 1963 579 2004 in
607 1963 772 2004 historia
799 1962 1052 2003 contexenda
1080 1961 1162 2001 sive
1190 1960 1232 2000 in
1256 1960 1554 2001 commentariis
1582 1960 1884 2002 conscribendis
1908 1962 2007 2002 nihil
2035 1977 2134 2016 pura
2159 1972 2199 2005 et

163 2026 305 2068 illustn'
337 2027 530 2068 brevitate
557 2027 745 2068 dulcius⁸.
805 2028 1001 2078 Magnum
1032 2026 1213 2077 profecto
1246 2031 1307 2064 est
1340 2024 1449 2064 urbis
1481 2026 1639 2065 Romae
1669 2020 2200 2069 exordium‘commentario

164 2088 302 2130 lucido
320 2089 581 2140 illustrasse⁹;
610 2089 738 2129 maius
758 2088 867 2141 pacis
888 2087 1142 2127 Britannicae
1158 2086 1407 2127 maiestatem
1427 2086 1666 2128 immensam
1688 2087 1817 2127 verbis
1831 2098 2068 2140 argumento
2087 2098 2201 2132 tanto

165 2164 250 2192 non
278 2151 453 2205 indignis
481 2151 712 2204 explicasse,
743 2160 782 2192 et
810 2150 967 2203 imperii
997 2149 1217 2190 Britannici
1245 2157 1305 2189 tot
1334 2157 1476 2202 partes,
1504 2150 1557 2189 ab
1586 2163 1740 2190 oceano
1767 2164 1850 2190 non
1878 2150 1968 2200 iam,
1998 2160 2042 2192 ut
2069 2161 2199 2202 antea,

165 2215 409 2256 dissociabili
446 2215 694 2264 coniunctas,
733 2214 854 2255 etiam
893 2214 1054 2254 foedere
1088 2227 1171 2253 uno
1203 2212 1424 2264 aliquando
1462 2213 1755 2254 consociandas
1789 2215 2058 2257 ostendissem.
2118 2218 2201 2268 Qui

167 2277 417 2330 Napoleonis
447 2277 489 2317 in
518 2279 679 2318 saeculo
709 2276 950 2318 Germaniae
981 2276 1196 2328 imaginem
1227 2276 1364 2315 labore
1397 2275 1608 2325 immenso,
1639 2278 1747 2317 velut
1778 2291 1801 2317 e
1832 2291 1938 2327 saxo,
1975 2280 2202 2332 exsculpsit,

166 2339 275 2382 idem
302 2341 552 2393 Napoleonis
576 2340 697 2380 vitam
723 2340 845 2380 libelli
870 2339 989 2380 unius
1008 2339 1111 2379 intra
1130 2339 1322 2379 terminos
1341 2339 1506 2380 artiores
1525 2339 1731 2381 inclusit11.
1791 2342 1873 2392 Qui
1899 2356 1950 2382 ne
1976 2343 2202 2396 theologiae

167 2403 332 2456 quidem
369 2416 515 2444 arcana
547 2402 696 2443 intacta
728 2402 929 2455 reliquit12,
966 2402 1075 2442 idem
1108 2415 1238 2442 rerum
1271 2401 1522 2454 publicarum
1556 2404 1609 2443 de
1642 2403 1783 2444 studiis
1817 2404 1921 2445 inter
1953 2405 2201 2447 iuventutem

168 2466 467 2516 Academiam,
502 2467 610 2506 velut
641 2467 740 2506 alter
774 2467 968 2515 Socrates,
1002 2464 1198 2505 subtiliter
1231 2464 1419 2516 disputat.
1479 2466 1642 2515 Quanta
1674 2481 1768 2508 vero
1798 2468 2048 2510 audientium
2086 2471 2203 2511 turba

167 2528 336 2581 stipatus
372 2542 495 2581 quam
537 2527 714 2569 dilucide
751 2529 803 2568 de
841 2527 1028 2567 historiae
1066 2526 1298 2567 recentioris
1334 2528 1578 2579 argumentis
1615 2528 1797 2570 disserit!
1854 2532 1998 2572 Cetera
2036 2532 2201 2584 quidem

167 2590 414 2633 Academiae
441 2591 574 2631 studia
602 2591 851 2630 Professores
877 2602 949 2629 sua
972 2603 1174 2641 quemque
1201 2589 1242 2628 in
1267 2589 1472 2641 provincia
1496 2589 1672 2642 insignes
1701 2591 1850 2632 iactant
1863 2607 1874 2642 3
1903 2593 2067 2634 historia
2095 2609 2200 2645 vero,

171 2653 305 2695 ‘testis
333 2661 572 2706 temporum,
594 2654 661 2693 lux
689 2651 875 2699 veritatis,
896 2652 976 2692 vita
1004 2652 1233 2701 memoriae,
1263 2652 1449 2704 magistra
1478 2652 1647 2702 vitae’¹³‚
1669 2667 1749 2705 qua
1778 2668 1878 2695 voce
1908 2656 2050 2696 melius
2080 2670 2202 2710 quam

170 2717 409 2759 Professoris
437 2717 563 2758 nostri
591 2715 853 2759 Universitati
881 2715 955 2755 toti
983 2715 1259 2755 commendari
1288 2717 1445 2767 potest?

279 2782 399 2822 Duco
418 2782 471 2822 ad
490 2794 562 2822 vos
582 2781 853 2823 Professorem
875 2780 1048 2819 SEELEY.

277 2885 393 2939 (203)
412 2884 658 2926 Academiae
678 2883 806 2936 spatia
825 2883 922 2924 olim
942 2883 1114 2936 pedibus
1134 2883 1215 2924 suis
1231 2883 1461 2936 pernicibus
1480 2897 1617 2936 pressa
1637 2885 1770 2926 revisit
1790 2887 1913 2928 hodie
1931 2887 2002 2928 viri
2022 2888 2201 2941 insignis,

168 2946 358 2988 historiae
389 2948 598 2999 quondam
632 2945 870 2986 Professoris
904 2946 1290 2999 cantabrigiensisu,
1318 2946 1433 2996 filius,
1459 2946 1517 2986 vir
1547 2946 1766 2988 litterarum
1796 2949 1916 2991 laude
1949 2950 2120 3001 illustris,
2146 2952 2204 2992 vir

258 3024 271 3046 ¹
294 3025 397 3065 Ovid,
413 3027 497 3059 Met.
513 3026 524 3059 i
540 3028 582 3068 85
598 3026 622 3059 f.
739 3023 754 3045 Β
777 3025 908 3063 Cicero,
926 3026 980 3058 De
993 3026 1072 3058 [ηυ-
1091 3025 1102 3058 ἰ
1118 3036 1148 3068 5.
1263 3023 1277 3045 ³
1300 3025 1353 3058 ed.
1378 3027 1473 3067 1871.
1573 3024 1587 3045 ⁴
1610 3026 1664 3059 ed.
1682 3037 1711 3066 2,
1735 3027 1830 3068 1885.
1935 3027 1949 3049 ὅ
1975 3030 2202 3074 1879-ι9οο,

170 3068 187 3092 ⁰
208 3068 428 3104 Contributor
443 3076 479 3103 to
494 3070 716 3114 Hesperidum
733 3070 883 3102 Susurri
898 3068 1024 3112 (1867),
1044 3070 1111 3102 and
1128 3070 1169 3102 K
1164 3070 1286 3102 ottabos
1303 3069 1403 3112 (1869
1412 3070 1452 3110 f).
1619 3068 1633 3090 ⁷
1657 3070 1710 3103 ed.
1728 3071 1861 3104 Dublin
1884 3073 2117 3107 Translatzbns
2132 3076 2205 3108 into

175 3113 277 3147 Greek
291 3114 364 3146 and
376 3113 483 3147 Latin
508 3114 612 3153 Verse,
636 3115 728 3147 1882.
864 3112 878 3134 ⁸
901 3113 1031 3153 Cicero,
1051 3114 1194 3154 Brutus,
1214 3112 1268 3146 62.
1401 3111 1415 3133 ⁹
1439 3113 1524 3156 Livy
1541 3113 1563 3153 i,
1586 3115 1679 3156 1871.
1816 3113 1844 3135 ¹⁰
1873 3117 1940 3150 The
1955 3118 2156 3161 Expansion
2171 3119 2214 3170 ο]

167 3158 346 3245 ῗηξὶανὲἶ,
367 3159 461 3234 118183.
549 3156 575 3178 ¹¹
599 3159 702 3198 Stez'n,
727 3158 830 3200 1879;
855 3157 1035 3199 Napoleon,
1057 3159 1149 3199 1885.
1251 3156 1278 3177 ¹2
1300 3158 1384 3190 Ecce
1400 3158 1520 3196 Homo,
1542 3156 1636 3199 1865.
1734 3157 1762 3178 ¹⁸
1789 3159 1922 3200 Orator,
1941 3160 1995 3194 66.
2100 3161 2127 3182 ²⁴
2150 3163 2205 3197 Sir

190 3212 284 3235 ames
340 3212 383 3245 ep
408 3211 462 3235 en.

1144 3275 1215 3302 101
