2704 3770
548 312 605 380 J.
650 313 708 363 G.
747 314 1003 365 Darboux.
1076 314 1145 364 A.
1185 314 1256 364 A.
1294 315 1587 366 Michelson.
1659 316 1738 367 M
1781 316 1840 367 G.
1879 315 2300 383 Mittag-Leffler.

428 456 550 494 modo
569 453 663 493 solis
682 455 733 493 de
753 453 902 493 lumine
921 453 962 493 in
981 461 1110 505 partes
1130 468 1220 494 suas
1239 456 1445 503 solvendo,
1466 457 1537 495 sed
1556 455 1676 495 etiam
1696 455 1802 496 orbis
1822 464 2010 496 terrarum
2031 458 2082 497 de
2102 458 2207 497 mole
2234 458 2435 499 metienda

426 530 496 569 per
514 530 641 557 annos
660 517 850 568 plurimos
869 519 1067 568 praeclare
1087 517 1280 558 meritum.
1340 518 1459 558 Lucis
1479 518 1518 557 in
1540 526 1679 558 natura
1698 519 1942 570 explicanda,
1960 527 2109 570 quanta
2123 533 2215 559 cum
2230 519 2434 560 doctrinae

426 578 632 630 elegantia,
656 586 805 629 quanta
829 592 921 617 cum
950 578 1308 629 experimentorum
1339 579 1565 629 subtilitate,
1597 593 1717 630 quam
1746 579 1815 619 diu
1841 587 2016 620 versatus
2044 588 2114 620 est.
2174 582 2289 621 Idem
2313 594 2433 632 quam

425 650 608 682 accurate
643 641 894 682 velocitatem
931 641 1039 681 illam
1071 649 1131 682 est
1164 641 1381 691 dimensus,
1416 655 1495 693 qua
1531 655 1601 693 per
1637 642 1736 682 aeris
1774 642 2022 682 intervallum
2059 643 2299 684 immensum
2336 642 2436 684 lucis

426 705 635 745 simulacra
662 705 926 745 minutissima
953 704 1238 753 transvolitant‚

914 771 1211 822 ‘suppeditatur
1239 770 1345 810 enim
1367 770 1584 810 confestim
1613 770 1764 810 lumine
1791 772 1938 819 lumen,

936 832 975 864 et
1003 824 1116 876 quasi
1143 826 1297 876 protelo
1325 824 1547 864 stimulatur
1575 826 1722 876 fulgere
1751 826 1931 876 fulgur'1.

427 894 545 935 Lucis
573 893 899 934 transmittendae
927 893 968 932 in
996 892 1294 944 λαμπαδηφορίᾳ
1321 906 1442 944 quam
1472 892 1634 933 feliciter
1659 894 1843 943 lampada
1869 906 1892 932 a
1915 893 2016 932 suis²
2035 893 2109 933 sibi
2138 892 2322 933 traditam
2350 892 2435 945 ipse

425 957 544 998 etiam
565 966 671 997 trans
691 970 840 1008 aequor
859 956 1103 996 Atlanticum
1123 956 1208 996 alii³
1227 956 1398 996 tradidit.

536 1021 653 1059 Duco
671 1020 723 1058 ad
743 1032 813 1058 vos
832 1020 1075 1057 ALFREDUM
1097 1019 1263 1058 CORNU.

535 1126 646 1178 (316)
678 1125 863 1176 Sequitur
895 1124 1084 1175 deinceps
1117 1124 1173 1163 vir
1206 1123 1368 1175 insignis
1402 1123 1595 1163 Nemausi
1625 1131 1751 1170 natus,
1783 1123 2063 1163 Parisiensium
2093 1123 2134 1162 in
2169 1122 2435 1164 Universitate

426 1189 564 1229 illustri
592 1188 849 1240 geometriam
877 1187 946 1227 diu
975 1188 1174 1238 professus
1201 1194 1240 1226 et
1269 1186 1520 1226 scientiarum
1549 1185 1725 1225 facultati
1756 1185 1828 1225 toti
1856 1185 2112 1236 praepositus.
2172 1185 2311 1225 Peritis
2339 1191 2436 1224 nota

426 1259 518 1292 sunt
542 1258 728 1303 quattuor
753 1251 820 1291 illa
842 1251 1054 1298 volumina,
1074 1250 1115 1289 in
1140 1249 1284 1302 quibus
1308 1249 1604 1300 superficierum
1628 1248 1821 1288 rationem
1841 1248 2086 1288 universam⁴
2103 1248 2262 1288 inclusit
2275 1263 2286 1297 3
2314 1247 2433 1288 etiam

426 1315 603 1366 pluribus
641 1322 781 1354 notum
819 1322 889 1361 est,
929 1322 1123 1365 quantum
1160 1313 1308 1364 patriae
1345 1314 1494 1364 legatus
1532 1311 1884 1351 deliberationibus
1921 1311 1997 1357 illis
2034 1311 2232 1362 profuerit,
2272 1324 2375 1363 quae
2411 1324 2436 1350 a

427 1377 624 1417 Societate
643 1384 777 1416 nostra
797 1376 924 1427 Regia
945 1375 1117 1427 primum
1141 1374 1354 1422 institutae,
1376 1374 1418 1413 id
1441 1373 1692 1424 potissimum
1716 1380 1908 1423 spectant,
1928 1380 1971 1411 ut
1997 1372 2183 1412 omnibus
2207 1385 2230 1412 e
2251 1371 2436 1424 gentibus

426 1437 618 1490 quicquid
637 1452 660 1477 a
679 1438 932 1477 scientiarum
948 1436 1166 1477 cultoribus
1181 1435 1436 1487 conquiritur,
1453 1434 1596 1474 indicis
1611 1433 1728 1473 unius
1748 1433 1789 1472 in
1805 1435 2044 1480 thesaurum,
2058 1433 2235 1484 gentium
2255 1433 2435 1474 omnium

425 1503 478 1542 ad
506 1502 688 1549 fructum,
721 1500 762 1539 in
790 1507 994 1551 posterum
1017 1500 1270 1539 conferatur⁶.
1330 1500 1500 1549 Incepto
1528 1505 1640 1537 tanto
1668 1497 1806 1536 talium
1835 1497 2007 1537 virorum
2035 1497 2180 1537 auxilio
2206 1498 2259 1537 ad
2287 1498 2436 1537 exitum

426 1564 631 1614 perducto,
661 1561 762 1602 inter
787 1575 927 1601 omnes
955 1568 1093 1612 gentes
1122 1560 1158 1600 ei
1185 1560 1253 1611 qui
1281 1573 1411 1600 rerum
1445 1566 1608 1598 naturae
1636 1558 1865 1610 praesertim
1894 1558 2099 1598 scientiam
2128 1560 2324 1607 excolunt,
2350 1557 2436 1598 sine

426 1625 551 1666 dubio
581 1625 746 1665 vinculis
774 1624 984 1664 artioribus
1012 1623 1114 1663 inter
1143 1637 1229 1664 sese
1258 1623 1560 1674 coniungentur.

534 1690 652 1728 Duco
670 1688 722 1727 ad
742 1700 812 1727 vos
833 1688 1036 1726 IoANNEM
1058 1687 1296 1726 GASTONUM
1319 1688 1542 1725 DARssoux.

533 1789 647 1843 (317)
684 1791 813 1828 Trans
850 1801 1000 1840 aequor
1036 1787 1283 1827 Atlanticum
1320 1789 1372 1827 ad
1410 1800 1483 1827 nos
1521 1788 1711 1827 advectus
1749 1794 1807 1827 est
1845 1786 1902 1826 vir
1938 1786 2112 1839 insignis,
2148 1787 2217 1840 qui
2249 1801 2296 1828 ea
2333 1800 2436 1839 quae

427 1855 624 1906 professor
652 1858 787 1891 noster
816 1850 1061 1890 Lucasianus
1090 1851 1141 1890 de
1169 1849 1337 1889 aetheris
1366 1849 1551 1889 immensi
1579 1848 1750 1900 regione,
1782 1849 1823 1887 in
1852 1862 1931 1900 qua
1959 1851 2025 1888 lux
2052 1857 2299 1901 propagatur,
2329 1849 2436 1890 orbis

426 1925 616 1957 terrarum
636 1922 747 1954 motu
767 1914 1006 1965 perturbata,
1028 1912 1123 1952 olim
1143 1912 1424 1964 praesagiebat,
1447 1911 1531 1962 ipse
1552 1911 1829 1963 experimentis
1849 1911 2052 1963 exquisitis
2071 1912 2258 1952 adhibitis
2277 1912 2436 1964 penitus

427 1976 652 2029 exploravit.
712 1974 831 2014 Lucis
855 1975 1120 2025 explorandae
1142 1973 1182 2012 in
1210 1973 1413 2024 provincia
1435 1973 1467 2012 is
1490 1980 1596 2012 certe
1620 1972 1873 2012 scientiarum
1892 1972 1994 2012 inter
2019 1973 2170 2012 lumina
2194 1980 2433 2021 numeratur,

427 2041 496 2092 qui
515 2039 611 2079 olim
630 2039 792 2077 fratrum
812 2044 1036 2076 nostrorum
1056 2035 1404 2075 transmarinorum
1426 2035 1467 2074 in
1487 2037 1612 2075 classe
1632 2049 1714 2075 non
1733 2035 1902 2087 ignotus,
1920 2037 2103 2086 lampade
2118 2043 2224 2075 trans
2239 2049 2435 2075 oceanum

427 2117 450 2143 e
479 2101 608 2142 Gallia
635 2099 711 2139 sibi
739 2099 900 2138 tradita⁶
927 2097 1091 2137 feliciter
1117 2105 1292 2149 accepta,
1315 2097 1434 2137 etiam
1464 2097 1604 2136 exteris
1631 2097 1816 2148 gentibus
1843 2097 1975 2136 subito
2003 2097 2159 2144 affulsit,
2184 2097 2434 2137 velocitatem

426 2165 662 2205 immensam
682 2163 880 2213 eleganter
898 2159 1114 2207 dimensus,
1137 2173 1215 2210 qua
1234 2159 1333 2198 lucis
1353 2161 1496 2198 fluctus
1517 2159 1700 2199 videntur
1720 2159 1780 2211 (ut
1802 2158 1960 2198 Lucreti
1980 2159 2108 2198 verbis
2129 2162 2232 2210 utar)

834 2231 929 2276 ‘per
957 2232 1086 2264 totum
1114 2224 1213 2264 caeli
1242 2223 1413 2275 spatium
1442 2223 1664 2263 diffundere
1692 2237 1789 2271 sese,

857 2293 1007 2331 perque
1035 2280 1165 2318 volare
1195 2292 1302 2318 mare
1330 2292 1376 2317 ac
1405 2285 1536 2324 terras,
1567 2279 1803 2329 caelumque
1831 2276 2005 2329 rigare'⁷.

538 2349 655 2387 Duco
674 2346 727 2385 ad
746 2358 816 2385 vos
835 2346 1073 2384 ALBERTUM
1094 2345 1309 2382 ABRAHAM
1332 2344 1600 2382 M1CHELsoN.

537 2441 651 2496 (318)
685 2439 947 2481 Scandinavia
975 2441 1028 2479 ad
1061 2452 1134 2479 nos
1165 2438 1271 2478 misit
1299 2438 1487 2478 scientiae
1515 2438 1818 2478 mathematicae
1845 2439 2108 2489 professorem
2135 2439 2336 2488 illustrem,
2367 2439 2436 2491 qui

428 2507 649 2549 studiorum
673 2517 835 2545 suorum
860 2505 967 2543 velut
991 2516 1013 2542 e
1036 2515 1180 2553 campo
1203 2515 1303 2552 puro
1326 2503 1486 2541 laudem
1509 2501 1719 2553 plurimam
1745 2501 1870 2541 victor
1892 2501 2112 2553 reportavit.
2171 2503 2287 2542 Idem
2315 2503 2436 2554 Regis

427 2570 487 2611 sui
519 2569 714 2621 auspiciis,
744 2567 811 2618 qui
839 2565 1022 2617 praemiis
1052 2564 1263 2616 propositis
1291 2578 1480 2616 magnum
1509 2564 1602 2604 huic
1627 2564 1815 2604 scientiae
1842 2565 1973 2604 attulit
1999 2565 2286 2613 adiumentum,
2316 2565 2436 2605 etiam

427 2641 646 2673 exterarum
664 2629 841 2682 gentium
861 2630 913 2668 ad
933 2640 1189 2667 communem
1208 2627 1379 2665 fructum
1399 2639 1522 2677 prope
1542 2626 1679 2678 viginti
1697 2640 1768 2678 per
1785 2640 1913 2666 annos
1935 2628 2037 2666 Acta
2060 2626 2126 2665 illa
2151 2627 2436 2667 Mathematica

427 2693 564 2742 edidit,
599 2705 702 2743 quae
738 2691 778 2729 in
812 2689 873 2729 his
911 2687 1051 2729 studiis
1090 2687 1202 2739 quasi
1238 2687 1417 2738 gentium
1455 2687 1635 2727 omnium
1668 2687 1955 2727 internuntium
1988 2700 2074 2727 esse
2107 2687 2282 2728 dixerim.
2342 2690 2435 2740 Ipse

429 2757 633 2795 Homerus
653 2754 713 2805 (ut
736 2751 897 2791 Pindari
922 2763 1055 2790 versus
1078 2750 1200 2789 verbo
1223 2763 1305 2789 uno
1328 2757 1483 2789 tantum
1508 2757 1660 2789 mutato
1679 2748 1894 2801 proferam)
1913 2746 2079 2802 ἄγγελον
2099 2749 2214 2788 ἐσλὸν
2233 2749 2307 2799 ἔφα
2325 2750 2436 2800 τιμὰν

427 2818 612 2871 μεγίσταν
629 2816 822 2868 πράγματι
840 2813 951 2852 παντὶ
969 2813 1115 2863 φέρειν·
1143 2810 1294 2857 αὔξεται
1313 2812 1374 2850 καὶ
1394 2812 1605 2861 Μάθησις
1624 2811 1668 2850 δι’
1687 2812 1867 2865 ἀγγελίας
1886 2812 2029 2863 ὄρθᾶςδ.

538 2882 656 2920 Duco
675 2880 727 2919 ad
746 2892 816 2918 vos
837 2880 1037 2917 MAGNUM
1059 2877 1298 2916 GUSTAVUM
1320 2877 1716 2914 MITTAG-LEFFLER.

515 2966 529 2985 ¹
553 2964 736 3003 Lucretius,
754 2965 787 2996 iv
806 2965 877 3006 189.
979 2960 994 2981 ²
1016 2962 1044 2994 F
1047 2962 1135 2993 izeau
1151 2961 1218 2993 and
1236 2961 1408 2993 Foucault.
1511 2959 1526 2980 ³
1548 2961 1592 2992 A.
1609 2961 1651 2993 A.
1673 2960 1860 2992 Michelson
1879 2959 1946 3002 (no.
1964 2968 2025 3001 317
2042 2959 2162 3002 infra).
2264 2959 2279 2980 ⁴
2301 2960 2435 3002 Theory

429 3009 466 3041 of
480 3008 640 3048 Sursaees,
662 3009 821 3050 1887-98.
909 3004 922 3024 ⁶
946 3005 1187 3037 International
1203 3004 1386 3046 catalogue
1402 3004 1440 3035 of
1451 3003 1619 3037 Scientific
1634 3004 1768 3045 Papers.
1857 3001 1870 3022 ⁶
1893 3004 1943 3045 By
1959 3006 2002 3035 A.
2018 3004 2130 3035 Cornu
2145 3003 2211 3046 (no.
2229 3013 2291 3046 315
2302 3005 2432 3046 supra).

428 3050 442 3072 ⁷
464 3053 497 3084 iv
514 3063 588 3084 202.
752 3049 766 3070 ⁸
790 3049 922 3088 Pindar,
941 3049 1040 3089 Pyth.
1056 3048 1089 3079 iv
1107 3049 1168 3088 278
1178 3048 1200 3085 f,
1217 3049 1345 3086 αὔξεται
1362 3047 1395 3078 δὲ
1413 3049 1464 3078 καὶ
1482 3047 1619 3079 Μοῦσα
1634 3049 1733 3079 κ.τ.λ.
1779 3047 1853 3078 The
1867 3046 1931 3079 last
1951 3047 2060 3079 clause
2080 3047 2114 3078 in
2135 3047 2192 3079 the
2210 3052 2277 3079 text
2300 3057 2368 3079 was
2383 3047 2434 3079 for

428 3106 528 3170 glarlrg
547 3094 713 3170 ffagsglhe
728 3098 833 3125 motto
849 3093 887 3124 of
904 3092 961 3124 the
981 3091 1174 3133 Cambridge
1189 3092 1373 3132 Messenger
1392 3090 1434 3132 os
1447 3091 1690 3129 Mathematics,
1709 3090 1884 3132 originally
1901 3090 2078 3132 suggested
2100 3090 2135 3122 in
2161 3090 2254 3128 1862,
2271 3090 2435 3132 probably

452 3150 473 3181 y
522 3161 530 3170 .
584 3161 591 3169 .
689 3142 750 3169 ott.

2310 3170 2329 3179 η

1397 3213 1471 3253 150
