2704 3770
188 318 286 370 Sir
303 320 358 368 A
365 318 455 368 lex.
481 317 663 367 Grant.
736 316 832 365 Sir
841 315 985 382 John
1009 314 1247 363 Lubbock.
1322 314 1417 363 Sir
1438 314 1712 363 Frederz'ck
1736 316 1807 364 A.
1834 316 1963 365 Gore
1991 316 2209 382 Ouseley.

185 462 424 506 illustravit&
474 461 614 503 Hodie
629 462 912 502 Panathenaea
926 468 1062 500 nostra
1080 459 1235 512 agimus
1255 467 1295 500 et
1314 460 1491 511 praemia
1510 468 1646 500 nostra
1660 461 1815 513 optimo
1835 460 1979 512 cuique
1999 462 2218 509 donamus3

186 526 300 568 illum
327 525 446 579 igitur
472 524 542 577 qui
569 524 764 564 ‘intactae
793 523 966 563 Palladis
994 535 1127 563 arcem
1139 523 1160 571 ',
1187 521 1220 562 si
1248 535 1332 562 non
1361 522 1558 562 ‘carmine
1583 522 1830 574 perpetuo’²‚
1853 530 1893 562 at
1918 522 2020 562 libro
2043 530 2150 562 certe
2175 523 2217 562 in

186 596 426 644 perpetuum
446 589 648 637 duraturo,
669 586 894 636 celebravit,
916 585 1163 627 Academiae
1182 592 1341 625 nostrae
1361 585 1466 625 oliva
1484 585 1746 626 libentissime
1765 599 2016 626 coronamus.

297 651 428 693 Vobis
446 657 660 704 praesento
677 649 805 690 virum
826 656 866 689 et
885 650 938 690 de
957 648 1108 689 artibus
1127 647 1302 700 antiquis
1322 655 1363 688 et
1382 649 1434 688 de
1459 647 1665 688 Britannia
1687 655 1823 688 nostra
1846 647 1998 700 optime
2021 647 2218 697 meritum,

188 715 407 755 Anouma
427 715 685 754 Mrcmsms.

300 845 387 900 (66)
418 847 480 886 Ex
497 845 670 887 Athenis
692 845 788 898 ipsis
813 845 867 885 ad
886 845 1068 884 Athenas
1081 843 1178 884 'illas
1198 843 1442 886 Caledonias
1462 850 1722 884 transeamus.
1782 843 1823 883 Si
1844 842 2020 895 quidem,
2043 844 2221 885 Platonis

189 908 437 958 auctoritate,
469 908 537 948 illa
569 909 735 949 demum
765 906 904 947 civitas
932 920 1067 947 revera
1095 906 1213 947 beata
1242 913 1312 955 est,
1344 906 1414 946 ubi
1444 913 1513 946 aut
1546 905 1778 958 philosophi
1811 913 1978 957 regnant
2010 914 2080 946 aut
2112 921 2223 960 reges

155 980 163 986 ⁴
190 972 554 1027 philosophantur³,
575 985 697 1024 quam
726 970 818 1012 felix
846 977 907 1011 est
935 971 1186 1010 Athenarum
1215 969 1370 1009 illarum
1398 969 1631 1018 Academia,
1657 982 1772 1021 quae,
1801 969 1902 1021 regis
1931 969 2154 1010 doctissimi
2181 970 2223 1010 in

187 1036 465 1078 adulescentia
492 1034 642 1075 abhinc
674 1047 803 1075 annos
837 1040 1036 1074 trecentos
1070 1033 1247 1081 fundata,
1281 1032 1404 1073 hodie
1437 1032 1508 1073 viri
1545 1032 1825 1085 philosophiae
1856 1033 2046 1085 antiquae
2083 1034 2225 1075 studiis

190 1098 319 1141 dediti
346 1097 516 1151 imperio
544 1097 799 1150 gubernatur.
858 1095 1095 1136 Doctissimi
1125 1095 1320 1147 cuiusque
1349 1095 1391 1135 in
1425 1095 1611 1136 manibus
1642 1103 1703 1136 est
1733 1097 1970 1136 Ethicorum
2001 1096 2226 1138 Aristotelis

191 1160 318 1203 editio
335 1160 404 1202 illa
427 1161 480 1201 ab
506 1161 585 1201 hoc
608 1159 692 1200 viro
714 1159 864 1200 abhinc
889 1173 1018 1200 annos
1038 1159 1198 1211 triginta
1215 1159 1391 1211 primum
1410 1158 1452 1199 in
1472 1160 1604 1199 lucem
1625 1159 1756 1209 missa,
1778 1167 1819 1199 et
1838 1161 1927 1212 plus
1952 1173 2075 1212 quam
2102 1163 2225 1202 semel

191 1233 334 1279 postea
350 1225 488 1266 denuo
506 1224 703 1265 recensita
721 1231 761 1264 et
780 1222 969 1264 subsidiis
988 1223 1250 1276 amplioribus
1269 1230 1469 1263 exornata.
1529 1222 1663 1263 Etiam
1689 1222 1746 1263 eis
1769 1223 1840 1275 qui
1865 1224 2019 1272 Graece
2042 1224 2227 1265 nesciunt

193 1295 315 1330 notus
351 1293 413 1328 est
448 1300 592 1328 aureus
629 1286 695 1327 ille
733 1287 785 1327 de
822 1287 1098 1338 Xenophonte
1132 1286 1302 1335 libellus,
1335 1285 1388 1325 ab
1426 1286 1572 1326 eodem
1610 1285 1860 1326 iucunditate
1897 1286 1964 1326 illa
2001 1286 2229 1327 inaffectata

193 1349 444 1402 conscriptus
463 1362 586 1402 quam
604 1348 870 1401 Xenophonti
889 1348 965 1400 ipsi
984 1348 1122 1388 tribuit
1145 1348 1431 1398 Quintilianus.
1489 1349 1661 1388 Scholae
1688 1348 1969 1389 Harroviensis
1995 1348 2228 1402 discipulus,

194 1411 440 1454 Academiae
455 1412 697 1454 Oxoniensis
711 1413 908 1460 alumnus,
925 1411 1107 1463 Collegio
1121 1413 1211 1463 plus
1227 1425 1349 1463 quam
1364 1411 1434 1451 uni
1449 1411 1552 1452 inter
1568 1412 1696 1452 Indos
1708 1412 1968 1464 praepositus,
1983 1413 2230 1453 Academiae

193 1474 299 1516 illius
330 1474 651 1527 septentrionalis
683 1487 812 1515 annos
850 1474 929 1514 iam
968 1474 1200 1526 quindecim
1239 1488 1329 1515 cum
1370 1474 1563 1527 dignitate
1597 1477 1770 1515 maxima
1800 1484 1840 1516 et
1877 1490 2037 1529 praeses
2067 1485 2107 1517 et
2141 1491 2230 1530 pro-

195 1537 455 1579 cancellarius
474 1537 633 1578 exstitit.
692 1537 816 1578 Urbis
835 1537 940 1577 illius
959 1538 1250 1589 pulcherrimae
1265 1537 1488 1578 Academia
1502 1538 1572 1578 diu
1587 1540 1751 1589 floreat3
1779 1539 1849 1580 diu
1864 1540 2064 1592 praesidio
2079 1542 2230 1581 fruatur

197 1599 398 1641 baronetti
415 1599 592 1653 insignis,
613 1601 876 1640 ALExANnm
897 1601 1063 1640 GRANT.

306 1731 395 1786 (67)
431 1731 620 1784 Sequitur
646 1731 838 1784 deinceps
865 1732 924 1773 vir
951 1734 1003 1773 de
1032 1733 1247 1785 zoologiae,
1273 1733 1557 1786 physiologiae,
1582 1735 1883 1787 archaeologiae
1912 1735 2054 1776 studiis
2077 1735 2231 1789 optime

199 1793 375 1844 meritus,
404 1794 659 1835 scientiarum
692 1795 840 1835 finibus
870 1796 1118 1847 proferendis
1149 1796 1339 1837 Societati
1370 1797 1625 1839 Britannicae
1659 1812 1786 1851 nuper
1815 1799 2075 1852 praepositus.
2136 1801 2231 1850 Quo

198 1869 371 1899 munere
384 1858 484 1898 dum
502 1858 752 1910 fungebatur,
774 1858 1029 1899 scientiarum
1048 1859 1234 1900 victorias
1253 1874 1323 1912 per
1342 1874 1470 1901 annos
1490 1861 1693 1913 proximos
1720 1862 2010 1915 quinquaginta
2036 1871 2166 1916 partas
2190 1864 2231 1904 in

198 1920 380 1963 oratione
406 1921 632 1962 admirabili
660 1922 826 1963 feliciter
855 1923 1080 1964 enarravit⁴.
1141 1924 1257 1964 Idem
1292 1923 1333 1963 in
1365 1925 1514 1964 Senatu
1544 1925 1776 1966 Britannico
1806 1934 2070 1967 monumenta
2099 1934 2234 1967 nostra

197 1981 364 2036 antiqua
381 1983 536 2036 legibus
554 1983 726 2036 publicis
745 1985 1003 2026 defendenda
1021 1985 1172 2025 curavit
1184 2000 1196 2035 3
1224 1985 1364 2038 populi
1385 1986 1605 2026 Britannici
1617 2000 1764 2040 magno
1784 2001 1877 2028 cum
1897 1989 2027 2029 fructu
2047 1989 2232 2029 feriarum

198 2047 451 2100 publicarum
487 2061 700 2089 numerum
737 2049 1006 2101 amplificavit.
1081 2051 1174 2101 Ipse
1213 2049 1254 2089 in
1293 2063 1424 2090 rerum
1462 2057 1626 2090 naturae
1664 2051 1934 2092 immensitate
1971 2066 2023 2092 ne
2066 2051 2233 2092 minima

199 2109 365 2163 quidem
387 2113 686 2152 contemnenda
709 2125 796 2152 esse
820 2113 1043 2162 arbitratus,
1065 2113 1185 2153 etiam
1210 2113 1466 2153 formicarum
1490 2127 1621 2154 mores
1645 2114 1948 2167 diligentissime
1971 2115 2232 2168 investigavit,

199 2173 456 2228 investigatos
475 2175 701 2216 felicissime
722 2177 961 2229 descripsi&
1021 2178 1131 2217 Nota
1156 2176 1346 2217 omnibus
1373 2177 1524 2217 maiora
1550 2177 1616 2217 illa
1636 2178 1851 2228 volumina,
1874 2192 2045 2230 quorum
2072 2178 2114 2218 in
2138 2191 2231 2227 uno,

199 2244 383 2292 tempora
405 2246 501 2279 ante
526 2253 656 2280 rerum
682 2247 884 2292 gestarum
907 2240 1143 2280 memoriam
1170 2247 1309 2280 exacta
1337 2247 1377 2280 et
1403 2242 1677 2281 monumentis
1701 2241 1877 2293 antiquis
1906 2249 1946 2282 et
1975 2242 2234 2282 barbarorum

199 2300 467 2342 recentiorum
490 2301 669 2342 moribus
692 2301 918 2342 illustravit⁶
930 2317 942 2352 ;
970 2303 1012 2342 in
1037 2304 1173 2352 altero,
1199 2302 1354 2354 generis
1380 2302 1547 2342 humani
1573 2316 1825 2355 progressum
1852 2304 1904 2344 ab
1931 2303 2082 2356 origine
2107 2303 2235 2356 prima

199 2371 479 2416 perscrutatus,
500 2373 634 2406 vetera
652 2365 720 2406 illa
739 2365 900 2406 Lucreti
920 2367 972 2406 de
990 2379 1136 2418 genere
1155 2367 1335 2406 humano
1354 2366 1476 2406 verba
1494 2379 1586 2406 vera
1605 2379 1693 2406 esse
1713 2366 1966 2407 contendit⁷:

694 2443 704 2461 ⁴
718 2453 814 2479 usus
843 2446 883 2480 et
911 2439 1103 2491 impigrae
1132 2439 1251 2480 simul
1280 2439 1525 2492 experientia
1552 2442 1698 2481 mentis

716 2493 909 2546 paulatim
937 2494 1076 2535 docuit
1104 2494 1366 2546 pedetemtim
1395 2495 1697 2547 progredientes
1710 2495 1748 2535 '⁸-

311 2566 440 2608 Vobis
486 2575 698 2620 praesento
740 2567 986 2608 Academiae
1028 2568 1193 2620 insignis
1237 2568 1522 2609 Londiniensis
1566 2569 1938 2620 Procancellarium,
1982 2571 2236 2611 baronettum

202 2630 407 2679 illustrem,
439 2632 645 2672 IOANNEM
676 2633 892 2671 Lussnocx.

313 2751 401 2807 (68)
438 2753 580 2794 Virum
608 2767 753 2806 genere
782 2753 908 2794 nobili
936 2756 1128 2806 cultuque
1156 2753 1405 2795 Academico
1430 2753 1639 2806 insignem,
1665 2755 1767 2795 inter
1786 2755 2039 2797 Oxonienses
2063 2769 2157 2796 suos
2180 2756 2236 2797 rei

205 2814 382 2856 musicae
401 2816 683 2865 Professorem,
705 2829 755 2856 eo
775 2815 916 2856 laetius
936 2815 1059 2856 hodie
1079 2817 1298 2856 salutamus
1314 2817 1426 2868 quod
1449 2830 1576 2868 nuper
1600 2816 1641 2856 in
1665 2824 1801 2857 nostra
1826 2831 1989 2870 quoque
2015 2819 2238 2859 Academia

204 2877 383 2919 studium
415 2878 516 2920 illud
549 2892 642 2920 cum
676 2878 894 2920 litterarum
927 2879 1140 2932 disciplina
1169 2879 1499 2932 coniungendum
1530 2894 1617 2921 esse
1650 2880 1850 2922 iussimus.
1911 2882 1993 2922 Hic
2025 2890 2161 2923 autem
2195 2883 2237 2923 in

294 2982 308 3003 ¹
330 2984 478 3016 Ancient
491 2984 640 3016 Marbles
655 2984 695 3016 in
714 2984 815 3017 Great
829 2985 987 3023 Britain,
1008 2986 1102 3018 1882.
1257 2984 1271 3005 2
1295 2986 1443 3026 Horace,
1466 2986 1580 3018 Carm.
1598 2986 1608 3018 i
1626 2996 1655 3028 7,
1676 2995 1706 3028 5.
1858 2985 1872 3007 ³
1895 2986 2004 3027 Plato,
2023 2988 2105 3030 Rep.
2125 2996 2188 3030 473
2200 2996 2238 3020 D.

205 3025 222 3048 ⁴
241 3026 338 3070 Ft'fly
351 3027 449 3060 Years
463 3027 648 3070 ofScience,
672 3030 766 3061 1881.
981 3029 995 3049 ⁶
1016 3031 1117 3067 Ants,
1135 3029 1226 3068 Bees,
1242 3030 1317 3061 and
1333 3031 1458 3072 Wasps,
1479 3031 1574 3063 1882.
1789 3027 1803 3050 Β
1825 3031 2043 3064 Fre-historic
2063 3032 2182 3071 Times,
2201 3043 2240 3064 as

208 3070 400 3106 illustrata
427 3071 467 3113 by
492 3072 628 3104 ancient
656 3073 817 3113 remains,
847 3073 920 3105 and
945 3073 1000 3105 the
1027 3084 1185 3105 manners
1211 3074 1284 3106 and
1305 3078 1442 3105 customs
1469 3074 1510 3115 os
1532 3075 1667 3106 modern
1693 3085 1835 3118 samgar,
1869 3074 1950 3116 1865
1957 3086 1970 3113 ;
2003 3075 2052 3108 ed.
2080 3088 2111 3117 4,
2145 3077 2239 3118 1878.

206 3112 221 3135 ⁷
250 3114 318 3147 The
335 3115 457 3190 (ἕνεζςίη
473 3115 513 3158 of
523 3115 746 3154 Civili-ration,
762 3116 836 3148 and
846 3117 901 3149 the
915 3117 1098 3149 Pn'mitive
1116 3117 1292 3150 Condition
1306 3116 1348 3159 qf
1355 3117 1456 3155 Man,
1479 3118 1561 3158 1870
1568 3127 1581 3156 ‚·
1603 3118 1650 3150 ed.
1668 3130 1699 3159 4,
1724 3119 1818 3151 1882.
2014 3119 2028 3140 ⁸
2052 3120 2225 3152 Lucretius

209 3168 230 3190 v
250 3168 330 3200 ¹45²
358 3182 366 3191 .

1201 3245 1250 3285 37
