2704 3770
872 367 1132 416 th‘telaw
1167 367 1309 416 Reid.
1382 367 1554 430 Rajah
1589 367 1652 430 of
1680 366 1917 415 Gwalz'or.

383 513 623 553 umbraculis
645 513 793 554 abhinc
817 527 945 554 annos
969 513 1127 566 triginta
1151 526 1340 566 egressus,
1362 519 1514 565 septem
1540 511 1729 563 deinceps
1753 511 1795 550 in
1820 510 1930 559 locis,
1952 523 2054 562 quos
2081 509 2203 551 hodie
2225 509 2388 550 recitare

383 577 547 627 longum
580 583 649 624 est,
684 575 887 616 laboribus
920 575 1039 616 sacris
1069 589 1151 615 non
1181 575 1266 615 sine
1295 576 1414 615 laude
1447 576 1605 614 functus
1633 581 1703 622 est,
1735 572 1901 624 Spiritus
1933 571 2037 611 illius
2069 571 2193 612 divini
2225 584 2390 612 munera

383 644 547 689 septem,
568 651 671 689 quae
693 645 732 677 et
755 637 797 678 in
819 637 1056 690 presbyteris
1075 644 1115 678 et
1133 636 1174 676 in
1194 636 1390 688 episcopis
1413 635 1644 676 ordinandis
1667 641 1912 686 exoptantur,
1935 633 2019 674 sine
2045 633 2170 674 dubio
2193 641 2386 686 expertus,

1136 710 1204 762 qui
1233 709 1471 761 septiformis
1498 708 1645 761 gratiae
2263 709 2266 712 ’

1135 765 1203 804 dat
1231 765 1459 816 septiforme
1487 764 1651 811 donum,

1135 817 1286 858 virtutis
1315 816 1547 869 sepfifariae,

1134 879 1285 924 septem
1314 871 1550 923 petitionum
1562 871 1586 910 ¹.
2385 907 2388 908 γ

384 934 555 983 Etenim,
569 942 613 974 ut
630 934 816 987 Hugonis
828 936 879 975 de
895 935 1029 975 Sancti
1043 933 1215 974 Victoris
1230 932 1471 973 monasterio
1491 946 1513 972 e
1533 931 1827 972 commentariis
1843 930 2131 983 aliquantulum
2149 937 2386 980 mutuemur,

383 999 557 1047 ‘septem
577 996 788 1048 petitiones
811 995 853 1035 in
877 995 1092 1035 Dominica
1114 994 1306 1036 Oratione
1328 1001 1536 1046 propterea
1558 1001 1771 1044 ponuntur,
1793 1000 1836 1031 ut
1860 999 2012 1044 septem
2038 993 2146 1032 dona
2169 1006 2389 1033 mereamur

380 1058 546 1109 Spiritus
571 1058 716 1107 Sancti,
748 1058 892 1110 quibus
918 1057 1153 1110 recipiamus
1179 1065 1331 1109 septem
1355 1057 1623 1108 virtutes,iper
1648 1069 1758 1107 quas,
1786 1069 1810 1094 a
1833 1063 1983 1106 septem
2010 1054 2112 1094 vitiis
2139 1054 2303 1104 liberati,
2333 1056 2386 1096 ad

381 1126 533 1171 septem
572 1119 847 1171 perveniamus
885 1119 1152 1160 beatitudines
1166 1120 1203 1157 '².
1262 1121 1294 1158 F
1295 1119 1375 1158 axit
1415 1121 1534 1167 Deus,
1571 1125 1626 1165 ut,
1661 1116 1838 1169 episcopi
1875 1116 1916 1155 in
1953 1130 2117 1156 munere
2155 1116 2387 1158 difficillimo

380 1181 580 1229 obeundo,
601 1183 785 1220 alumnus
805 1188 939 1221 noster
957 1182 1108 1232 populo
1127 1180 1221 1221 fidei
1241 1193 1335 1220 suae
1358 1180 1509 1220 credito
1531 1179 1640 1231 pacis
1663 1186 1702 1219 et
1726 1178 1963 1218 concordiae
1987 1191 2122 1218 suasor
2145 1185 2185 1218 et
2210 1179 2387 1218 hortator

379 1242 562 1282 assiduus
598 1243 712 1291 adsit,
748 1250 788 1282 et
825 1242 891 1282 illa
929 1243 1068 1282 saltem
1107 1242 1353 1282 beatitudine
1390 1255 1472 1281 non
1510 1241 1696 1292 indignus
1730 1239 1972 1280 existimetur
1985 1242 2062 1279 :—‘
2075 1239 2181 1280 beati
2217 1238 2384 1292 pacifici,

379 1306 569 1356 quoniam
599 1304 668 1344 filii
698 1306 773 1344 Dei
803 1304 1101 1344 vocabuntur’ss.

486 1369 604 1407 Duco
632 1368 684 1406 ad
710 1379 780 1406 vos
806 1366 932 1406 virum
956 1367 1178 1407 admodum
1207 1367 1478 1415 reverendum,
1502 1367 1706 1405 IoANNEM
1734 1367 2053 1406 NATHANIELEM
2081 1366 2240 1415 QmRK,
2261 1364 2386 1405 archi-

377 1428 554 1480 episcopi
574 1428 838 1469 Eboracensis
857 1428 1090 1481 episcopum
1110 1428 1363 1469 adiutorem⁴.

1187 1646 1247 1680 10
1277 1630 1418 1697 June
1458 1647 1580 1692 1902

479 1745 593 1798 (346)
624 1747 676 1785 IN
700 1746 895 1786 honorem
920 1746 1016 1786 anni
1042 1747 1273 1799 sexagesimi
1296 1762 1344 1788 ex
1366 1761 1448 1800 quo
1472 1748 1628 1800 Regina
1649 1747 1827 1788 Victoria
1849 1761 2010 1799 regnare
2030 1754 2225 1799 coeperat,
2247 1749 2384 1789 aderat

372 1810 523 1860 legatus
546 1808 709 1860 insignis
734 1822 758 1848 a
781 1809 984 1861 republica
1011 1809 1182 1850 maxima
1205 1818 1311 1850 trans
1334 1824 1484 1862 aequor
1509 1810 1755 1850 Atlanticum
1777 1811 1831 1850 ad
1852 1810 2097 1850 Britanniam
2117 1810 2381 1851 transmissus.

372 1873 543 1923 Legatus
571 1871 678 1911 idem
708 1873 842 1912 denuo
871 1874 994 1921 adest,
1023 1881 1067 1913 ut
1096 1873 1217 1925 Regis
1247 1875 1369 1914 nostri
1398 1874 1686 1915 consecrationi
1717 1874 1879 1914 honoris
1907 1887 2027 1913 causa
2051 1873 2214 1914 intersit.
2272 1873 2383 1913 Nihil

371 1934 463 1974 dico
496 1935 548 1974 de
576 1934 773 1985 legatione
801 1935 886 1975 eius
914 1935 1016 1975 inter
1045 1937 1323 1988 Francogallos
1352 1938 1456 1977 bene
1483 1945 1593 1989 gesta
1606 1952 1617 1987 ;
1655 1937 1753 1976 nihil
1786 1939 1837 1977 de
1867 1937 1970 1976 illius
2003 1935 2298 1976 commentariis
2328 1936 2381 1976 ab

371 1999 515 2037 eodem
549 1996 676 2045 editis,
698 1996 767 2048 qui
795 1999 1014 2042 orationem
1043 1998 1192 2039 idcirco
1222 2000 1338 2039 nobis
1370 2001 1559 2040 donatam
1589 2000 1833 2048 existimavit,
1865 2007 1908 2039 ut
1936 1999 2058 2039 animi
2091 1999 2214 2039 nostri
2243 2012 2381 2038 sensus

372 2060 619 2099 celaremus⁶.
678 2060 886 2099 Praetereo
905 2074 1032 2100 annos
1051 2061 1209 2113 triginta
1227 2062 1269 2101 in
1288 2063 1385 2102 actis
1408 2063 1559 2103 diurnis
1583 2063 1729 2103 tribuni
1753 2064 1827 2103 sub
1851 2063 2013 2103 nomine
2037 2062 2190 2114 egregie
2214 2061 2380 2102 edendis

372 2121 558 2160 exactosss.
600 2122 663 2159 Ne
676 2120 963 2161 humanitatem
977 2122 1137 2173 quidem
1152 2123 1236 2163 eius
1249 2124 1484 2175 singularem
1498 2138 1780 2173 commemoro,
1791 2138 1869 2176 qua
1881 2124 2060 2175 pecuniis
2071 2123 2217 2164 totiens
2229 2123 2382 2164 collatis

372 2190 431 2222 tot
450 2195 669 2234 pauperum
688 2196 831 2233 pueros
855 2184 1011 2224 urbium
1040 2198 1271 2237 magnarum
1296 2200 1318 2226 e
1342 2187 1457 2226 turba
1483 2187 1580 2226 ruris
1605 2187 1729 2227 divini
1748 2187 1789 2226 in
1809 2192 1899 2226 aera
1921 2186 2119 2238 puriorem
2142 2187 2382 2227 emittendos

372 2243 551 2286 curavit⁷.
612 2246 719 2284 Illud
744 2259 866 2286 unum
890 2247 1004 2288 dico:
1033 2249 1151 2300 legati
1174 2256 1255 2289 tam
1279 2249 1442 2301 insignis
1461 2249 1503 2289 in
1526 2263 1696 2301 persona
1718 2249 1992 2300 acceptissima
2017 2248 2256 2300 reipublicae
2278 2248 2382 2289 illius

372 2307 670 2355 humanitatem,
712 2307 1041 2359 benevolentiam,
1080 2311 1305 2360 amicitiam,
1346 2312 1467 2352 hodie
1509 2319 1602 2352 ante
1643 2314 1782 2353 oculos
1824 2319 1981 2352 nostros
2022 2319 2248 2363 praesentes
2290 2325 2384 2352 con-

371 2370 618 2420 templamur,
640 2376 689 2417 et,
712 2382 794 2409 non
818 2372 942 2411 modo
967 2371 1089 2423 ipsius
1115 2374 1186 2413 sed
1212 2373 1332 2413 etiam
1358 2374 1495 2426 populi
1518 2374 1578 2414 sui
1603 2374 1735 2426 magni
1758 2374 1799 2414 in
1825 2376 2030 2422 honorem,
2052 2375 2224 2426 legatum
2249 2373 2379 2426 ipsum

372 2430 632 2470 libentissime
661 2432 887 2472 salutamus.

483 2494 600 2532 Duco
633 2494 685 2533 ad
717 2506 787 2533 vos
820 2494 945 2534 virum
979 2497 1265 2545 honorabilem,
1297 2498 1471 2539 doctoris
1504 2498 1620 2539 titulo
1649 2498 1792 2551 triplici
1821 2506 1928 2539 trans
1958 2511 2154 2539 oceanum
2183 2505 2378 2547 omatum,

372 2554 612 2606 reipublicae
642 2554 836 2596 maximae
864 2558 1148 2599 transmarinae
1176 2561 1360 2612 legatum,
1391 2562 1637 2600 WHITELAW
1665 2560 1810 2600 RE1D⁸.

480 2666 594 2718 (347)
625 2667 745 2719 Regis
768 2668 892 2708 nostri
917 2669 959 2709 in
985 2671 1189 2721 honorem,
1212 2686 1321 2725 reges
1345 2673 1509 2726 quidam
1531 2674 1705 2727 insignes
1729 2688 1776 2716 ex
1800 2675 1918 2715 India
1939 2675 2099 2727 publice
2119 2674 2258 2724 vocati,
2279 2675 2380 2727 regis

372 2729 495 2770 nostri
528 2730 788 2770 consecrandi
818 2735 1047 2782 spectaculo
1076 2735 1245 2775 sollenni
1283 2737 1444 2777 honoris
1478 2751 1597 2778 causa
1629 2746 1721 2778 sunt
1751 2738 1983 2779 interfuturi.
2043 2738 2161 2779 India
2192 2752 2215 2778 e
2248 2738 2381 2778 media

372 2793 424 2833 ad
447 2806 520 2832 nos
543 2793 754 2832 advectum
778 2794 899 2834 hodie
922 2795 1090 2837 libenter
1116 2799 1332 2839 salutamus
1351 2799 1477 2839 virum
1498 2814 1619 2852 regno
1640 2814 1723 2850 suo,
1747 2801 1967 2842 Caledonia
1986 2808 2119 2841 nostra
2141 2814 2224 2840 non
2247 2799 2379 2840 minus

371 2856 449 2895 late
486 2855 648 2907 patenti,
684 2856 834 2897 fortiter
865 2865 905 2897 et
937 2859 1134 2910 sapienter
1165 2861 1425 2912 gubernando
1462 2862 1654 2914 imprimis
1693 2862 1884 2911 deditum,
1921 2862 1999 2914 qui,
2036 2862 2155 2902 etiam
2187 2862 2228 2902 in
2262 2863 2379 2902 rebus

458 2950 479 3002 ¹·
498 2951 566 2983 ‘Tu
583 2952 798 3003 septiformis'
824 2960 900 2994 etc.,
930 2957 939 2972 ‘
952 2956 1035 2988 dans
1049 2956 1057 2971 '
1084 2962 1147 2989 etc.
1170 2959 1296 3000 quoted
1323 2959 1357 2990 in
1386 2959 1517 2991 Flacius
1543 2959 1707 3001 Illyricus,
1741 2960 1844 2991 Varia
1871 2960 2036 2999 poemata,
2063 2970 2097 3001 p.
2123 2958 2176 2996 66,
2204 2959 2257 2991 ed.
2285 2967 2378 3000 1557,

374 2997 383 3012 ‘
396 2995 492 3034 Veni,
511 2994 651 3027 Creator
667 2996 821 3038 Spiritus,
841 2998 983 3040 Spiritus
998 3007 1160 3032 recreator
1171 3001 1191 3032 ’.
1403 3001 1417 3022 ²
1439 3002 1600 3035 Trench’s
1615 3003 1738 3034 Sacred
1748 3003 1852 3035 Latin
1868 3004 1985 3043 Poetry
2002 3001 2068 3044 (ed.
2089 3002 2195 3042 1864),
2213 3013 2247 3045 p.
2271 3001 2331 3043 176
2342 3013 2375 3035 n.

370 3037 383 3058 ³
406 3039 442 3070 S.
459 3039 560 3069 Matt.
576 3039 644 3088 Ev..
661 3049 683 3070 v
698 3048 729 3081 9.
850 3040 864 3060 ⁴
887 3042 1059 3084 Suffragan
1078 3044 1203 3086 Bishop
1221 3045 1258 3076 of
1270 3045 1439 3078 Sheffield.
1558 3045 1571 3064 ⁵
1594 3046 1754 3078 Memoirs
1769 3046 1810 3087 of
1825 3046 2035 3087 Tchyrand,
2056 3046 2149 3088 1891.
2266 3044 2281 3066 ⁶
2303 3045 2378 3078 The

370 3082 452 3114 New
476 3081 559 3112 york
583 3081 736 3113 Trzbune.
888 3083 902 3104 ⁷
925 3086 999 3118 The
1021 3087 1055 3118 T
1048 3087 1169 3119 ribune
1185 3088 1212 3119 F
1214 3088 1288 3120 resh
1305 3089 1367 3120 Air
1384 3089 1491 3121 Fund.
1649 3088 1663 3109 ⁸
1685 3089 1819 3131 Special
1836 3089 2064 3121 Ambassador
2080 3093 2115 3121 to
2132 3088 2234 3121 Great
2251 3088 2378 3121 Britain

323 3163 324 3166 Ἴ
368 3124 847 3211 ἓῐῐῃὶξξξεέἶέἒέειεῷἕβυεεη
869 3128 1018 3161 Victoria
1041 3130 1166 3173 (1897),
1190 3132 1257 3163 and
1279 3133 1331 3164 for
1352 3132 1409 3164 the
1432 3132 1637 3165 Coronation
1660 3132 1699 3165 of
1717 3133 1863 3165 Edward
1883 3133 1954 3164 VII
1982 3132 2119 3175 (1902);
2142 3132 2379 3175 subsequently

1341 3248 1413 3285 162
