2704 3770
1186 325 1394 375 charles
1427 327 1662 376 Darwin.

417 474 583 516 motum,
600 480 682 507 non
697 467 777 507 iam
790 467 832 507 in
847 481 1009 508 suorum
1023 476 1324 520 praeceptorum
1340 469 1570 521 progeniem
1586 470 1658 510 sed
1671 469 1713 509 in
1726 469 1879 510 alienae
1893 469 2136 510 Academiae
2149 469 2425 509 adulescentes

417 537 573 571 tantum
593 530 833 571 beneficium
851 530 970 582 gratis
990 531 1215 572 contulisse.

524 594 589 632 Tu
609 606 712 641 vero,
729 592 798 644 qui
817 592 962 632 nostris
975 593 1146 633 alumnis
1161 606 1307 645 magno
1322 607 1414 634 cum
1430 595 1558 636 fructu
1571 593 1750 634 medicae
1765 592 1857 634 artis
1873 593 2056 646 magister
2071 599 2214 645 sponte
2228 591 2421 640 exstitisti,

418 653 580 694 honoris
600 667 719 694 causa
737 654 893 694 Artium
915 654 1105 706 Magister
1123 654 1240 695 nobis
1260 662 1356 695 esto.

526 718 644 758 Duco
662 719 715 758 ad
734 731 804 758 vos
824 718 1058 758 GEORGIUM
1079 719 1339 758 MAcximzm
1359 720 1518 759 BAcon.

1227 877 1282 926 17
1319 863 1451 913 Nov.
1498 865 1620 925 1877

525 981 586 1034 (7)
625 984 888 1022 MEMINISTIS
916 983 1182 1023 Horatianum
1208 984 1318 1032 illud,
1342 986 1352 1004 ‘
1367 985 1486 1024 fortes
1506 991 1687 1024 creantur
1705 984 1894 1024 fortibus’
1906 998 1917 1033 3
1945 983 2010 1024 vix
2034 982 2151 1035 igitur
2176 995 2339 1023 necesse
2363 989 2424 1022 est

416 1057 730 1085 commemorare
748 1044 818 1084 viri
838 1045 955 1084 huius
975 1046 1025 1085 de
1045 1059 1173 1086 rerum
1194 1054 1333 1086 natura
1352 1046 1503 1097 optime
1523 1045 1650 1085 meriti
1669 1053 1821 1097 patrem
1840 1045 1960 1085 fuisse
1981 1044 2183 1085 medicum
2209 1043 2420 1096 egregium,

415 1119 535 1146 avum
567 1109 727 1158 poetam
758 1119 918 1158 quoque
948 1106 1153 1158 insignem.
1215 1110 1224 1128 ‘
1238 1107 1431 1147 Doctrina
1456 1109 1528 1147 sed
1557 1107 1637 1146 vim
1667 1114 1873 1159 promovet
1903 1107 2107 1147 insitam'¹
2120 1119 2132 1154 ;
2168 1105 2276 1145 iuvat
2305 1105 2423 1157 igitur

415 1169 611 1209 recordari
644 1169 851 1220 pueritiam
882 1169 999 1209 huius
1037 1169 1179 1210 fovisse
1216 1171 1395 1210 scholam
1433 1169 1730 1210 celeberrimam
1768 1170 2068 1221 Salopiensem;
2109 1167 2422 1208 adulescentiam

416 1230 559 1271 aluisse
601 1244 684 1270 non
726 1232 849 1271 modo
891 1231 1131 1272 Caledonias
1173 1231 1257 1271 illas
1295 1233 1484 1280 Athenas,
1524 1233 1595 1271 sed
1636 1231 1678 1271 in
1721 1233 1797 1271 hac
1836 1231 1956 1271 etiam
1998 1230 2217 1271 Academia
2261 1229 2422 1270 Miltoni

416 1292 540 1332 nostri
574 1293 807 1344 Collegium.
879 1292 999 1332 Tanti
1029 1293 1070 1332 in
1098 1294 1258 1333 laudern
1286 1293 1448 1341 alumni,
1479 1293 1554 1332 nisi
1583 1294 1704 1341 fallor,
1735 1293 1821 1345 ipsa
1849 1292 2001 1345 paterni
2029 1291 2203 1332 fluminis
2231 1292 2420 1344 nympha,

415 1369 498 1395 non
526 1355 736 1396 immemor
764 1357 871 1395 hunc
899 1355 1069 1407 primum
1098 1355 1331 1407 patefecisse
1363 1356 1581 1395 insularum
1614 1356 1889 1395 corallinarum
1923 1355 2126 1407 originem,
2157 1354 2224 1394 illa
2256 1354 2421 1406 inquam

417 1416 582 1456 Sabrina
610 1430 713 1468 quae
743 1416 905 1457 Miltoni
932 1416 973 1456 in
1002 1416 1176 1456 carmine
1204 1416 1310 1464 vivit,

927 1490 1076 1530 curalio
1104 1490 1230 1531 nitida
1258 1504 1417 1531 roseum
1445 1498 1564 1542 caput
1592 1498 1743 1531 exseret
1772 1490 1912 1538 unda²‚

415 1565 667 1615 frontemque
694 1570 776 1603 tam
804 1562 1071 1603 venerabilem
1099 1576 1170 1602 sua
1198 1562 1424 1614 praecinget
1453 1564 1611 1602 corolla.

524 1627 685 1676 Quanta
713 1640 805 1666 cum
833 1627 1036 1677 voluptate
1064 1625 1292 1677 accepimus
1324 1625 1542 1665 insularum
1571 1625 1726 1665 illarum
1754 1624 1933 1673 circulos,
1965 1637 2051 1664 sese
2080 1638 2103 1664 e
2130 1624 2242 1664 vadis
2273 1623 2420 1665 sensim

413 1690 649 1738 attollentes,
675 1689 788 1741 quasi
814 1690 955 1729 florum
980 1688 1263 1728 immortalium
1286 1690 1586 1740 palmarumque
1611 1688 1831 1728 victricium
1855 1701 2004 1728 corona
2028 1689 2138 1728 locos
2164 1688 2252 1728 illos
2277 1687 2421 1729 virides

413 1751 672 1804 placidosque
700 1751 742 1791 in
771 1751 925 1793 Oceani
952 1765 1095 1803 campo
1124 1751 1340 1803 designare,
1366 1751 1435 1791 ubi
1462 1751 1610 1803 priores
1636 1751 1787 1792 insulae
1810 1752 2020 1803 depressae
2045 1758 2084 1791 et
2110 1752 2287 1803 sepultae
2315 1758 2418 1791 sunt.

415 1815 549 1864 Quam
569 1816 695 1854 facete
714 1814 912 1861 describit,
934 1827 1016 1865 quo
1036 1815 1159 1854 modo
1179 1814 1305 1853 varios
1329 1827 1517 1853 sensuum
1543 1816 1706 1854 affectus
1732 1814 1952 1866 exprimant
1975 1814 2127 1854 indices
2151 1814 2207 1853 illi
2225 1815 2356 1854 vultus
2381 1821 2422 1853 et

413 1876 500 1928 ipsa
529 1876 739 1916 tacitorum
770 1879 976 1917 oculorum
1010 1876 1238 1928 eloquentia
1250 1891 1261 1925 ;
1303 1890 1385 1928 quo
1418 1890 1528 1916 more
1557 1890 1662 1928 apes,
1698 1878 1795 1917 dum
1829 1878 1946 1917 dulce
1978 1877 2076 1917 illud
2104 1883 2239 1916 nectar
2270 1890 2292 1916 e
2325 1877 2420 1916 flore

413 1938 603 1986 delibant,
626 1940 736 1990 quod
755 1938 1050 1978 continuandae
1073 1938 1179 1978 floris
1202 1938 1313 1989 stirpi
1335 1938 1430 1978 utile
1455 1938 1515 1987 sit,
1537 1938 1645 1990 ipsae
1670 1939 1831 1979 aliunde
1855 1940 2033 1978 referant.
2092 1939 2226 1988 Quam
2256 1946 2420 1978 venuste

412 2001 591 2052 explicat,
623 2014 704 2052 quo
733 2002 856 2041 modo
885 2009 1015 2052 captet
1044 2003 1181 2041 Venus
1209 2001 1295 2052 ipsa
1324 2014 1503 2050 muscas;
1537 2002 1644 2052 quali
1672 2015 1720 2041 ex
1748 2002 1897 2053 origine
1925 2002 2003 2041 sint
2031 2001 2197 2041 Veneris
2225 2002 2416 2051 volucres,

416 2068 590 2112 ‘raucae‚
625 2071 694 2103 tua
725 2077 830 2112 cura,
862 2064 1070 2116 palumbes
1086 2065 1094 2082 '
1109 2062 1144 2111 ⁸3
1183 2064 1328 2115 quibus
1361 2072 1552 2103 cantuum
1585 2065 1790 2112 illecebris,
1821 2077 1903 2116 quo
1936 2065 2148 2116 splendore
2180 2066 2416 2116 plumarum,

413 2126 673 2166 concilientur
699 2128 904 2166 volucrum
932 2139 1098 2166 amores.
1157 2127 1290 2176 Quam
1316 2126 1565 2176 familiariter,
1593 2129 1699 2167 velut
1724 2141 1791 2167 rex
1816 2127 1882 2167 ille
1906 2127 2113 2167 excellenti
2135 2127 2339 2178 sapientia,
2366 2128 2418 2167 de

413 2196 473 2228 tot
505 2189 622 2228 rebus
655 2188 821 2237 disserit,
857 2189 1048 2241 quiequid
1080 2191 1197 2237 volat,
1231 2189 1422 2240 quicquid
1455 2198 1575 2238 natat,
1608 2190 1799 2242 quicquid
1832 2190 1951 2242 serpit
1983 2190 2123 2238 humi;
2162 2203 2283 2241 quam
2312 2189 2418 2230 varia

413 2250 635 2290 eruditione
654 2250 830 2302 disputat
845 2252 896 2291 de
915 2251 1098 2291 fabuloso
1113 2251 1180 2291 illo
1196 2253 1383 2302 lepadum
1398 2252 1711 2303 balanorumque
1727 2252 1967 2292 marinorum
1981 2265 2137 2303 genere,
2154 2253 2205 2291 de
2220 2251 2417 2291 montium

413 2312 617 2364 igneorum
656 2313 864 2361 miraculis,
897 2315 968 2354 sed
1000 2314 1108 2353 idem
1141 2315 1192 2353 de
1224 2314 1358 2365 gracili
1390 2314 1478 2353 vitis
1511 2315 1701 2366 pampino
1734 2323 1773 2355 et
1805 2317 1921 2355 lentis
1954 2316 2189 2355 hederarum
2222 2314 2417 2354 bracchiis

412 2375 454 2415 in
491 2376 669 2427 apricum
708 2376 968 2424 enitentium3
1010 2384 1158 2428 quanta
1195 2377 1426 2417 liberalitate
1459 2377 1500 2416 in
1532 2378 1796 2430 patrocinium
1827 2393 1943 2419 suum
1976 2378 2150 2419 vindicat
2180 2391 2263 2417 non
2292 2378 2416 2418 modo

415 2441 553 2478 ‘aurea
577 2452 777 2490 pavonum
798 2440 984 2489 saecla'⁴‚
1007 2441 1077 2480 sed
1097 2439 1216 2479 etiam
1240 2439 1370 2479 minus
1396 2441 1601 2492 pulchram
1628 2441 1829 2481 simiarum
1849 2441 2136 2493 propaginem⁵.
2195 2441 2288 2491 Qua
2305 2442 2358 2481 de
2375 2454 2418 2481 re

413 2513 656 2551 quamquam
679 2498 799 2552 poeta
827 2509 938 2542 vetus
964 2502 1073 2549 dixit,
1098 2502 1232 2541 ‘simia
1255 2515 1374 2553 quam
1400 2502 1538 2542 similis
1567 2503 1705 2542 nobis'
1719 2518 1730 2552 3
1763 2503 1879 2543 nobis
1905 2510 2051 2550 tamen,
2075 2502 2146 2542 viri
2169 2502 2413 2551 Academici,

412 2575 505 2601 cum
538 2570 692 2603 oratore
725 2565 923 2613 Romano,
958 2565 1041 2605 viro
1071 2565 1338 2605 Academicae
1371 2565 1599 2616 praesertim
1633 2566 1908 2618 philosophiae
1941 2566 2090 2613 dedito,
2123 2565 2279 2617 gloriari
2310 2566 2414 2615 licet,

415 2628 425 2645 ‘
438 2637 566 2664 mores
579 2627 587 2643 '
608 2638 694 2665 esse
715 2625 778 2664 ‘in
800 2633 968 2678 utroque
988 2626 1220 2678 dispares'⁶.

520 2687 626 2726 Illud
645 2694 750 2726 certe
770 2694 877 2727 extra
896 2701 1057 2727 omnem
1079 2688 1387 2728 controversiam
1406 2696 1576 2738 constat,
1595 2690 1804 2741 pulchrum
1824 2702 1910 2728 esse
1929 2696 2080 2728 tantam
2101 2702 2230 2728 rerum
2251 2695 2414 2728 naturae

412 2747 638 2788 varietatem
671 2749 943 2801 contemplari,
978 2752 1157 2802 regiones
1194 2758 1366 2790 remotas
1403 2751 1580 2800 invisere,
1616 2752 1800 2791 silvarum
1839 2751 2120 2792 incaeduarum
2158 2751 2413 2791 solitudinem

411 2818 628 2860 penetrare,
659 2812 876 2852 insularum
909 2826 1032 2865 prope
1065 2813 1288 2865 ignotarum
1322 2828 1498 2854 recessus
1531 2815 1775 2866 perscrutari,
1811 2815 1934 2854 varias
1971 2815 2145 2865 denique
2181 2813 2412 2854 animalium

412 2874 557 2914 formas
577 2888 806 2927 comparare
828 2876 930 2916 inter
952 2890 994 2916 se
1017 2884 1056 2917 et
1080 2877 1345 2928 distinguere3
1372 2877 1586 2928 pulchrius,
1608 2879 1708 2917 haec
1733 2877 1869 2917 omnia
1890 2877 2183 2917 accuratissime
2207 2877 2414 2916 observata

411 2934 577 2975 aliorum
597 2936 637 2975 in
658 2951 774 2977 usum
793 2940 1119 2990 voluptatemque
1133 2938 1349 2978 litterarum
1364 2940 1554 2978 mandare
1569 2938 1862 2987 monumentis;
1890 2938 2070 2978 omnium
2089 2937 2409 2990 pulcherrimum,

411 2994 564 3036 infinita
596 2998 733 3038 talium
764 3012 894 3039 rerum
924 2999 1179 3040 multitudine
1211 3001 1263 3040 ad
1295 3001 1401 3051 leges
1433 3013 1554 3051 quam
1584 2999 1842 3052 paucissimas
1872 3007 2064 3047 revocata,
2096 2999 2226 3051 ipsum
2259 3001 2412 3040 fontem

498 3089 510 3110 ²
534 3091 678 3132 Horace,
703 3094 815 3126 Carm.
834 3095 865 3126 iv
881 3107 912 3135 4,
931 3104 983 3137 29,
1002 3105 1054 3136 33.
1300 3094 1315 3114 ²
1338 3095 1400 3138 Cp.
1418 3095 1552 3135 Milton,
1572 3096 1701 3134 Comus,
1721 3096 1782 3136 885
1796 3094 1819 3126 f.
2065 3093 2080 3114 ⁸
2100 3094 2218 3136 Virgil,
2237 3095 2312 3127 Ecl.
2327 3094 2339 3127 i
2356 3096 2408 3137 58.

410 3132 424 3152 ⁴
446 3133 629 3174 Lucretius,
647 3136 670 3168 ii
688 3146 762 3178 503.
898 3137 911 3156 ⁵
934 3139 1063 3179 Regum
1080 3138 1164 3170 liber
1178 3146 1203 3176 Ι,
1220 3138 1254 3170 iv
1267 3149 1320 3180 33,
1338 3150 1358 3170 x
1373 3150 1424 3171 22.
1555 3137 1569 3158 ⁶
1592 3139 1720 3176 Cicero,
1737 3139 1790 3171 De
1802 3139 1941 3170 Natura
1957 3139 2115 3176 Deorum,
2132 3139 2142 3170 i
2158 3146 2212 3181 97.

1402 3212 1426 3248 6
