2704 3770
553 353 764 418 Spencer
800 351 1038 417 Compton
1072 349 1364 407 Cavendzlrh‚
1401 347 1555 398 Duke
1586 350 1651 414 of
1670 349 1996 400 Devonslzz're.

259 499 503 540 Academiae
521 499 733 540 annalibus
753 499 924 540 fideliter
942 497 1252 546 conservabitur,
1275 498 1348 537 sed
1367 496 1487 537 etiam
1509 497 1550 535 in
1574 497 1747 548 imagine
1771 497 1895 549 ipsius
1917 511 1941 536 a
1966 497 2116 549 pictore
2139 496 2286 536 eximio

258 574 454 614 expressa,
475 561 578 602 inter
595 569 779 614 posteros
799 575 957 614 semper
975 567 1176 613 superstes
1195 558 1330 600 vivet¹.

368 623 508 664 Hodie
527 637 621 664 vero
639 623 763 663 animi
782 623 882 676 grati
902 623 1189 672 testimonium,
1211 622 1323 674 quod
1342 622 1444 674 patri
1463 628 1544 669 tuo,
1567 621 1665 661 dum
1686 620 1789 661 inter
1808 621 1919 661 vivos
1939 629 2033 670 erat,
2054 622 2144 672 plus
2164 634 2285 672 quarn

258 688 383 727 semel
407 685 602 726 unanimo
628 699 828 726 consensu
852 685 1083 734 obtulimus,
1106 698 1189 725 non
1212 684 1297 724 sine
1321 683 1541 724 reverentia
1566 684 1742 734 quadam
1766 684 1903 723 denuo
1926 683 2067 723 offerre
2089 683 2286 732 volumus,

258 749 357 789 dum
382 748 522 789 litteris
546 747 656 788 hisce
680 748 841 800 publice
865 748 1021 800 scriptis
1044 747 1171 787 filium
1194 747 1280 787 eius
1303 745 1515 786 certiorem
1541 744 1722 795 facimus,
1744 745 1876 797 ipsum
1901 744 2140 786 Cancellarii
2165 745 2290 784 nostri

258 809 300 850 in
329 811 465 850 locum
495 810 688 862 suffragiis
717 810 919 850 unanimis
949 823 1036 850 esse
1065 811 1250 850 electum.
1310 810 1456 860 Neque
1482 821 1557 848 nos
1588 807 1699 860 fugit,
1729 807 1851 848 etiam
1882 807 2054 859 publicis
2082 820 2131 847 ex
2159 807 2289 846 causis

257 875 434 914 eundem
463 873 658 926 imprimis
688 873 927 915 Cancellarii
956 873 1081 913 nostri
1110 885 1383 913 successorem
1413 885 1501 912 esse
1529 871 1712 911 omnium
1742 870 2033 923 dignissimum.

366 938 431 978 Tu
469 936 596 989 igitur,
632 937 702 988 qui
739 937 912 989 publicis
945 937 987 977 in
1021 937 1140 977 rebus
1175 943 1286 976 tanta
1319 949 1412 975 cum
1446 936 1565 975 laude
1598 941 1787 983 versatus,
1819 933 1969 986 patriae
2000 932 2073 973 toti
2104 940 2186 972 tam
2219 932 2289 973 diu

255 999 451 1051 profuisti,
467 1000 635 1040 fortasse
653 1013 738 1039 non
757 999 1038 1051 dedignaberis
1055 1012 1238 1050 praeesse
1254 1005 1425 1046 nostrae,
1439 1005 1560 1049 atque
1579 998 1684 1037 adeo
1703 998 1906 1049 prodesse,
1921 995 2164 1048 reipublicae
2178 1009 2190 1044 3
2218 997 2289 1035 sed

256 1061 502 1102 Academiae
527 1061 660 1101 officio
686 1074 847 1101 summo
872 1074 897 1100 a
922 1068 982 1100 tot
1009 1060 1100 1100 viris
1125 1060 1344 1100 illustribus
1372 1067 1411 1100 et
1434 1073 1458 1099 a
1484 1067 1595 1111 patre
1618 1067 1690 1099 tuo
1715 1058 1948 1111 praesertim
1975 1065 2117 1098 ornato
2138 1057 2188 1110 (si
2216 1057 2290 1097 tibi

255 1124 519 1164 commodum
539 1122 630 1176 erit)
650 1130 832 1175 accepto,
853 1131 1035 1163 nostrum
1055 1124 1239 1163 omnium
1258 1122 1474 1162 imminues
1494 1123 1689 1171 dolorem,
1706 1129 1889 1162 nostrum
1909 1123 2091 1161 omnium
2112 1120 2290 1172 explebis

255 1184 512 1226 desiderium.
570 1186 681 1226 Vale.

362 1266 518 1305 Datum
537 1279 556 1305 e
575 1266 762 1306 Senaculo

474 1321 537 1359 die
556 1320 614 1360 iv⁰
633 1322 829 1360 Ianuarii

581 1376 632 1414 A.
656 1376 698 1415 S.
722 1387 967 1415 MDcccxcn.

838 1528 1087 1567 Devonsln're
1113 1528 1258 1576 House,
1296 1542 1340 1567 12
1361 1529 1555 1580 sanuary
1589 1531 1702 1580 1892.

523 1600 750 1639 Admission
779 1600 829 1650 of
849 1600 931 1638 His
964 1599 1089 1639 Gracc
1117 1600 1179 1638 the
1207 1600 1328 1638 Duke
1352 1600 1402 1650 of
1419 1601 1665 1640 Devonslzz’re
1691 1614 1738 1640 as
1770 1600 2026 1641 Clzancellor².

374 1684 637 1724 DromsslME
659 1682 848 1732 Domine,
873 1682 1050 1723 Domine
1071 1683 1321 1724 Cancellarie
1336 1698 1401 1723 :—

366 1755 483 1810 (546)
513 1755 643 1805 Quor)
664 1767 811 1794 munus
830 1768 854 1794 a
874 1754 992 1795 nobis
1012 1754 1183 1795 libenter
1202 1755 1383 1795 oblatum
1404 1762 1487 1795 tam
1507 1756 1682 1808 benigne
1701 1756 1902 1808 suscipere
1922 1756 2108 1808 dignatus
2127 1770 2183 1806 es,
2203 1757 2288 1809 tibi,

255 1820 314 1861 vir
336 1817 610 1867 illustrissime,
633 1819 804 1858 Senatus
834 1818 957 1858 totius
987 1818 1152 1858 nomine
1180 1818 1324 1870 gratias
1354 1826 1394 1859 et
1421 1819 1577 1871 agimus
1606 1828 1646 1861 et
1671 1821 1869 1861 habemus
1893 1820 2096 1860 maximas.
2155 1821 2289 1862 Etiam

255 1881 345 1935 ipso
370 1881 412 1922 in
438 1882 579 1922 dolore
608 1887 648 1920 et
677 1879 877 1920 desiderio
906 1887 1045 1920 nostro
1073 1882 1267 1921 laetamur
1294 1888 1431 1921 tamen
1460 1883 1600 1922 sedem
1628 1890 1807 1923 nostram
1835 1884 2026 1931 curulem,
2052 1883 2291 1924 Cancellarii

255 1943 398 1998 optimi
418 1943 532 1984 obitu
552 1956 680 1994 nuper
698 1955 867 1982 vacuam
887 1942 1078 1992 relictam,
1100 1957 1124 1983 a
1143 1943 1227 1983 filio
1250 1943 1431 1984 eiusdem
1456 1943 1602 1996 insigni
1628 1953 1871 1998 occupatum
1894 1945 1950 1993 iri,
1973 1945 2169 1985 recordati
2192 1946 2288 1987 olim

254 2007 358 2048 inter
386 2008 609 2055 Romanos,
637 2019 732 2045 cum
759 2005 937 2056 Quintus
958 2007 1108 2046 Fabius
1129 2006 1343 2056 Maximus,
1366 2009 1509 2059 plenus
1529 2008 1656 2058 annis,
1679 2011 1823 2061 plenus
1848 2008 2083 2058 honoribus,
2104 2010 2288 2060 decessit,

253 2069 324 2110 viri
344 2068 445 2110 tanti
465 2070 506 2108 in
526 2070 662 2109 locum
682 2067 808 2107 filium
829 2067 915 2108 eius
935 2070 1057 2109 fuisse
1076 2069 1386 2122 inauguratum³.
1447 2071 1488 2110 Si
1513 2070 1615 2112 vitae
1638 2079 1731 2112 tuae
1757 2086 1918 2112 cursum
1942 2072 2065 2112 hodie
2091 2072 2291 2124 paulisper

253 2131 517 2186 contemplari
549 2132 653 2179 licet,
675 2139 787 2183 patre
820 2132 873 2172 ab
904 2132 993 2184 ipso
1023 2132 1239 2173 liberaliter
1266 2134 1472 2183 educatus,
1504 2136 1638 2174 laurea
1671 2136 1919 2175 Academica
1951 2134 2070 2175 solito
2098 2135 2291 2176 maturius

253 2204 430 2246 ornatus,
458 2196 578 2237 solito
605 2197 799 2236 maturius
823 2197 1050 2236 scholarum
1076 2210 1124 2236 ex
1149 2197 1293 2236 umbra
1319 2210 1450 2237 rerum
1480 2197 1654 2238 civilium
1686 2197 1728 2238 in
1756 2200 1889 2238 lucem
1918 2211 2111 2250 egressuS,
2142 2199 2292 2250 negoti-

254 2273 370 2302 orum
391 2259 645 2313 publicorum
666 2259 891 2311 provincias
911 2261 1138 2311 complures
1159 2273 1243 2300 non
1263 2260 1349 2301 sine
1361 2261 1482 2301 laude
1496 2261 1783 2302 administrasti
1796 2276 1807 2310 ς
1836 2261 1878 2301 in
1893 2262 2042 2302 Senatu
2059 2261 2291 2302 Britannico

254 2322 314 2364 vir
336 2322 548 2375 primarius
573 2321 782 2371 exstitisti;
810 2335 969 2361 summa
988 2322 1164 2374 denique
1190 2322 1316 2362 animi
1342 2322 1567 2375 integritate
1593 2330 1634 2364 et
1657 2323 1885 2364 constantia
1906 2323 2058 2375 patriae
2084 2322 2292 2364 universae

255 2385 374 2426 saluti
403 2393 444 2426 et
474 2384 630 2437 imperii
660 2384 783 2424 totius
816 2385 1043 2425 commodis
1077 2387 1278 2437 praeclare
1312 2386 1560 2427 consuluisti.
1621 2388 1745 2437 Quod
1775 2395 1911 2428 autem
1941 2389 1995 2428 ad
2025 2387 2290 2428 Academiam

257 2456 436 2489 nostram
465 2448 620 2497 attinet,
656 2447 741 2488 sine
773 2448 912 2495 dubio,
943 2448 1065 2500 patris
1094 2450 1152 2488 tui
1187 2448 1328 2489 merita
1360 2448 1531 2501 insignia
1559 2452 1796 2498 aemulatus,
1826 2450 2082 2502 disciplinam
2112 2458 2291 2490 nostram

255 2517 444 2559 veterem,
474 2509 559 2550 iura
588 2517 628 2550 et
661 2509 866 2562 privilegia
893 2518 1030 2550 nostra
1059 2512 1196 2550 omnia
1226 2525 1275 2551 ex
1304 2510 1472 2562 antiquo
1501 2511 1687 2561 stabilita,
1719 2520 1830 2552 tuam
1861 2512 1902 2552 in
1933 2514 2099 2553 tutelam
2133 2512 2288 2562 tradita,

257 2572 290 2613 si
309 2574 475 2624 quando
495 2585 598 2625 opus
618 2571 746 2619 fuerit,
768 2573 922 2612 fortiter
944 2573 1150 2613 defendes.
1208 2575 1273 2612 Tu
1297 2572 1447 2613 civitati
1473 2581 1633 2613 nostrae
1656 2575 1837 2614 cavendo
1860 2576 1959 2615 dum
1982 2574 2174 2627 invigilas,
2196 2575 2291 2615 satis

257 2649 457 2688 superque
477 2635 624 2676 erimus
646 2634 751 2676 tuti⁴.
811 2636 903 2676 Tuo
923 2634 985 2688 (ut
1005 2636 1230 2687 speramus)
1251 2636 1326 2676 sub
1352 2636 1576 2688 patrocinio
1600 2638 1702 2677 inter
1727 2637 1974 2678 iuventutem
2001 2638 2290 2678 Academicam

256 2699 542 2741 certaminibus
575 2699 793 2752 quotannis
828 2699 1042 2751 propositis
1076 2699 1300 2739 studiorum
1335 2713 1460 2748 amor,
1493 2700 1596 2741 sicut
1626 2709 1757 2750 antea,
1790 2702 2044 2742 accendetur.
2102 2702 2227 2752 Quod
2258 2702 2291 2742 si

257 2765 347 2816 quis
375 2766 516 2804 Musas
541 2765 672 2804 colere
702 2763 877 2815 negligit,
898 2763 1000 2815 agris
1029 2763 1163 2815 potius
1189 2763 1371 2804 colendis
1398 2778 1561 2816 operam
1586 2767 1762 2816 daturus,
1784 2765 1989 2806 nonnullis
2014 2767 2181 2806 fortasse
2207 2780 2290 2806 non

256 2825 455 2878 ingratum
475 2826 558 2875 erit,
582 2825 638 2865 ‘si
663 2825 759 2866 facis
783 2833 827 2865 ut
852 2825 1003 2878 patriae
1027 2825 1076 2865 sit
1101 2825 1284 2873 idoneus,
1307 2826 1413 2866 utilis
1435 2826 1591 2879 agris’⁶.
1649 2830 1714 2868 Tu
1741 2836 1858 2878 certe,
1881 2828 1913 2868 si
1942 2828 2041 2879 quid
2066 2827 2171 2868 vitae
2196 2836 2291 2868 ante

256 2896 371 2929 actae
403 2902 453 2929 ex
480 2887 616 2928 omine
645 2887 768 2927 hodie
796 2887 889 2928 licet
918 2888 1111 2939 augurari,
1142 2888 1293 2940 patriae
1322 2888 1445 2928 totius
1474 2888 1634 2930 utilitati
1663 2898 1702 2930 et
1730 2890 1874 2930 artium
1906 2903 2041 2931 revera
2066 2890 2289 2930 liberalium

258 2951 400 2992 studiis
429 2965 481 2992 ne
508 2951 551 2991 in
580 2959 784 3004 posterum
815 2951 981 3003 quidem
1011 2964 1205 3003 umquam
1235 2951 1374 2992 deeris.
1437 2953 1524 2992 Nos
1558 2952 1717 2994 interim
1750 2955 1935 2994 hodierni
1966 2953 2047 2994 diei
2081 2953 2291 2994 sollemnia

346 3061 359 3083 ¹
381 3063 458 3097 The
473 3064 613 3106 pertrait
628 3064 673 3106 by
689 3064 733 3097 G.
748 3064 787 3096 F.
804 3064 927 3103 Watts,
942 3064 984 3096 R.
987 3063 1032 3096 A.
1048 3062 1117 3106 (no.
1133 3062 1198 3105 75).
1286 3061 1301 3083 ²
1325 3064 1491 3106 Reginald
1508 3064 1659 3098 Cleaver'
1663 3076 1678 3098 s
1694 3066 1836 3099 sketch
1827 3076 1861 3097 m
1878 3066 1935 3098 the
1950 3066 2060 3107 Daily
2079 3065 2224 3107 Graphic
2239 3065 2291 3098 sor

263 3107 498 3151 13Jan.1892
515 3113 703 3151 represents
719 3108 775 3140 the
792 3112 942 3140 moment
959 3107 998 3140 of
1015 3108 1073 3140 the
1095 3107 1301 3147 Admission,
1321 3107 1433 3140 which
1449 3119 1517 3141 was
1532 3109 1762 3152 immediately
1778 3109 1935 3142 followed
1951 3110 1996 3151 by
2012 3110 2069 3142 the
2092 3108 2240 3151 delivery
2255 3108 2294 3141 of

259 3117 317 3184 the
331 3151 440 3184 above
455 3151 616 3185 Address.
664 3152 731 3184 For
747 3152 804 3184 the
819 3156 885 3184 rest
901 3151 940 3184 of
950 3151 1008 3184 the
1024 3152 1243 3194 proceedings
1258 3162 1313 3184 see
1334 3152 1531 3194 University
1545 3153 1715 3196 Reporter‚
1736 3163 1775 3195 19
1789 3154 1882 3196 Jan„
1899 3164 1932 3196 p.
1950 3162 2014 3194 415
2028 3153 2049 3186 f.
2151 3151 2166 3173 ⁸
2191 3153 2288 3197 Livy,

261 3206 328 3228 xxx
345 3194 470 3235 26‚10.
582 3194 596 3216 ⁴
622 3196 776 3228 Cavenda
791 3200 897 3234 tutus,
914 3195 971 3228 the
987 3200 1096 3228 motto
1111 3195 1150 3228 of
1162 3195 1218 3228 the
1237 3196 1355 3229 House
1372 3195 1410 3228 of
1422 3195 1625 3230 Cavendish.
1740 3196 1928 3240 ⁵Juvenal‚
1943 3197 1999 3229 xiv
2016 3205 2068 3239 71

1236 3280 1310 3321 245
