2704 3770
331 285 406 335 H.
444 286 508 335 B.
560 285 798 350 leipple.
871 285 945 334 H.
988 284 1042 335 C.
1081 285 1270 335 Potter.
1333 287 1395 353 J.
1431 287 1495 337 R.
1536 289 1605 338 A.
1650 290 2182 356 Chinnery-Haldane.

239 443 293 471 an
317 429 440 473 audio
462 443 604 471 vocem
626 429 803 471 fluminis
826 429 930 470 illius
953 429 994 470 in
1017 429 1102 483 ripa
1124 430 1345 479 clamantis,
1367 432 1519 472 flumen
1544 445 1632 472 esse
1660 446 1794 473 revera
1819 447 1975 475 sacrum
2001 436 2114 478 cuius
2138 440 2269 480 fontes

241 491 320 533 Dei
338 491 541 534 civitatem
560 491 776 532 laetificant
791 493 828 533 ?¹
884 493 1016 533 Fallor
1033 505 1085 532 an
1111 491 1234 533 audio
1253 501 1395 533 voc'em
1416 506 1438 533 e
1459 493 1665 534 montibus
1688 493 1784 547 ipsis
1806 498 1946 547 procul
1965 502 2267 550 respondentis:

241 556 386 608 ‘quam
417 555 574 609 pulchri
607 569 726 609 super
758 564 917 597 montes
954 557 1079 608 pedes
1111 555 1394 596 annunciantis
1427 563 1467 597 et
1499 557 1766 608 praedicantis
1799 571 1953 610 pacem,
1987 562 2268 604 annunciantis

237 617 403 669 bonum,
434 618 700 671 praedicantis
728 620 897 660 salutem
912 619 969 659 ⁷²?

346 681 468 721 Duco
495 681 549 722 ad
573 694 646 722 vos
677 682 925 722 EDVARDUM
953 682 1236 722 RADULPHUM
1259 682 1474 733 Jonnson,
1503 682 1749 723 Academiae
1776 683 2017 725 Oxoniensis
2044 687 2264 737 alumnum,

236 742 473 797 episcopum
493 744 806 794 Calcuttensem,
829 743 971 785 Indiae
990 743 1113 785 totius
1132 743 1498 796 metropolitanum.

343 869 458 924 (149)
485 871 615 912 Maria
642 884 775 912 rursus
803 878 1051 912 transeamus
1063 885 1075 920 3
1107 872 1210 912 ultra
1237 884 1388 923 aequor
1415 871 1675 920 Atlanticum,
1707 873 1809 912 ultra
1837 874 1969 913 lacum
1999 875 2263 928 Superiorem,

233 932 476 987 reipublicae
495 935 692 976 maximae
710 935 956 988 provinciam
976 937 1204 985 lustremus,
1223 935 1293 974 ubi
1312 934 1488 975 fluminis
1507 934 1694 976 immensi
1714 937 1819 976 circa
1838 937 1979 987 fontes,
2003 952 2073 990 per
2098 953 2263 993 campos

230 996 422 1038 latissime
449 1005 642 1050 patentes,
673 1006 733 1039 tot
761 998 984 1051 indigenae,
1015 998 1155 1038 ritibus
1184 997 1467 1050 superstitiosis
1500 997 1678 1047 abiectis,
1710 998 1889 1039 moribus
1919 1001 2093 1042 cruentis
2122 1003 2261 1053 exutis,

230 1058 381 1100 Christi
405 1060 618 1112 imperium
644 1060 740 1101 mite
763 1068 803 1101 et
829 1061 1049 1112 benignum
1074 1060 1212 1101 animo
1239 1068 1351 1113 grato
1378 1068 1632 1113 acceperunt.
1691 1060 1904 1102 Cernimus
1932 1063 2114 1104 laborum
2138 1079 2264 1118 prope

229 1125 555 1176 apostolicorum,
575 1125 638 1166 ‘in
651 1124 858 1165 itineribus
871 1138 1003 1176 saepe,
1018 1124 1204 1177 periculis
1219 1124 1443 1173 fluminum,
1461 1124 1646 1177 periculis
1661 1124 1703 1164 in
1718 1123 1935 1166 solitudine
1948 1125 1987 1176 '³,
2004 1129 2262 1169 toleratorum

229 1186 392 1228 fructus.
450 1188 664 1230 Cernimus
683 1188 785 1229 inter
804 1195 864 1228 tot
883 1188 1066 1229 aedificia
1089 1201 1194 1228 nova
1215 1189 1325 1240 pacis
1347 1188 1499 1228 artibus
1521 1188 1708 1229 dedicata
1734 1189 1959 1241 Collegium
1985 1190 2090 1231 illius
2113 1205 2262 1233 nomen

229 1249 414 1298 reserens,
442 1250 513 1303 qui
544 1250 695 1292 abhinc
727 1264 856 1291 annos
886 1251 966 1292 fere
999 1258 1163 1292 centum
1197 1251 1238 1291 in
1270 1251 1493 1292 Caledonia
1524 1258 1791 1299 consecratus,
1822 1251 1925 1292 inter
1951 1252 2199 1295 Britanniam
2223 1264 2262 1296 et

227 1313 518 1366 rempublicam
546 1315 829 1355 Americanam
859 1314 1124 1355 successionis
1150 1314 1396 1367 apostolicae
1424 1314 1629 1354 vinculum
1658 1314 1835 1355 exstitit⁴.

340 1377 458 1418 Duco
489 1378 542 1418 ad
575 1391 647 1418 vos
679 1379 923 1418 HENRICUM
956 1380 1183 1425 BENJaimN
1217 1379 1434 1425 WfflPPLE,
1465 1376 1593 1416 virum
1624 1390 1707 1417 non
1738 1377 1871 1417 minus
1902 1386 2108 1420 strenuum
2138 1394 2259 1432 quam

228 1450 423 1490 sagacem,
447 1453 529 1481 non
550 1440 683 1480 minus
702 1442 960 1493 eloquentem
981 1453 1103 1492 quam
1123 1441 1336 1489 veracem⁶‚
1359 1441 1556 1480 Indorum
1576 1440 1966 1481 transatlanticorum
1985 1444 2223 1494 apostolum.

337 1563 452 1618 (150)
482 1565 543 1605 Ex
572 1565 759 1606 Eboraco
787 1572 924 1606 nostro
951 1564 1119 1617 antiquo
1146 1564 1325 1616 profecti,
1356 1564 1397 1604 in
1428 1565 1614 1604 Eboraco
1642 1578 1759 1614 novo,
1790 1564 2033 1617 reipublicae
2062 1567 2259 1609 maximae

226 1626 326 1667 urbe
351 1626 536 1676 maxima,
556 1626 706 1668 itineris
730 1627 914 1668 hodierni
939 1641 1100 1668 cursum
1123 1626 1393 1667 terminamus.
1456 1626 1519 1666 Ibi
1548 1627 1695 1667 civium
1725 1627 2023 1669 multitudinem
2053 1629 2257 1681 ingentem

224 1687 480 1739 admiramur,
493 1702 611 1729 suum
631 1689 673 1729 in
687 1690 897 1730 ecclesiam
918 1703 1096 1730 amorem
1112 1689 1292 1729 certatim
1312 1688 1556 1737 testantium,
1573 1689 1794 1741 templique
1809 1689 1903 1729 novi
1919 1691 2256 1742 magnificentiam

224 1750 460 1794 liberalitate
487 1752 633 1806 insigni
659 1753 948 1794 adiuvantium.
1006 1752 1115 1794 Olim
1144 1766 1168 1793 a
1197 1757 1317 1805 poeta
1344 1765 1469 1800 sacro,
1500 1752 1674 1804 Georgio
1705 1752 1892 1803 Herbert‚
1921 1761 2077 1794 oratore
2106 1762 2254 1804 nostro,

223 1827 364 1866 parum
393 1814 559 1856 feliciter
586 1815 740 1856 dictum
768 1823 829 1856 est
843 1831 906 1856 :—

1418 1870 1468 1909 In
1498 1868 1704 1909 Britannia

793 1925 894 1966 fides
924 1931 1099 1965 moratur
1127 1924 1257 1977 prisca
1284 1937 1482 1976 suspenso
1509 1925 1645 1976 gradu,

791 1987 928 2032 parata
954 1981 1008 2021 ad
1036 1993 1125 2020 oras
1153 1980 1397 2020 transvolare
1424 1978 1676 2019 Atlanticas⁶.

329 2053 455 2104 Quod
479 2053 512 2094 si
536 2053 603 2094 ille
626 2053 748 2094 hodie
773 2053 939 2094 oratoris
965 2067 1132 2094 munere
1159 2053 1303 2094 iterum
1329 2051 1440 2104 fungi
1467 2052 1673 2105 potuisset,
1704 2052 1874 2093 libenter
1900 2054 2106 2093 confessus
2135 2062 2251 2104 esset,

219 2122 328 2156 recte
345 2115 531 2157 statuisse
549 2116 645 2156 olim
665 2116 1021 2168 procancellarium
1041 2117 1245 2168 quendam
1266 2114 1637 2167 Cantabrigiensem
1659 2129 1793 2155 versus
1814 2116 1902 2155 illos
1922 2115 2095 2156 veritatis
2115 2117 2253 2168 spiritu

219 2189 304 2218 non
332 2191 422 2219 esse
447 2177 678 2219 instinctos⁷
690 2193 702 2228 ;
734 2179 917 2231 interque
940 2179 1090 2231 primos
1118 2180 1287 2219 laetatus
1316 2185 1432 2225 esset,
1463 2184 1523 2217 tot
1549 2177 1762 2229 episcopos
1791 2191 1813 2218 e
1840 2186 1899 2218 tot
1925 2178 2032 2218 orbis
2061 2186 2251 2219 terrarum

218 2240 397 2294 partibus
421 2243 624 2291 advectos,
648 2243 947 2295 procancellarii
970 2242 1095 2283 nostri
1117 2242 1315 2295 auspiciis,
1348 2250 1480 2282 vetera
1507 2241 1670 2293 hospitii
1699 2241 1783 2281 iura
1812 2241 2023 2281 nobiscum
2049 2255 2251 2292 renovare,

218 2307 404 2357 aequoris
422 2306 615 2347 Atlantici
634 2307 676 2347 in
695 2307 810 2347 litore
829 2314 999 2358 utroque
1019 2307 1142 2347 fidem
1162 2319 1284 2345 unam
1306 2318 1514 2358 superesse
1532 2304 1756 2356 gloriantes.

329 2370 449 2410 Duco
467 2371 520 2411 ad
539 2384 610 2411 vos
629 2371 756 2412 virum
776 2370 985 2423 insignem,
1009 2372 1255 2426 Himiucum
1272 2370 1463 2411 ConMAN
1482 2370 1666 2415 Pomm,
1683 2368 1856 2408 Eboraci
1873 2369 1979 2409 Novi
1999 2369 2247 2421 episcopum.

1049 2570 1077 2616 8
1114 2569 1244 2618 Nov.
1293 2569 1418 2617 1888

323 2667 440 2723 (151)
474 2669 628 2710 NUPER
653 2668 694 2709 in
719 2670 798 2709 hoc
817 2668 904 2721 ipso
924 2669 1026 2717 loco,
1049 2681 1192 2720 magna
1216 2674 1424 2720 praesente
1443 2666 1724 2718 episcoporum
1745 2665 1977 2718 frequentia,
2000 2667 2247 2708 Caledoniae

213 2731 353 2773 laudes
382 2745 464 2772 non
490 2732 576 2773 sine
595 2732 795 2774 desiderio
814 2746 939 2784 prope
958 2731 1127 2771 intactas
1150 2729 1518 2783 praetermisimus⁸.
1578 2731 1640 2770 Eo
1667 2730 1816 2770 maiore
1836 2730 1954 2782 igitur
1971 2730 2119 2782 gaudio
2139 2731 2246 2772 sedis

300 2823 314 2846 ¹
336 2825 463 2866 Psalm,
484 2826 552 2859 xlvi
568 2839 600 2868 4.
821 2825 835 2846 ²
857 2826 987 2866 Isaiah,
1005 2826 1041 2858 lii
1059 2835 1089 2868 7.
1300 2823 1314 2846 ⁸
1338 2835 1355 2857 ἰ
1376 2825 1448 2857 Cor.
1470 2824 1504 2856 xi
1523 2823 1573 2857 26.
1786 2823 1799 2844 ⁴
1824 2825 1874 2856 Dr
1891 2824 2026 2857 Samuel
2043 2823 2195 2866 Seabury
2210 2824 2249 2857 os

213 2867 447 2910 Connecticut,
461 2870 678 2903 consecrated
693 2875 727 2903 at
745 2870 926 2903 Aberdeen
943 2870 987 2912 by
1003 2870 1096 2902 three
1114 2869 1257 2912 Bishops
1272 2869 1311 2901 of
1324 2869 1380 2901 the
1398 2868 1580 2911 Episcopal
1593 2868 1728 2901 Church
1745 2868 1779 2901 in
1796 2867 1970 2907 Scotland‚
1988 2879 2026 2908 14
2038 2868 2129 2900 Nov.
2147 2869 2241 2910 1784.

212 2909 227 2931 ⁵
251 2911 423 2956 ‘straight
446 2913 608 2957 'rongue‘
624 2914 691 2947 and
715 2914 811 2947 ‘The
834 2915 958 2947 Father
982 2914 1058 2946 who
1080 2914 1162 2946 does
1185 2919 1244 2946 not
1268 2911 1330 2946 lie’
1347 2923 1434 2945 were
1458 2913 1515 2945 the
1538 2922 1654 2944 names
1676 2912 1775 2955 given
1799 2917 1835 2944 to
1859 2912 1911 2955 Bp
1935 2911 2097 2954 Whipple
2119 2912 2164 2954 by
2186 2912 2244 2945 the

214 2955 354 2989 Indians
368 2956 408 2989 of
419 2957 625 2991 Minnesota.

779 3001 794 3023 ⁶
818 3005 826 3020 ⁸
840 3001 998 3044 Religion
1020 3001 1136 3034 stands
1159 3011 1203 3033 on
1226 3000 1348 3043 tip-toe
1371 3000 1405 3032 in
1428 3010 1488 3032 our
1511 2999 1603 3037 land,

838 3046 956 3088 Ready
978 3050 1014 3078 to
1037 3055 1114 3088 pass
1136 3050 1172 3078 to
1194 3044 1252 3078 the
1275 3044 1457 3077 American
1480 3044 1594 3076 strand
1607 3042 1626 3076 ’.

1554 3087 1622 3120 The
1646 3087 1781 3120 Church
1805 3087 1980 3127 Mlitant,
2007 3097 2070 3130 239
2086 3086 2109 3119 f.

211 3128 225 3152 ⁷
248 3129 415 3164 Walton’s
430 3131 508 3175 Life
522 3132 564 3175 qf
573 3133 693 3176 George
709 3133 853 3166 Herbert
868 3131 1144 3175 (Wordsworth's
1157 3132 1247 3165 Eccl.
1263 3132 1381 3174 Biogr.
1398 3131 1431 3165 iv
1448 3142 1489 3175 49
1501 3131 1524 3169 f,
1541 3131 1595 3164 ed.
1617 3132 1674 3172 ¹85
1680 3130 1725 3174 3).
1920 3128 1934 3150 ⁸
1957 3131 1990 3163 N
1994 3142 2024 3163 o.
2047 3141 2108 3173 144
2123 3136 2237 3175 supra.

1228 3216 1247 3255 7
1256 3216 1276 3256 5
2003 3218 2018 3242 1
2026 3217 2130 3243 0—-2
