2704 3770
738 339 797 389 G.
847 340 901 389 T.
940 340 1166 406 Lapsley.
1239 341 1308 390 A.
1338 340 1397 407 J.
1437 342 1684 390 Maclean,
1758 340 1821 390 Ε.
1858 340 1922 389 B.
1970 340 2019 388 T
2001 340 2132 405 ylor.

430 483 472 523 in
500 484 675 532 nomine,
703 484 811 525 urbis
841 485 1123 526 Londiniensis
1151 486 1193 525 in
1221 494 1332 537 parte
1360 485 1552 534 orientali,
1579 485 1682 524 inter
1708 485 1893 525 tenebras
1921 485 2053 524 lucem
2081 490 2162 523 tam
2191 483 2261 523 diu
2289 482 2438 523 extulit.

433 547 549 586 Idem
578 560 705 598 nuper
732 548 784 587 ad
813 547 999 587 excubias
1028 547 1114 587 illas
1142 548 1380 599 longinquas
1410 554 1584 596 vocatus,
1616 546 1686 586 ubi
1714 545 1888 585 Australi
1915 545 1958 584 in
1986 546 2098 585 caelo
2126 551 2287 586 sanctae
2314 543 2442 585 crucis

432 607 588 659 signum
627 610 821 660 splendet,
858 609 984 649 Ducis
1020 608 1081 649 sui
1118 608 1234 648 iussis
1270 610 1406 649 animo
1445 611 1548 649 laeto
1586 615 1645 648 est
1683 608 1910 655 obsecutus,
1944 613 2065 658 atque
2102 608 2155 648 ad
2191 607 2329 648 sedem
2365 605 2443 647 sibi

432 669 670 710 destinatam
698 671 801 711 inter
825 671 1006 711 omnium
1035 672 1232 712 bonorum
1262 679 1354 711 vota
1382 671 1615 723 propediem
1644 670 1927 722 proficiscetur.

543 733 661 772 Duco
698 734 751 773 ad
787 746 858 773 vos
892 732 1060 784 Collegii
1093 734 1262 773 Sanctae
1300 741 1338 773 et
1373 732 1611 773 Individuae
1645 731 1850 771 Trinitatis
1887 731 1929 771 in
1967 730 2104 771 litteris
2141 730 2443 772 humanioribus

434 796 639 846 quondam
674 796 906 844 scholarem,
937 796 1063 835 virum
1098 803 1137 836 et
1170 809 1243 836 suo
1275 803 1314 836 et
1348 795 1474 835 fratris
1507 795 1586 835 sui¹
1620 795 1783 836 nomine
1816 795 1933 835 nobis
1966 795 2187 835 admodum
2219 801 2441 846 acceptum,

435 857 668 897 GEORGwM
697 859 940 896 ALFREDUM
972 859 1249 905 DONALDSON‚
1281 857 1476 898 Coloniae
1505 856 1780 896 Brisbanensis
1809 856 2043 909 episcopum
2071 856 2333 907 designatum.

544 945 657 998 (412)
687 947 796 986 Dum
819 946 921 986 filios
942 954 1099 987 nostros
1120 955 1227 987 trans
1247 946 1370 986 maria
1390 959 1534 998 magna
1552 947 1604 986 ad
1624 947 1750 985 solem
1771 945 1965 985 orientem
1985 945 2190 993 mittimus,
2211 944 2331 985 etiam
2351 944 2444 985 solis

435 1006 486 1046 ab
506 1020 650 1047 occasu
670 1008 867 1047 advenam
889 1009 1092 1059 quendam
1112 1008 1282 1048 filiorum
1303 1015 1528 1048 nostrorum
1551 1008 1591 1047 in
1619 1021 1829 1047 numerum
1853 1006 2015 1047 honoris
2035 1020 2154 1047 causa
2173 1006 2444 1047 adsciscimus.

436 1071 552 1110 Ultra
577 1071 785 1111 Oceanum
809 1071 1055 1111 Atlanticum
1084 1071 1304 1111 Academia
1332 1073 1441 1110 nulla
1467 1070 1677 1110 nobiscum
1703 1070 1870 1110 vinculis
1894 1070 2103 1110 artioribus
2130 1069 2343 1109 coniuncta
2371 1076 2442 1119 est,

435 1146 556 1184 quam
583 1134 838 1186 Cantabrigia
863 1134 930 1174 illa
955 1134 1226 1182 transmarina,
1249 1147 1381 1186 quam,
1406 1134 1458 1173 ab
1484 1147 1566 1173 uno
1593 1147 1641 1173 ex
1666 1134 1837 1173 alumnis
1864 1132 2028 1172 nostris²
2046 1133 2252 1183 quondam
2280 1131 2445 1172 feliciter

434 1196 653 1245 fundatam,
689 1197 803 1248 quasi
840 1198 962 1237 filiam
991 1205 1167 1238 nostram
1198 1211 1280 1237 non
1310 1196 1396 1237 sine
1425 1196 1610 1248 superbia
1638 1196 1717 1236 iam
1751 1196 1905 1236 dudum
1934 1196 2263 1246 contemplamur.
2322 1194 2445 1234 Filiae

437 1266 596 1300 nostrae
633 1260 793 1300 illustris
832 1261 957 1301 filium
996 1260 1196 1305 eximium.
1231 1259 1358 1300 virum
1396 1259 1583 1299 historiae
1616 1258 1657 1298 in
1696 1258 1838 1298 studiis
1875 1257 2083 1309 insignem,
2117 1257 2240 1299 hodie
2275 1257 2445 1297 libenter

437 1322 664 1361 salutamus.

546 1384 664 1423 Duco
686 1384 738 1423 ad
761 1396 831 1423 vos
856 1383 1024 1435 Collegii
1048 1385 1217 1423 Sanctae
1240 1391 1280 1422 et
1301 1382 1538 1422 Individuae
1558 1381 1765 1421 Trinitatis
1787 1381 1940 1420 socium
1965 1388 2004 1421 et
2023 1382 2064 1420 in
2092 1381 2278 1421 historiae
2303 1379 2445 1421 studiis

436 1447 636 1494 lectorem,
658 1446 784 1486 virum
805 1447 929 1486 nobis·
942 1446 1131 1486 omnibus
1150 1445 1484 1497 acceptissimum,
1507 1446 1730 1485 GArLLARD
1749 1445 1946 1483 THOMAM
1968 1444 2167 1482 LAPSLEY.

1266 1612 1292 1657 3
1326 1595 1445 1644 Dec.
1493 1611 1508 1642 1
1519 1610 1618 1655 904

545 1693 658 1746 (413)
679 1696 824 1734 ADEST
844 1695 915 1734 viri
934 1696 1036 1735 inter
1054 1697 1227 1736 editores
1249 1696 1494 1736 Horatianos
1513 1696 1719 1747 quondam
1739 1695 1965 1747 conspicui³
1979 1695 2081 1734 filius
2094 1708 2106 1744 3
2134 1695 2247 1735 adest
2259 1695 2445 1735 alumnus

437 1762 581 1803 noster,
614 1756 684 1806 qui
716 1757 912 1796 Academi
944 1758 997 1797 ad
1031 1757 1146 1797 silvas
1180 1757 1274 1797 olim
1308 1756 1495 1808 auspiciis
1528 1756 1689 1808 optimis
1722 1756 1877 1806 missus,
1912 1756 2201 1796 mathematicis
2233 1756 2446 1808 praecipue

437 1817 578 1857 studiis
599 1820 723 1857 multa
742 1831 834 1858 cum
855 1820 972 1858 laude
991 1819 1260 1859 incumbebat.
1320 1820 1488 1859 Seholae
1505 1818 1719 1858 Etonensis
1735 1818 1830 1858 olim
1850 1818 2079 1871 discipulus,
2097 1818 2267 1870 Collegii
2285 1819 2446 1871 Regalis

437 1880 644 1930 quondam
664 1880 864 1928 scholaris,
887 1880 946 1920 vir
964 1881 1197 1932 theologicis
1213 1895 1295 1922 non
1315 1882 1447 1921 minus
1467 1894 1587 1932 quam
1608 1880 1898 1921 mathematicis
1913 1881 2053 1921 studiis
2068 1882 2256 1929 excultus,
2273 1880 2446 1934 primum

438 1940 683 1981 Caledoniae
715 1941 818 1981 inter
850 1941 998 1982 insulas
1031 1943 1302 1982 occidentales
1334 1943 1376 1982 in
1409 1942 1611 1982 laboribus
1645 1941 1765 1981 sacris
1798 1950 1973 1982 versatus
1998 1940 2066 1982 'est
2077 1956 2089 1992 ;
2131 1941 2288 1991 deinde,
2323 1942 2447 1983 archi-

437 2004 614 2056 episcopi
653 2005 962 2054 Cantuariensis‚
1000 2007 1151 2046 alumni
1189 2006 1313 2046 nostri
1351 2005 1703 2053 desideratissimi⁴‚
1743 2005 1941 2056 auspiciis,
1982 2005 2164 2056 Assyriae
2200 2005 2242 2044 in
2279 2005 2447 2047 ecclesia

437 2066 619 2107 orientali
647 2067 845 2118 religionis
874 2081 996 2119 purae
1023 2068 1186 2107 nuntius
1215 2068 1365 2120 primus
1394 2081 1464 2119 per
1490 2080 1617 2107 annos
1646 2066 1824 2118 quinque
1852 2066 2120 2118 peregrinatus
2133 2080 2145 2115 ;
2177 2065 2362 2117 denique,
2392 2067 2446 2107 ad

438 2128 651 2168 Britannos
684 2141 778 2168 suos
807 2129 955 2168 abhinc
987 2142 1115 2169 annos
1148 2129 1339 2169 tredecim
1370 2143 1557 2178 reversus,
1593 2128 1701 2168 libris
1732 2128 1910 2179 plurimis
1944 2127 2101 2179 Syriaca
2130 2127 2360 2179 praesertim
2392 2128 2445 2169 de

437 2189 571 2241 lingua
607 2189 758 2241 optime
796 2189 1060 2241 conscriptis⁶‚
1101 2191 1369 2231 Caledonicae
1406 2191 1598 2231 ecclesiae
1636 2189 1872 2241 episcopalis
1909 2189 2010 2229 inter
2046 2189 2197 2228 lumina
2233 2190 2446 2242 praecipua

437 2259 676 2292 numeratur.
735 2254 911 2293 Alumno
949 2261 1096 2302 nostro,
1135 2260 1278 2305 poetae
1315 2254 1468 2305 paterni
1506 2255 1671 2296 fortasse
1710 2266 1794 2293 non
1829 2251 2065 2300 immemori,
2101 2254 2255 2304 ‘neque
2286 2251 2446 2292 fervidis

437 2327 527 2365 pars
559 2314 712 2354 inclusa
740 2315 937 2354 caloribus
966 2317 1128 2355 mundi'
1156 2316 1292 2368 ignota
1320 2324 1391 2365 est,
1423 2319 1521 2356 ‘nec
1551 2318 1703 2357 Boreae
1731 2314 1944 2355 finitimum
1977 2313 2100 2353 latus’
2128 2313 2201 2354 erit
2231 2313 2442 2366 ignotum⁶.

439 2375 599 2415 Etenim
634 2377 878 2416 Caledoniae
915 2377 1142 2428 provinciae
1180 2378 1357 2418 Borealis
1390 2378 1602 2430 episcopus
1635 2392 1762 2431 nuper
1799 2379 1959 2425 electus,
1994 2389 2065 2429 per
2096 2389 2223 2416 annos
2255 2376 2447 2428 plurimos

439 2437 500 2489 (ut
532 2441 753 2492 speramus)
782 2453 804 2479 e
838 2441 1059 2480 Caledonia
1092 2442 1391 2492 septentrionali
1419 2443 1578 2482 laudem
1611 2456 1694 2483 non
1723 2442 1918 2482 minorem
1947 2447 2222 2492 consequetur,
2253 2453 2374 2492 quam
2407 2448 2447 2481 et

437 2501 586 2541 telluris
606 2501 785 2542 eiusdem
809 2503 910 2542 inter
935 2503 1083 2543 insulas
1106 2504 1388 2552 occidentales,
1410 2512 1449 2545 et
1472 2519 1520 2545 ex
1541 2506 1726 2557 Assyriae
1745 2505 1905 2557 regione
1925 2503 2115 2552 orientali,
2140 2503 2262 2543 ‘inter
2287 2510 2446 2543 urentes

438 2578 577 2604 arenas
596 2564 721 2605 litoris
740 2566 891 2617 Assyrii
909 2566 1035 2606 viator
1048 2568 1070 2615 ',
1090 2567 1168 2607 iam
1190 2569 1344 2607 dudum
1364 2575 1423 2608 est
1443 2569 1714 2620 consecutus&

547 2627 666 2666 Duco
707 2628 759 2666 ad
801 2640 871 2667 vos
913 2627 1040 2667 virum
1082 2630 1305 2669 admodum
1352 2631 1625 2679 reverendum,
1664 2632 1916 2669 ARTHURUM
1965 2629 2170 2668 IOANNEM
2218 2628 2444 2677 Marcum«,

437 2689 664 2741 provinciae
693 2697 732 2730 et
762 2691 1026 2731 Moraviensis
1055 2700 1094 2731 et
1124 2692 1336 2733 Rossensis
1365 2700 1404 2733 et
1433 2693 1698 2734 Cathanensis
1727 2692 1961 2745 episcopum
1990 2692 2172 2730 electum.

1232 2806 1255 2837 2
1295 2789 1482 2838 Marclz
1526 2806 1542 2837 1
1554 2804 1648 2852 905

546 2878 660 2931 (414)
680 2881 824 2919 ADEST
851 2880 909 2920 vir
931 2888 971 2920 et
999 2889 1160 2933 propter
1188 2881 1327 2922 aetatis
1353 2882 1586 2933 dignitatem
1613 2889 1653 2922 et
1678 2889 1838 2934 propter
1861 2881 1990 2922 studia
2013 2881 2054 2920 in
2078 2894 2208 2921 rerum
2227 2879 2445 2932 originibus

435 2940 573 2992 primis
601 2941 853 2993 exquirendis
881 2945 1081 2994 praeclare
1108 2944 1238 2995 posita
1262 2944 1366 2984 inter
1390 2944 1539 2995 primos
1566 2944 1707 2984 merito
1732 2945 2014 2992 numerandus,
2037 2957 2156 2995 quem
2185 2943 2264 2983 iam
2289 2942 2444 2982 dudum

523 3028 536 3049 ²
559 3029 672 3063 Stuart
687 3031 877 3064 Alexander
894 3032 1102 3072 Donaldson,
1122 3034 1303 3075 appointed
1322 3034 1449 3066 Master
1463 3034 1501 3066 of
1514 3033 1725 3076 Magdalene,
1746 3043 1838 3076 1904.
1906 3031 1920 3052 ²
1938 3033 2029 3075 John
2047 3033 2214 3065 Harvard.
2280 3030 2296 3054 ⁸
2317 3032 2445 3064 Arthur

433 3072 524 3114 John
542 3073 706 3112 Maclean,
729 3077 822 3116 1853.
973 3074 987 3095 ⁴
1010 3077 1156 3108 Edward
1171 3077 1285 3110 White
1302 3077 1445 3110 Benson.
1591 3077 1604 3097 ⁶
1627 3078 1714 3109 East
1728 3078 1851 3118 Syr-ian
1866 3077 2062 3118 Lectionary
2076 3076 2142 3108 and
2157 3076 2350 3138 Liturfiesz
2381 3075 2449 3108 Old

436 3116 510 3147 and
530 3116 614 3147 New
639 3117 759 3157 Syriae
788 3119 984 3151 Grammars
995 3131 1005 3159 ;
1036 3121 1176 3151 Modern
1203 3121 1323 3162 Syriae
1343 3121 1417 3153 and
1437 3120 1584 3163 English
1619 3121 1819 3161 Vocabulary
1846 3118 2036 3163 (1889-91).
2295 3119 2442 3156 Horace,

440 3159 554 3191 Carm-
571 3159 606 3191 iii
624 3169 676 3201 24,
696 3160 749 3201 36,
769 3163 821 3203 38.
956 3160 970 3183 ⁷
992 3163 1033 3194 ib.
1051 3163 1085 3195 iii
1102 3176 1133 3204 4,
1153 3173 1205 3205 32·

1408 3238 1482 3275 188
