2704 3770
379 288 477 339 Sz’r
505 288 723 338 Donald
749 290 1050 339 Alexander
1083 290 1264 341 sz'tlz.
1337 292 1517 342 Arata
1551 293 1770 342 Hamae.
1843 294 1958 343 Asa
1999 295 2154 361 Gray.

242 440 369 482 felicis
414 440 457 481 in
494 440 741 489 memoriam,
779 439 1071 492 aegrotantium
1109 439 1150 479 in
1188 453 1306 480 usum
1344 441 1540 491 templum
1578 439 1787 491 quoddam
1826 439 1964 480 salutis
2003 453 2077 481 suo
2114 449 2278 494 sumptu

243 503 445 546 dedicavit
455 505 481 545 ¹.
539 506 657 545 Idem
685 504 921 545 liberalitate
943 502 1170 544 admirabili
1198 502 1284 543 viae
1313 502 1369 542 illi
1392 503 1541 543 ferreae
1570 501 1815 542 muniendae
1838 502 2057 554 opitulatus
2080 512 2152 551 est,
2173 518 2276 556 quae

242 579 372 620 nuper
389 580 473 608 non
493 569 618 608 modo
636 567 866 620 provinciae
884 566 989 607 illius
1009 565 1190 619 regiones
1210 565 1496 607 remotissimas
1516 565 1638 606 artius
1657 564 1874 614 coniunxit,
1893 567 1964 606 sed
1983 566 2104 606 etiam
2123 567 2278 620 imperii

242 628 368 670 nostri
392 637 535 682 partes,
557 629 748 682 temporis
771 629 979 670 intervallo
1004 630 1084 669 late
1109 627 1341 678 disiunctas,
1363 629 1471 668 velut
1494 627 1659 680 propius
1683 627 1861 668 adduxit.
1921 629 2038 669 Iuvat
2066 629 2147 670 diei
2172 629 2276 670 illius

242 693 478 734 memoriam
501 701 690 746 repetere,
712 706 794 746 quo
817 693 903 745 ipse
923 692 1034 744 operi
1060 691 1116 732 illi
1141 691 1294 744 ingenti
1318 693 1427 732 velut
1452 704 1618 731 manum
1640 697 1858 731 extremam
1885 690 2090 743 imposuit,
2109 694 2277 744 viaeque

239 761 375 797 tantae
393 757 551 796 clavum
571 755 756 796 ultimum
775 756 920 808 adegit.
979 756 1074 795 Non
1093 767 1192 795 auro
1211 754 1438 807 splendido,
1459 761 1504 794 ut
1522 754 1629 802 alias,
1652 755 1724 794 sed
1744 754 1847 794 ferro
1867 753 2038 806 simplici
2064 754 2275 807 solidoque

241 819 377 860 clavus
395 819 463 861 ille
480 820 645 861 ultimus
664 821 793 860 factus
814 827 897 860 erat
908 833 921 869 3
949 818 1036 859 sine
1055 819 1138 858 ullo
1158 819 1366 869 epularum
1389 825 1594 870 apparatu,
1617 816 1704 857 sine
1730 818 1811 857 ulla
1834 819 2061 858 orationum
2088 819 2277 870 magnilo-

241 881 417 933 quentia,
450 881 493 922 in
530 881 771 924 Columbiae
809 880 1062 921 Britannicae
1100 880 1288 920 silvarum
1321 880 1549 930 solitudine,
1586 879 1703 919 turba
1740 892 1823 920 non
1862 893 2007 932 magna
2043 882 2273 931 adsistente,

240 956 432 996 magnum
469 943 569 985 illud
606 943 754 984 laboris
786 943 974 984 immensi
1006 950 1318 983 monumentum
1351 944 1405 983 ad
1436 944 1559 983 finem
1592 941 1868 982 felicissimum
1899 944 2139 995 perductum
2178 944 2271 985 θεῖ’.

239 1005 392 1047 Videor
424 1006 524 1046 mihi
556 1020 689 1047 rursus
717 1011 879 1059 poetam
911 1005 1024 1046 illum
1055 1013 1230 1046 veterem
1258 1005 1415 1058 imperii
1441 1004 1566 1046 nostri
1599 1012 1731 1057 partes
1759 1011 1842 1044 tam
1871 1005 2047 1046 diversas
2076 1007 2116 1046 in
2146 1021 2272 1047 unum

239 1068 475 1110 coniunctas
503 1071 618 1123 quasi
646 1069 963 1122 praesagientem
992 1069 1154 1110 audire:

653 1147 795 1186 ‘huius
823 1145 1001 1198 pacificis
1030 1145 1227 1186 debemus
1257 1145 1437 1186 moribus
1466 1158 1609 1185 omnes

675 1202 787 1253 quod
815 1200 937 1241 veluti
964 1200 1101 1253 patriis
1129 1200 1359 1252 regionibus
1388 1200 1510 1241 utitur
1539 1201 1698 1252 hospes,

675 1257 788 1308 quod
815 1257 954 1296 sedem
985 1263 1139 1295 mutare
1168 1255 1271 1304 licet,
1302 1256 1414 1307 quod
1442 1268 1605 1295 cernere
1633 1255 1794 1294 Thulen

673 1312 783 1351 lusus
812 1318 852 1350 et
880 1311 1102 1351 horrendos
1131 1311 1338 1362 quondam
1368 1317 1576 1362 penetrare
1606 1322 1849 1358 recessus,...

673 1366 785 1417 quod
813 1364 949 1405 cuncti
976 1378 1075 1417 gens
1104 1378 1184 1405 una
1213 1364 1406 1405 sumus'⁸.

348 1440 468 1480 Duco
487 1440 541 1481 ad
559 1452 631 1480 vos
650 1439 828 1492 equitem
847 1440 1097 1490 munificum,
1121 1441 1375 1480 DONALDUM
1397 1441 1710 1480 ALEXANDRUM
1731 1439 1904 1480 Smrrn‘.

346 1559 460 1614 (122)
489 1562 635 1602 Vetere
663 1561 875 1614 proverbio
904 1561 1076 1602 dicimus
1105 1575 1153 1602 ex
1182 1560 1335 1601 oriente
1364 1574 1451 1602 esse
1476 1562 1620 1601 lucem.
1679 1560 1805 1613 Atqui
1831 1560 1872 1600 in
1898 1568 2077 1602 extremo
2106 1563 2269 1604 orientis

237 1623 339 1674 sinu,
374 1623 417 1664 in
449 1623 618 1676 imperio
650 1624 719 1665 illo
754 1623 951 1677 Iaponico
984 1625 1095 1676 quod
1128 1624 1223 1665 solis
1254 1623 1418 1664 orientis
1449 1623 1577 1676 ipsam
1615 1625 1754 1664 sedem
1793 1637 1880 1664 sese
1917 1624 2049 1674 iactat,
2085 1628 2267 1667 nonnulli

235 1685 470 1727 exstiterunt
489 1686 570 1739 qui,
591 1686 741 1739 patriae
761 1700 856 1727 suae
875 1686 978 1727 inter
1002 1686 1155 1726 lumina
1178 1686 1321 1727 merito
1344 1686 1552 1735 numerati,
1575 1686 1695 1726 etiam
1722 1699 1745 1726 e
1769 1685 1999 1738 regionibus
2025 1688 2119 1728 solis
2143 1703 2268 1742 prope

235 1761 426 1789 oceasum
445 1748 586 1802 positis
605 1751 737 1790 lucem
761 1762 908 1790 novam
932 1749 1008 1790 sibi
1031 1749 1146 1790 reddi
1168 1762 1288 1801 posse
1311 1748 1488 1789 arbitrati
1516 1756 1620 1789 sunt.
1680 1750 1742 1788 Ex
1767 1748 1843 1788 illis
1872 1762 1976 1789 unus
2002 1751 2124 1792 hodie
2150 1753 2268 1794 nobis

235 1811 427 1852 advectus
459 1819 531 1861 est,
561 1811 619 1852 vir
648 1812 800 1852 liberali
833 1811 875 1851 in
908 1811 1046 1864 primis
1077 1813 1334 1865 candidoque
1366 1811 1517 1852 iudicio
1548 1810 1763 1864 praeditus,
1794 1811 1864 1863 qui
1897 1813 2157 1864 popularibus
2186 1816 2267 1856 suis

234 1874 441 1928 persuasit,
462 1882 508 1916 ut
535 1875 713 1928 optimae
746 1875 830 1928 spei
860 1876 1140 1917 adulescentes
1169 1875 1322 1927 aliquot
1350 1877 1403 1916 ad
1436 1874 1736 1916 celeberrimam
1767 1887 1970 1927 quamque
2002 1878 2266 1920 Academiam

234 1938 528 1980 occidentalem
561 1940 796 1980 educandos
825 1939 1048 1980 identidem
1076 1939 1291 1980 mitterent.
1352 1940 1446 1991 Ipse
1475 1952 1613 1991 nuper,
1644 1952 1737 1978 cum
1764 1938 1947 1979 adiutore
1973 1940 2145 1991 optimo⁶
2173 1955 2267 1983 con-

234 2001 420 2052 sociatus,
442 2003 495 2043 ad
522 2003 709 2055 Europae
732 2010 870 2055 gentes
897 2005 1049 2055 legatus
1077 2003 1221 2043 missus
1247 2010 1317 2052 est,
1343 2010 1388 2043 ut
1411 2016 1495 2043 non
1521 2004 1646 2043 modo
1672 2004 1724 2043 de
1753 2002 1937 2043 universa
1965 2004 2264 2056 disciplinarum

232 2065 552 2106 academicasum
574 2066 737 2115 ratione,
760 2067 832 2106 sed
853 2065 1083 2117 praesertim
1104 2066 1248 2106 artium
1268 2066 1556 2117 elegantiorum
1577 2067 1630 2106 de
1649 2065 1791 2106 studiis
1810 2064 2037 2117 inquireret.
2097 2069 2265 2109 Utinam

232 2130 445 2181 populares
464 2129 561 2180 eius,
582 2131 681 2170 dum
700 2143 725 2170 a
746 2130 932 2182 gentibus
959 2129 1277 2170 occidentalibus
1302 2129 1412 2169 utilia
1438 2131 1639 2182 quaedam
1661 2129 1885 2181 acquirunt,
1908 2130 2102 2183 quicquid
2127 2146 2200 2173 sua
2224 2135 2266 2174 in

231 2198 326 2240 arte,
348 2204 423 2232 suo
445 2190 488 2231 in
513 2191 670 2242 vestitu,
694 2193 908 2244 pulchrum
932 2199 1002 2240 est,
1028 2205 1080 2232 ne
1103 2192 1300 2232 amittant.
1360 2193 1409 2231 In
1433 2191 1598 2244 picturis
1626 2191 1829 2244 Iaponicis
1856 2194 1937 2233 fere
1962 2193 2099 2234 omnia
2125 2196 2262 2246 nitida,

231 2255 346 2303 laeta,
373 2254 525 2296 lumine
553 2257 782 2296 collustrata
811 2264 928 2305 sunt3
958 2257 1069 2296 nulla
1096 2264 1260 2308 apparet
1288 2257 1455 2296 umbra:
1485 2270 1569 2297 non
1597 2256 1710 2297 aliter
1738 2257 1892 2298 insulae
1919 2258 2010 2299 illae
2039 2258 2262 2311 orientales,

230 2316 371 2358 talium
417 2317 591 2358 virorum
639 2317 815 2358 consiliis
862 2318 992 2359 indies
1039 2319 1223 2359 clariores
1270 2318 1461 2368 redditae,
1503 2321 1612 2359 nulla
1655 2333 1785 2360 rerum
1827 2322 2085 2361 adversarum
2122 2323 2264 2364 umbra

231 2379 520 2429 obscurentur3
558 2381 630 2420 sed
657 2380 799 2421 oceani
828 2380 985 2432 pacifici
1017 2382 1120 2421 inter
1147 2382 1293 2421 fluctus
1322 2395 1415 2421 cum
1445 2382 1554 2422 orbis
1582 2389 1774 2422 terrarum
1807 2383 1994 2434 gentibus
2023 2386 2265 2426 concordiae

230 2441 400 2483 vinculis
428 2443 680 2492 coniunctae,
711 2444 806 2483 solis
834 2444 997 2484 orientis
1026 2444 1231 2496 regionem
1260 2458 1418 2496 semper
1446 2458 1553 2485 novo
1582 2447 1796 2497 splendore
1824 2446 2031 2488 illustrent.

341 2507 461 2546 Duco
479 2507 533 2547 ad
551 2519 624 2546 vos
642 2506 889 2547 Academiae
907 2506 1120 2547 Tokiensis
1141 2508 1509 2558 procancellarium,
1532 2510 1684 2548 ARATA
1707 2510 1882 2549 HAMAo.

338 2622 455 2675 (123)
494 2623 611 2662 Iuvat
648 2622 813 2662 tandem
851 2620 1056 2673 pervenire
1092 2622 1145 2661 ad
1178 2621 1366 2662 historiae
1399 2622 1588 2663 naturalis
1622 2624 1888 2675 professorem
1923 2625 2259 2676 Harvardianum,

229 2684 510 2726 botanicorum
529 2684 885 2726 transmarinorum
906 2684 1022 2725 facile
1041 2684 1274 2737 principem.
1333 2686 1546 2726 Annorum
1566 2685 1857 2738 quinquaginta
1880 2686 1984 2727 intra
2010 2688 2183 2740 spatium
2210 2691 2262 2730 de

228 2746 395 2789 scientia
427 2761 499 2790 sua
531 2748 798 2800 pulcherrima
831 2755 930 2800 quot
963 2747 1098 2798 libros,
1133 2747 1358 2788 eruditione
1392 2761 1514 2799 quam
1547 2750 1692 2800 ampla,
1723 2761 1870 2801 genere
1903 2749 2103 2791 scribendi
2137 2764 2260 2802 quam

227 2810 454 2852 admirabili
491 2811 731 2864 composuit.
804 2810 1005 2862 Quotiens
1044 2824 1243 2851 oceanum
1286 2811 1451 2859 transiit,
1496 2819 1540 2851 ut
1585 2813 1771 2863 Europae
1810 2811 1993 2852 herbaria
2031 2813 2261 2865 diligentius

227 2881 549 2925 perscrutaretur,
585 2876 770 2926 virosque
807 2873 849 2913 in
888 2887 960 2914 sua
997 2873 1202 2925 provincia
1239 2873 1446 2926 primarios
1486 2873 1627 2914 melius
1666 2881 1936 2925 cognosceret.
2002 2876 2051 2914 In
2089 2875 2258 2916 aliorum

226 2934 430 2976 laboribus
469 2936 756 2985 examinandis,
796 2936 1063 2986 recensendis,
1104 2949 1411 2988 nonnumquam
1451 2936 1589 2976 leviter
1630 2936 1886 2988 corrigendis,
1921 2936 2095 2977 iudicem
2135 2951 2256 2990 quam

315 3041 327 3062 ²
350 3043 426 3076 The
443 3043 592 3077 Victoria
609 3044 769 3088 Hospital
785 3044 820 3077 in
837 3044 1018 3077 Montreal.
1212 3043 1225 3062 ²
1248 3043 1324 3077 The
1338 3043 1471 3086 driving
1485 3043 1523 3076 of
1538 3044 1595 3076 the
1611 3043 1675 3076 last
1692 3043 1789 3087 spike
1805 3043 1844 3076 of
1860 3043 1917 3077 the
1933 3044 2109 3078 Canadian
2137 3045 2258 3078 Pacific

226 3086 380 3130 Railway
395 3097 439 3120 on
458 3096 475 3129 5
492 3087 582 3121 Nov.
602 3089 684 3129 1885
702 3087 890 3130 (described
905 3088 940 3121 in
960 3088 1141 3131 Quarterly
1155 3088 1296 3126 Review,
1310 3088 1389 3130 Jan.
1411 3089 1503 3129 1887,
1524 3098 1556 3131 p.
1581 3098 1639 3130 132
1657 3087 1697 3130 f).
1798 3087 1813 3108 ³
1835 3087 2013 3127 Claudian,
2030 3090 2068 3122 de
2083 3090 2257 3122 consulatu

225 3130 428 3169 Stilichonis,
451 3131 486 3164 iii
514 3140 631 3176 154-9.
762 3131 777 3152 ⁴
800 3132 1009 3165 Afterwards
1025 3132 1117 3165 Lord
1133 3131 1347 3165 Strathcona.
1481 3131 1495 3151 ⁶
1518 3133 1574 3164 Mr
1590 3132 1766 3172 Okakura,
1785 3132 1869 3165 Dec.
1894 3132 1988 3174 1885.

1207 3207 1258 3256 63
