2704 3770
625 326 721 376 Sir
757 326 944 392 George
983 326 1099 376 Otto
1142 326 1192 375 T
1187 326 1427 391 revehJan.
1502 324 1597 375 Sir
1617 324 1797 392 sames
1829 324 2015 390 Hemy
2047 323 2281 390 Ramsay.
2320 343 2323 346 ’

439 486 546 514 novo
580 474 867 514 movendarum
897 487 999 525 opus
1033 473 1309 514 difficillimum
1345 472 1450 512 exitu
1477 484 1667 523 prospero
1698 478 1757 510 est
1790 470 2029 523 aggoessus'.
2090 470 2304 511 Machinae
2333 483 2459 523 genus

441 534 541 575 illud
570 548 732 584 novum,
762 549 786 575 a
819 534 1017 575 Societate
1051 534 1178 587 Regia
1211 534 1461 574 numismatis
1491 533 1599 573 aurei
1633 534 1785 573 honore
1815 532 2080 584 approbatum
2088 531 2111 581 ⁹,
2143 532 2263 572 etiam
2293 531 2460 572 navibus

443 596 622 636 maximis
651 610 846 637 oceanum
871 596 1166 637 transeuntibus
1192 603 1332 647 postea
1357 603 1417 636 est
1446 596 1809 635 accommodatum.
1869 594 1993 644 Quod
2013 593 2046 633 si
2073 595 2308 645 Neptunum
2327 593 2460 645 ipsum

441 659 593 699 alumni
630 660 754 700 nostri
792 661 844 700 de
883 659 1032 700 meritis
1074 660 1314 711 interrogare
1357 658 1569 708 volueritis,
1609 658 1694 698 sine
1736 657 1862 698 dubio
1905 658 2119 710 Neptunus
2156 657 2242 709 ipse
2279 655 2460 709 protinus

442 720 702 772 respondebit
717 736 781 761 3-

1364 796 1374 815 ‘
1387 800 1550 845 experto
1578 793 1729 834 credite
1759 801 1933 845 quantus
1945 795 1954 813 '

824 862 894 900 per
922 855 1090 900 pontum
1119 854 1314 900 properet,
1349 851 1452 899 ‘quo
1480 847 1639 888 turbine
1667 849 1871 900 torqueat'
1899 848 2059 888 undas'.

551 924 668 963 Duco
696 924 748 964 ad
777 937 846 963 vos
870 923 1122 963 scientiarum
1148 930 1367 962 amatorem
1394 922 1505 962 omni
1532 922 1725 962 mercedis
1753 935 1889 962 amore
1914 922 2117 970 maiorem,
2138 921 2265 962 virum
2293 922 2460 962 honora-

444 984 577 1034 bilem,
600 984 768 1036 Collegii
788 984 849 1024 sui
868 985 1030 1024 honoris
1050 997 1170 1024 causa
1190 984 1354 1033 socium,
1377 984 1591 1024 CAROLUM
1614 986 1852 1023 ALGERNON
1874 985 2079 1023 PARsons.

552 1104 664 1156 (479)
686 1105 746 1144 Ex
771 1104 943 1144 alumnis
969 1104 1114 1144 nostris
1139 1104 1260 1143 aliurn
1284 1103 1454 1143 libenter
1476 1103 1741 1155 agnoscimus,
1763 1103 1832 1154 qui
1854 1102 2050 1143 Academi
2073 1103 2198 1143 nostri
2217 1103 2320 1143 inter
2342 1103 2459 1143 silvas

442 1167 539 1207 olim
572 1166 708 1206 litteris
742 1166 1044 1206 humanioribus
1082 1167 1272 1214 excultus,
1306 1173 1346 1205 et
1385 1165 1600 1205 Horatium
1634 1165 1804 1205 Athenis
1838 1171 2155 1205 commorantem
2189 1172 2228 1204 et
2267 1164 2461 1216 Dionysia

442 1229 786 1280 Cantabrigiensia
823 1236 862 1268 et
900 1230 1005 1280 ipsas
1041 1228 1354 1268 Ecclesiazusas⁴
1388 1228 1555 1268 ‘leviore
1589 1229 1783 1279 plectro'⁶
1815 1227 2039 1268 celebravit.
2099 1229 2215 1268 Idem
2252 1228 2304 1268 ab
2342 1227 2460 1268 India

441 1292 610 1331 domum
647 1303 835 1338 reversus,
869 1298 1102 1341 argumenta
1135 1290 1187 1329 ab
1221 1289 1338 1329 India
1370 1289 1547 1341 graviora
1580 1297 1784 1329 mutuatus
1818 1296 1888 1338 est,
1924 1290 2069 1329 famam
2109 1289 2228 1329 etiam
2267 1289 2458 1330 maiorem

441 1351 624 1392 avunculi
664 1351 725 1390 sui
757 1351 917 1390 illustris
950 1365 973 1391 e
1006 1351 1085 1390 vita
1117 1358 1156 1390 et
1187 1350 1324 1390 litteris
1357 1350 1508 1402 optime
1539 1350 1655 1390 editis
1689 1352 1808 1402 paulo
1841 1349 1965 1390 serius
1998 1351 2243 1401 adepturus⁶.
2301 1351 2456 1400 Postea,

445 1414 672 1454 Britanniae
699 1413 957 1453 Senatoribus
993 1412 1229 1464 adscriptus,
1267 1413 1436 1464 partium
1480 1413 1700 1452 liberalium
1744 1411 1920 1453 ductoris
1959 1413 2167 1453 cuiusdam
2210 1412 2458 1453 celeberrimi

444 1478 566 1516 vitam
603 1476 775 1528 priorem
810 1475 964 1527 egregie
998 1475 1186 1516 narravit⁷
1197 1490 1209 1525 3
1247 1474 1395 1515 deinde
1433 1482 1472 1515 et
1512 1475 1709 1515 Hibernia
1741 1483 1781 1516 et
1814 1476 2036 1517 Caledonia
2068 1476 2110 1515 in
2147 1475 2461 1516 administranda

441 1539 640 1591 paulisper
659 1538 894 1579 exercitatus
913 1546 973 1578 est
986 1554 997 1588 3
1027 1547 1231 1590 postremo
1250 1538 1388 1578 litteris
1408 1551 1494 1578 sese
1514 1545 1644 1578 totum
1664 1538 1865 1578 dedicavit
1887 1546 1926 1579 et
1950 1539 2210 1580 Coloniarum
2236 1546 2458 1579 nostrarum

442 1601 769 1641 Americanarum
802 1600 854 1640 ab
887 1600 1055 1653 imperio
1089 1608 1226 1640 nostro
1256 1600 1470 1641 discidium
1503 1607 1585 1640 tam
1614 1600 1779 1640 feliciter
1812 1601 1992 1648 narravit,
2026 1609 2069 1641 ut
2103 1601 2384 1641 Britannorum
2416 1600 2458 1641 in

442 1662 632 1704 Colonias
668 1662 754 1702 illas
791 1675 969 1702 amorem
1006 1663 1222 1702 fraternum
1260 1663 1482 1702 luculenter
1518 1662 1780 1702 indicaverit⁸.
1839 1663 1999 1702 Talium
2038 1662 2210 1702 virorum
2246 1675 2379 1714 opera,
2417 1669 2458 1703 et

442 1723 685 1764 Academiae
723 1731 881 1764 nostrae
917 1723 1082 1775 gloriam
1121 1723 1259 1764 litteris
1297 1731 1449 1775 partam
1492 1731 1698 1775 exaugent,
1740 1731 1780 1764 et
1826 1723 1983 1775 linguae
2029 1732 2187 1764 nostrae
2233 1723 2458 1764 communis

442 1785 654 1838 participes
682 1798 834 1836 omnes,
866 1798 1040 1837 aequore
1068 1785 1272 1826 Atlantico
1301 1785 1460 1835 divisos,
1491 1786 1657 1826 vinculis
1685 1785 1895 1826 artioribus
1922 1786 2024 1826 inter
2052 1799 2139 1826 sese
2166 1787 2423 1838 coniungunt.

553 1848 671 1887 Duco
701 1848 753 1887 ad
786 1860 857 1887 vos
890 1847 1059 1899 Angliae
1089 1847 1342 1887 baronettum
1377 1847 1593 1887 litterarum
1627 1848 1745 1887 laude
1778 1846 1985 1898 insignem,
2017 1847 2186 1898 Collegii
2218 1849 2387 1888 Sanctae
2418 1854 2458 1887 et

442 1909 681 1950 Individuae
708 1909 915 1949 Trinitatis
944 1909 1097 1950 socium
1127 1909 1290 1950 honoris
1319 1923 1439 1950 causa
1468 1912 1652 1959 electum,
1684 1911 1919 1950 GEokoruM
1949 1911 2069 1951 OT‘ro
2097 1912 2369 1951 TREVELYAN.

552 2035 664 2088 (480)
705 2037 944 2075 Baronettus
976 2037 1075 2075 alter
1106 2037 1298 2086 deinceps
1331 2034 1491 2082 incedit,
1528 2034 1585 2073 vir
1617 2035 1833 2074 adfinitatis
1867 2035 1951 2075 iure
1984 2049 2076 2075 curn
2110 2036 2291 2088 Collegio
2321 2043 2457 2077 nostro

443 2098 618 2137 maximo
637 2096 905 2145 coniunctus⁹‚
929 2096 998 2148 qui
1025 2096 1247 2136 Caledonia
1272 2095 1465 2135 oriundus
1490 2095 1657 2146 Angliae
1681 2096 1885 2135 historiam
1907 2109 1978 2148 per
1996 2097 2235 2138 immensum
2260 2110 2457 2138 annorum

444 2161 627 2213 spatium,
648 2173 719 2211 per
743 2173 870 2199 annos
890 2159 984 2210 (nisi
1010 2158 1139 2211 fallor)
1160 2158 1266 2197 mille
1292 2158 1605 2209 quadringentos
1631 2171 1699 2198 sex
1725 2166 1764 2198 et
1787 2159 2058 2210 quadraginta,
2080 2173 2129 2200 ex
2157 2159 2252 2212 ipsis
2277 2160 2455 2200 fontibus

445 2222 645 2263 derivavit.
702 2223 741 2261 A
766 2223 926 2261 saeculo
952 2222 1110 2262 decimo
1137 2221 1278 2273 quinto
1301 2233 1474 2268 exorsus,
1495 2221 1643 2261 deinde
1671 2221 1858 2262 historiae
1886 2229 2045 2263 nostrae
2072 2224 2124 2263 ad
2152 2223 2257 2275 ipsas
2285 2223 2455 2276 origines

444 2297 621 2325 reversus
640 2291 680 2324 et
699 2285 947 2323 saeculorum
967 2283 1183 2323 duodecim
1203 2282 1408 2322 historiam
1427 2295 1623 2332 emensus,
1645 2284 1789 2323 domus
1809 2285 2109 2336 Andegavensis
2128 2286 2246 2326 trium
2265 2286 2455 2338 deinceps

445 2361 582 2400 regum
601 2348 763 2387 annales
784 2346 939 2394 evolvit,
961 2346 1135 2397 denique
1155 2345 1322 2385 civitatis
1342 2352 1499 2385 nostrae
1518 2345 1671 2397 legibus
1686 2346 1924 2386 constitutae
1944 2355 2073 2387 ortum
2095 2348 2267 2400 primum
2281 2349 2455 2389 veritatis

444 2411 534 2449 luce
559 2408 764 2448 illustravit
775 2409 812 2447 ¹⁰.
872 2408 1067 2459 Magnum
1091 2408 1270 2458 profecto
1296 2414 1355 2446 est
1382 2408 1486 2447 vitae
1509 2420 1633 2459 prope
1656 2407 1778 2447 totius
1806 2407 1932 2447 otium
1959 2409 2119 2460 negotio
2147 2417 2228 2449 tam
2256 2409 2455 2450 laborioso

444 2479 556 2511 tanto
589 2484 682 2510 curn
715 2471 843 2510 fructu
876 2469 1083 2509 dedicasse
1096 2484 1108 2519 3
1145 2482 1346 2521 magnum,
1382 2468 1557 2520 inquam,
1590 2469 1743 2510 nomini
1773 2470 1989 2511 litterarum
2023 2472 2303 2512 humaniorum
2334 2472 2454 2512 laude

445 2532 523 2572 iam
544 2533 698 2572 dudum
718 2531 759 2570 in
780 2531 1001 2572 Caledonia
1027 2530 1232 2576 illustrato,
1253 2530 1372 2570 etiam
1398 2532 1558 2571 laudem
1585 2544 1633 2571 ex
1660 2531 1823 2572 historia
1847 2532 2142 2573 accuratissime
2166 2533 2456 2574 conscribenda

445 2601 598 2645 partam
616 2593 830 2633 addidisse.
2438 2597 2440 2599 ’

554 2657 673 2695 Duco
709 2656 761 2695 ad
798 2667 868 2694 vos
907 2653 1152 2695 Caledoniae
1190 2654 1442 2694 baronettum
1480 2653 1688 2706 insignem,
1728 2655 1852 2695 Aedis
1881 2655 2028 2696 Christi
2060 2657 2169 2708 apud
2204 2656 2453 2697 Oxonienses

445 2718 662 2765 alumnum,
695 2718 890 2756 IAcossuM
922 2718 1163 2755 HENRICUM
1194 2717 1385 2756 RAMSAY.

534 2835 546 2855 ¹
570 2836 645 2869 The
659 2836 830 2869 invention
842 2836 879 2868 of
891 2837 948 2869 the
963 2835 1227 2869 steam-turbine.
1359 2834 1373 2855 ²
1395 2835 1580 2868 Described
1596 2836 1631 2868 in
1649 2846 1729 2879 1902
1746 2836 1791 2879 by
1807 2836 1863 2869 the
1881 2835 2053 2869 President
2068 2836 2106 2868 of
2117 2836 2174 2869 the
2187 2837 2294 2879 Royal
2306 2837 2452 2880 Society,

446 2880 481 2912 in
497 2880 553 2912 the
567 2880 681 2912 award
696 2880 733 2912 of
753 2880 810 2912 the
827 2880 990 2912 Rumford
1005 2880 1128 2919 medal,
1146 2890 1181 2912 as
1198 2879 1369 2921 ‘marking
1383 2889 1427 2912 an
1443 2879 1550 2922 epoch
1571 2880 1606 2912 in
1621 2880 1677 2912 the
1692 2879 1898 2922 application
1915 2880 1953 2911 of
1963 2885 2069 2912 steam
2091 2885 2127 2912 to
2142 2880 2319 2923 industry',
2337 2881 2404 2913 and
2418 2891 2455 2914 as

446 2923 612 2965 probably
638 2924 710 2955 ‘the
732 2928 876 2965 greatest
899 2924 1046 2956 advance
1069 2923 1159 2955 since
1184 2922 1239 2955 the
1262 2923 1343 2954 time
1365 2922 1404 2954 of
1426 2922 1552 2954 Watt’.
1697 2921 1712 2944 ³
1735 2924 1847 2965 Partly
1863 2923 1948 2955 from
1964 2925 2050 2955 Aen.
2067 2923 2101 2955 xi
2118 2924 2191 2965 283.
2346 2923 2361 2944 ⁴
2388 2924 2456 2957 ῙῚιι

446 2967 567 2999 Ladies
583 2967 621 2998 in
637 2967 860 3004 Parliament,
877 2972 940 2999 etc.
961 2966 1053 2999 1868.
1167 2965 1181 2985 ⁶
1205 2966 1350 3003 Horace,
1371 2967 1483 2998 Carm.
1502 2965 1526 2997 ii
1545 2976 1574 3004 1,
1593 2976 1644 3006 40.
1792 2966 1806 2987 ⁶
1837 2967 1902 2998 77ae
1921 2967 2135 3008 Competition
2158 2967 2308 3006 Wallah3
2335 2967 2455 3000 Cawn-

439 3015 534 3051 pore3
559 3010 634 3052 Life
648 3010 722 3041 and
732 3010 858 3042 Letters
873 3010 914 3052 qs
920 3010 1015 3042 Lord
1026 3011 1217 3050 Macaulay.
1374 3007 1387 3029 ⁷
1413 3009 1674 3051 CharlesJames
1687 3010 1770 3041 Fox.
1922 3007 1936 3029 ⁸
1964 3010 2032 3041 The
2043 3010 2226 3042 American
2242 3010 2452 3043 Revolution.

445 3052 459 3073 ⁹
484 3053 525 3085 In
559 3054 652 3089 1888,
682 3053 740 3085 the
770 3054 896 3085 Master
925 3053 963 3085 of
989 3053 1121 3094 Trinity
1151 3052 1295 3084 married
1325 3052 1380 3084 Sir
1406 3053 1521 3094 James
1552 3052 1727 3093 Ramsay’s
1753 3052 1927 3095 daughter,
1961 3053 2097 3095 Agnata
2123 3054 2152 3086 F
2153 3063 2269 3086 rances
2293 3053 2452 3096 Ramsay.

445 3094 473 3115 ¹⁰
495 3096 676 3128 Lancaster
695 3097 769 3128 and
789 3097 872 3128 York
895 3094 1158 3139 (1399—1485);
1188 3096 1254 3127 The
1275 3095 1504 3127 Foundations
1525 3095 1566 3137 qf
1583 3096 1750 3138 England
1767 3095 1820 3137 (55
1843 3104 2042 3137 B.c.—1154
2066 3097 2182 3137 A.D.);
2211 3097 2277 3129 The
2299 3098 2453 3139 Angevin

445 3139 586 3182 Empire
603 3138 862 3181 (1154—1216);
885 3140 951 3171 and
973 3140 1039 3171 The
1054 3141 1169 3171 Dawn
1185 3139 1226 3181 os
1232 3139 1286 3170 the
1304 3139 1527 3171 Constitution
1545 3138 1798 3181 (1216—1307).

1408 3212 1483 3248 216
