2704 3770
798 331 853 379 A
859 331 1014 380 rtlzur
1045 332 1216 381 Mesae
1250 333 1315 380 K
1309 333 1462 397 nzjgltt.
1523 334 1665 399 J0lm
1699 334 1918 398 Bagnell
1945 336 2106 400 Bury.

444 482 535 525 post
554 474 710 515 labores
729 488 860 516 sacros
883 489 1045 528 peregre
1068 476 1233 518 feliciter
1254 485 1414 518 exactos
1437 478 1636 530 paulisper
1659 478 1777 518 nobis
1801 479 2013 527 redditum,
2033 492 2119 520 non
2136 480 2267 521 minus
2290 481 2458 522 libenter

445 539 672 577 salutamus.
731 538 839 578 Olim
873 538 912 578 in
947 553 1041 591 agro
1074 540 1190 580 nobis
1224 540 1393 580 finitimo
1427 542 1562 581 Sancti
1596 540 1803 581 Edmundi
1835 540 1938 581 inter
1970 541 2201 582 umbracula
2233 544 2455 593 educatus¹‚

444 606 584 651 postea
609 599 710 640 inter
735 608 892 640 nosmet
917 600 1025 653 ipsos
1048 601 1089 640 in
1114 601 1294 654 Collegio
1317 602 1385 643 illo
1411 602 1555 654 insigni
1581 602 1771 643 scholaris
1794 610 1854 643 est
1877 604 2038 651 electus,
2065 605 2185 655 quod,
2207 612 2359 655 praeter
2380 605 2458 646 alia

444 661 572 702 laudis
588 662 762 711 nomina,
779 662 899 703 etiam
915 663 1194 715 episcoporum
1209 665 1495 716 Japonicorum
1511 664 1766 705 seminarium
1782 679 1864 705 non
1879 664 2077 705 immerito
2092 673 2223 717 potest
2237 667 2454 719 appellari¹.

445 724 509 764 Ibi
535 725 672 765 litteris
699 726 999 767 humanioribus
1025 729 1215 776 excultus,
1244 728 1466 779 theologiae
1489 728 1530 768 in
1556 727 1697 768 studiis
1723 729 1924 780 probatus,
1951 728 2230 769 Hebraeorum
2255 729 2298 773 in
2323 729 2457 782 lingua

443 787 631 837 eruditus,
653 787 692 827 in
719 788 923 839 provincia
945 803 1017 829 sua
1041 790 1258 842 longinqua
1286 804 1334 830 ex
1359 790 1528 830 oraculis
1554 790 1709 830 Divinis
1734 790 2018 842 antiquissimis
2046 791 2215 843 plurima
2240 792 2456 833 insularum

442 847 596 888 illarum
616 849 656 888 in
677 849 810 901 lingua
830 857 889 889 est
908 850 1196 902 interpretatus.
1257 853 1373 902 Ergo,
1392 866 1440 891 ex
1458 851 1596 892 insulis
1612 851 1766 900 nostris,
1785 852 1878 892 solis
1896 853 1949 892 ad
1965 866 2152 893 occasum
2172 853 2454 906 spectantibus,

443 911 536 951 solis
565 911 727 952 orientis
755 912 796 952 in
824 920 966 953 terram
995 913 1114 954 etiarn
1139 921 1272 954 noster
1300 914 1462 954 nuntius
1489 914 1596 954 verbi
1629 914 1762 954 Divini
1786 916 1921 954 lumen
1951 922 2057 955 trans
2081 915 2202 955 maria
2230 915 2456 967 transmisit,

444 973 686 1013 Academiae
715 973 880 1014 huiusce
905 976 1090 1014 alumnus
1120 988 1201 1015 non
1231 975 1429 1027 indignus,
1451 989 1554 1027 quae
1582 983 1641 1015 tot
1670 975 1777 1016 orbis
1805 984 1995 1016 terrarum
2021 977 2199 1028 partibus
2224 978 2315 1017 hinc
2339 978 2456 1018 lucem

443 1034 651 1075 tradidisse
669 1035 887 1087 gloriatur³.

554 1099 672 1138 Duco
699 1099 751 1138 ad
778 1112 847 1139 vos
877 1098 1024 1140 Christi
1052 1113 1075 1140 e
1103 1100 1285 1151 Collegio
1314 1100 1531 1140 insularum
1559 1100 1841 1152 Japonicarum
1868 1100 2102 1153 episcopum
2127 1103 2306 1151 alterum,
2327 1101 2454 1143 virum

442 1161 661 1200 admodum
683 1163 955 1211 reverendum,
978 1164 1221 1203 PmmppuM
1243 1165 1453 1203 KEMBALL
1474 1165 1625 1203 Fvson.

1253 1279 1314 1324 29
1343 1263 1468 1329 san.
1519 1279 1644 1326 1903

551 1365 665 1418 (362)
698 1368 836 1406 INTER
860 1367 1019 1407 Indiam
1042 1375 1082 1408 et
1102 1369 1398 1409 Chersonesum
1418 1371 1592 1409 Auream
1611 1368 1714 1409 iacet
1735 1370 2055 1409 Burmannorum
2075 1368 2279 1420 provincia
2298 1384 2452 1424 magna,

440 1427 559 1468 etiam
580 1428 665 1480 ipsa
685 1429 888 1469 Britannia
906 1444 1030 1482 prope
1050 1431 1175 1470 tribus
1195 1431 1372 1482 partibus
1392 1431 1508 1471 latius
1527 1438 1718 1483 porrecta.
1778 1430 2009 1471 Provinciae
2028 1438 2162 1471 autem
2177 1431 2291 1481 illius,
2308 1432 2455 1474 finibus

439 1490 536 1530 olim
560 1491 770 1531 artioribus
795 1492 981 1542 inclusae,
1005 1493 1238 1545 episcopum
1262 1493 1435 1545 primum
1459 1494 1608 1534 abhinc
1631 1507 1760 1534 annos
1777 1493 1962 1545 'quinque
1985 1501 2025 1533 et
2047 1493 2184 1545 viginti
2202 1494 2243 1534 in
2266 1496 2344 1535 hoc
2366 1495 2455 1547 ipso

439 1553 531 1591 loco
564 1552 709 1592 oratori
742 1561 871 1593 vestro
906 1554 1085 1607 excipere
1119 1555 1284 1606 contigit
1293 1554 1316 1593 ⁴.
1377 1557 1493 1596 Idem
1527 1555 1648 1596 hodie
1681 1554 1786 1596 sedis
1819 1555 2000 1595 eiusdem
2033 1555 2266 1607 episcopum
2296 1556 2455 1597 tertium

439 1614 601 1654 honoris
634 1628 753 1655 causa
790 1615 959 1657 libenter
996 1618 1149 1666 salutat,
1189 1617 1315 1657 virum
1355 1618 1527 1670 primum
1570 1620 1611 1658 in
1655 1618 1835 1670 Collegio
1879 1618 2197 1659 Pembrochiano
2238 1619 2454 1661 litterarum

440 1678 721 1717 humaniorum
750 1686 790 1718 et
818 1680 1041 1720 divinarum
1070 1680 1212 1720 studiis
1241 1683 1441 1721 excultum
1455 1696 1466 1730 3
1500 1681 1648 1722 deinde
1677 1682 1965 1732 Prophetarum
1993 1680 2035 1720 in
2063 1682 2200 1721 schola
2226 1681 2293 1722 illa
2320 1690 2455 1724 nostra

439 1749 736 1793 praeceptorem
752 1743 1023 1792 constitutum,
1042 1758 1145 1796 quae
1165 1757 1273 1783 nunc
1293 1744 1463 1784 maxime
1480 1744 1722 1785 Academiae
1741 1744 2015 1785 liberalitatem
2031 1745 2229 1795 exposcit⁶
2239 1759 2251 1794 3
2280 1745 2455 1798 denique

439 1802 480 1842 in
510 1803 690 1856 Collegio
719 1805 872 1846 Caiano
901 1806 1078 1858 episcopi
1108 1806 1478 1858 Wellingtonensis⁶
1505 1806 1547 1846 in
1578 1806 1706 1847 vicem
1736 1806 1879 1847 decani
1908 1819 2072 1846 munere
2101 1806 2249 1847 difficili
2277 1808 2356 1847 iam
2384 1821 2455 1860 per

439 1879 567 1905 annos
599 1866 786 1906 undecim
819 1881 975 1907 summa
1007 1881 1099 1907 cum
1130 1868 1248 1908 laude
1281 1869 1471 1908 functum.
1532 1870 1581 1908 In
1616 1868 1796 1920 Collegio
1828 1867 1960 1908 vicino
1989 1867 2081 1907 licet
2114 1882 2184 1920 per
2215 1868 2382 1910 Virtutis
2414 1876 2454 1910 et

440 1928 664 1980 Sapientiae
693 1928 824 1968 aditus
858 1930 1073 1970 severiores
1106 1931 1158 1970 ad
1190 1931 1370 1971 Honoris
1401 1938 1555 1982 portam
1586 1931 1890 1983 pulcherrimam
1921 1931 2113 1983 progredi.
2173 1933 2234 1972 Eo
2266 1932 2454 1973 libentius

440 1989 561 2029 hodie
582 1990 749 2042 Collegii
768 1990 871 2030 illius
891 1991 1044 2030 socium
1065 1999 1104 2031 et
1123 1993 1333 2041 decanum,
1355 1991 1481 2031 virum
1501 2000 1611 2031 tanta
1630 1992 1782 2040 virtute,
1805 1999 1915 2031 tanta
1940 1991 2133 2043 sapientia
2155 1993 2389 2043 praeditum,
2410 1994 2451 2034 in

440 2053 518 2092 hoc
537 2053 688 2103 templo
710 2053 889 2092 Honoris
909 2054 1060 2093 honore
1080 2067 1186 2093 novo
1206 2055 1451 2094 decoramus.
1513 2054 1678 2095 Utinam
1698 2057 1862 2094 alumno
1886 2062 2032 2103 nostro,
2054 2055 2209 2106 imperii
2234 2055 2452 2097 Britannici

440 2115 492 2153 de
518 2114 656 2154 officiis
683 2115 802 2154 sacris
832 2129 958 2167 nuper
981 2116 1224 2164 contionato‚
1246 2124 1285 2157 et
1314 2117 1389 2168 ipsi
1418 2117 1511 2157 solis
1540 2117 1700 2158 orientis
1728 2118 1769 2158 in
1798 2118 1999 2170 regionem
2029 2118 2280 2170 splendidam
2304 2118 2452 2161 Christi

440 2179 631 2220 ecclesiae
650 2181 922 2220 aedificandae
942 2194 1061 2221 causa
1080 2181 1312 2234 propediem
1332 2183 1569 2234 profecturo,
1592 2182 1708 2222 liceat
1727 2182 1767 2222 in
1791 2191 1994 2234 posterum
2017 2183 2207 2234 plurimos
2229 2197 2300 2234 per
2322 2197 2451 2225 annos

440 2241 640 2293 superstiti
659 2241 849 2294 plurimos
872 2247 1097 2295 ‘tamquam
1118 2243 1270 2295 lapides
1290 2244 1420 2284 vivos’
1440 2245 1481 2284 in
1501 2246 1652 2297 templo
1671 2245 1740 2285 illo
1762 2246 1910 2286 Divino
1928 2245 2210 2286 inaedificare⁷.

550 2305 667 2343 Duco
692 2305 745 2344 ad
767 2317 838 2344 vos
863 2304 988 2344 virum
1013 2307 1273 2345 reverendum
1298 2308 1554 2346 ARTHURUM
1581 2309 1729 2347 MESAC
1756 2308 1946 2356 chrrr,
1975 2306 2207 2359 episcopum
2238 2309 2451 2362 Rangoon-

440 2380 577 2406 ensem
597 2366 848 2419 designatum
856 2369 879 2407 ⁸.

547 2458 660 2510 (363)
692 2459 894 2501 Historiae
920 2460 1148 2502 recentioris
1171 2462 1369 2513 professor
1391 2474 1518 2512 nuper
1540 2460 1657 2501 nobis
1680 2462 1864 2509 donatus,
1886 2474 1966 2513 qua
1984 2468 2044 2502 est
2064 2475 2220 2502 morum
2240 2461 2447 2511 modestia,

437 2520 565 2562 noluit
592 2521 714 2564 hodie
740 2536 765 2562 a
792 2523 909 2564 nobis
937 2524 1069 2575 palam
1098 2522 1260 2563 laudari.
1319 2524 1414 2563 Non
1443 2529 1600 2564 nostrae
1629 2530 1734 2564 certe
1761 2523 1890 2564 laudis
1916 2522 2068 2575 indiget
2094 2523 2152 2564 vir
2178 2524 2339 2575 ingenio
2366 2531 2448 2564 tam

438 2584 555 2633 vario,
587 2592 669 2625 tarn
697 2586 917 2638 multiplici,
948 2594 1029 2627 tam
1058 2586 1202 2638 pariter
1229 2586 1270 2626 in
1297 2585 1466 2638 plurima
1495 2586 1666 2626 versatili
1696 2586 1909 2638 praeditus,
1941 2584 2019 2637 qui,
2050 2584 2152 2626 inter
2181 2586 2451 2627 Dublinenses

523 2661 536 2682 ¹
560 2663 649 2704 Bury
665 2663 800 2697 School.
990 2662 1004 2683 ²
1026 2663 1166 2697 Christ’s
1180 2664 1331 2708 College,
1349 2674 1402 2706 cp.
1420 2674 1477 2696 no.
1495 2671 1557 2705 307
1573 2669 1686 2706 supra.
1855 2662 1869 2683 ³
1891 2663 1969 2695 hinc
1982 2663 2083 2695 lucem
2099 2669 2129 2695 et
2135 2664 2255 2706 pocula
2269 2675 2374 2703 sacra,
2393 2664 2450 2697 the

437 2710 544 2738 motto
560 2706 598 2738 of
609 2707 666 2739 the
684 2706 887 2749 University.
1039 2706 1054 2727 ⁴
1077 2707 1146 2739 No.
1164 2708 1183 2739 8
1199 2713 1315 2749 supra.
1465 2706 1480 2728 ⁸
1503 2707 1624 2749 Clergy
1642 2706 1803 2749 Training
1820 2706 1955 2740 School.
2111 2705 2125 2726 ⁶
2148 2707 2176 2739 F
2178 2707 2304 2740 reden-ic
2319 2707 2450 2746 wallis.

438 2749 544 2789 D.D.,
564 2760 620 2782 no.
646 2758 707 2791 237
731 2755 847 2792 supra.
955 2749 969 2771 ⁷
995 2761 1008 2783 1
1029 2751 1099 2783 Pet.
1117 2750 1140 2782 ii
1158 2759 1188 2791 5.
1234 2750 1395 2783 Towards
1422 2750 1478 2782 the
1502 2751 1592 2783 close
1616 2751 1654 2782 of
1676 2751 1733 2782 the
1761 2750 1953 2791 University
1981 2749 2121 2782 Sermon
2145 2761 2189 2782 on
2216 2750 2272 2783 the
2320 2750 2450 2784 revious

438 2792 584 2835 Sunday,
605 2794 660 2826 the
677 2794 802 2836 Bishop
818 2793 990 2836 designate
1004 2793 1072 2826 had
1088 2794 1212 2836 quoted
1229 2797 1237 2811 ‘
1249 2805 1341 2827 some
1356 2794 1439 2826 lines
1456 2794 1585 2827 written
1601 2794 1634 2826 in
1651 2794 1707 2826 the
1724 2794 1774 2826 far
1788 2798 1859 2827 east
1869 2791 1889 2833 ’,
1908 2793 2031 2835 ending
2047 2792 2128 2827 with
2145 2793 2202 2827 the
2217 2761 2338 2834 wora,

1023 2854 1117 2886 ‘The
1140 2853 1306 2896 Empire’s
1329 2854 1414 2886 built
1440 2853 1558 2886 within
1582 2864 1644 2886 our
1666 2854 1788 2893 hearts,

1040 2897 1104 2929 We
1127 2897 1256 2929 fashion
1278 2898 1367 2929 there
1389 2897 1431 2929 its
1454 2897 1557 2939 shape
1579 2897 1646 2930 and
1670 2902 1771 2939 partS,

1258 2941 1356 2972 Then
1380 2941 1493 2982 happy
1518 2940 1548 2978 1,

1043 2983 1084 3022 If,
1111 2983 1145 3015 in
1167 2983 1209 3016 its
1232 2984 1388 3025 splendid
1410 2989 1541 3015 eastern
1564 2983 1665 3024 wing,

1043 3027 1059 3058 I
1083 3031 1133 3059 set
1156 3037 1176 3059 a
1198 3032 1292 3059 stone
1316 3027 1367 3058 for
1389 3027 1466 3059 God
1490 3027 1555 3058 and
1582 3026 1674 3068 King

1256 3070 1375 3103 Before
1400 3070 1416 3101 I
1440 3068 1530 3102 die'.
1990 3112 2131 3144 Hamus
2154 3112 2346 3145 Wooztn

432 3153 447 3175 ⁸
469 3155 665 3198 Appointed
683 3155 829 3189 Warden
844 3156 882 3188 of
893 3156 932 3189 St
949 3155 1166 3198 Augustine's
1183 3156 1333 3199 college,
1350 3156 1572 3198 Canterbury,
1593 3165 1684 3199 ¹909.

1407 3229 1482 3267 168
