2704 3770
849 342 946 391 Sir
977 342 1030 390 A
1037 341 1178 406 {fred
1205 302 1393 406 Lyalln
1445 340 1540 390 Sir
1571 340 1624 389 A
1632 340 1861 389 rclzz'bald
1893 340 2080 390 Geikz'e.

459 502 580 542 quam
592 487 751 541 peritus,
766 500 888 538 quam
906 487 1103 538 perfectus
1116 485 1277 526 dicendi
1288 485 1425 526 artifex
1441 488 1448 525 Ξ
1505 486 1645 537 Nuper
1659 484 1778 525 vitam
1793 491 1886 525 ante
1897 491 2027 525 aetam
2044 484 2234 525 memoria
2248 498 2464 536 remensus,

459 554 578 593 etiam
601 549 796 591 iuventuti
819 548 1098 598 Caledonicae,
1119 547 1436 600 prudentissimis
1460 547 1697 596 mortalium,
1722 548 1884 587 Mentor
1902 546 2006 587 fuit1.
2063 548 2207 599 Neque
2226 561 2319 588 vero
2337 547 2467 589 verbis

458 614 640 655 dicendis
659 611 783 664 magis
803 624 924 663 quam
943 611 1061 651 rebus
1080 610 1262 663 gerendis
1282 610 1444 659 studuit,
1466 612 1538 651 sed
1557 610 1706 662 ubique
1725 617 1916 650 terrarum
1942 617 2048 650 trans
2074 610 2196 650 maria
2218 611 2297 650 lata
2319 610 2467 663 gloriae

460 676 711 717 Britannicae
729 676 837 715 velut
856 673 1070 726 imaginem
1089 681 1182 714 ante
1201 675 1339 714 oculos
1359 673 1510 722 habuit,
1531 672 1629 712 nihil
1648 671 1850 724 antiquius
1869 671 2078 712 arbitratus
2097 685 2218 724 quam
2239 671 2468 714 Britanniae

458 742 605 781 famam
625 746 798 779 veterem
813 737 926 777 factis
946 738 1170 786 extendere,
1192 736 1291 776 nihil
1310 736 1512 788 pulchrius
1532 749 1653 787 quam
1672 735 1821 786 patriae
1841 735 2058 787 prodesse².

567 804 685 842 Duco
704 801 757 841 ad
775 813 846 840 vos
866 806 1074 850 oratorem,
1095 801 1280 852 legatum,
1300 806 1494 840 rectorem
1515 798 1625 839 omni
1644 799 1763 839 laude
1782 806 1917 839 nostra
1938 797 2139 848 maiorem,
2162 800 2467 839 MARCHIONEM

459 875 516 902 DE
536 865 775 903 DUFFERIN.

565 993 680 1046 (175)
712 993 762 1032 In
792 991 946 1044 imperii
979 991 1103 1033 nostri
1134 990 1266 1032 Indici
1298 990 1412 1043 quasi
1441 1003 1617 1043 corpore,
1648 1003 1731 1030 non
1760 990 1853 1030 satis
1884 997 1944 1031 est
1976 990 2087 1042 quod
2120 997 2240 1042 caput
2267 989 2477 1042 egregium·

456 1056 650 1107 gubernat
675 1054 811 1094 omnia
823 1068 834 1104 ς
864 1054 982 1094 etiam
1009 1053 1296 1102 bracchiorum,
1322 1052 1504 1105 pectoris,
1532 1060 1754 1093 ceterorum
1784 1052 2066 1100 membrorum,
2094 1065 2195 1103 opus
2223 1058 2283 1092 est
2308 1051 2464 1093 auxilio.

456 1117 541 1156 Viri
560 1124 694 1157 autem
713 1116 879 1156 huiusce
898 1116 1108 1168 prudentia
1127 1123 1166 1156 et
1192 1115 1386 1168 sapientia
1410 1115 1577 1168 imperio
1602 1122 1739 1155 nostro
1763 1113 1983 1167 longinquo
2009 1114 2078 1155 diu
2104 1116 2344 1167 profuerunt.
2403 1115 2469 1156 Ibi

455 1179 627 1230 primum
666 1178 906 1227 domesticis,
942 1178 1089 1219 deinde
1125 1178 1294 1219 externis
1326 1179 1444 1219 rebus
1481 1177 1805 1218 administrandis
1842 1177 2101 1230 praepositus,
2136 1178 2278 1219 Indiae
2313 1186 2469 1231 septen-

455 1240 632 1280 trionalis
664 1239 891 1292 provinciae
924 1240 1080 1280 mediae
1111 1240 1283 1280 maxima
1313 1254 1405 1280 cum
1438 1242 1556 1280 laude
1589 1247 1672 1280 erat
1704 1241 1936 1291 praefectus.
1997 1240 2120 1289 Quod
2148 1241 2181 1280 si
2208 1239 2275 1280 illa
2302 1241 2466 1282 demum

455 1303 572 1342 beata
592 1309 651 1342 est
670 1302 817 1352 civitas,
839 1302 881 1342 in
900 1316 979 1354 qua
998 1310 1066 1343 aut
1085 1303 1315 1355 philosophi
1340 1310 1506 1354 regnant
1529 1309 1597 1343 aut
1616 1316 1726 1354 reges
1745 1302 2108 1355 philosophantur⁸,
2129 1316 2251 1354 quam
2269 1304 2469 1344 fortunata

454 1372 537 1405 erat
574 1365 642 1405 illa
677 1365 832 1417 imperii
869 1365 994 1405 nostri
1025 1365 1239 1417 provincia,
1268 1365 1339 1405 ubi
1369 1372 1522 1406 rectore
1554 1367 1596 1404 in
1627 1366 1772 1406 eodem
1805 1372 1844 1405 et
1876 1365 2105 1416 philosophi
2142 1372 2182 1406 et
2218 1365 2468 1417 proconsulis

454 1435 584 1479 partes
604 1435 716 1468 erant
735 1427 900 1468 feliciter
919 1428 1183 1468 consociatae.
1242 1427 1452 1479 Originum
1471 1427 1724 1479 antiquarum
1744 1427 1786 1466 in
1805 1427 1946 1467 studiis
1965 1427 2127 1467 eruditis
2151 1435 2338 1477 versatus,
2358 1427 2467 1468 idem

453 1490 601 1531 saeculi
620 1490 745 1530 nostri
763 1490 805 1529 in
824 1491 993 1541 negotiis
1012 1490 1176 1543 agendis
1196 1497 1279 1531 erat
1297 1490 1531 1530 indefessus.
1590 1491 1739 1541 Nuper,
1761 1503 1907 1541 magno
1926 1489 2108 1529 laborum
2132 1490 2260 1542 spatio
2286 1492 2466 1539 decurso,

452 1552 601 1604 patriae
638 1551 829 1600 redditus,
868 1553 1035 1593 consilio
1074 1553 1218 1594 Indico
1255 1566 1412 1593 summa
1454 1566 1547 1592 cum
1589 1552 1781 1605 dignitate
1817 1552 2039 1604 adscriptus
2080 1560 2151 1593 est.
2209 1553 2375 1594 Interim
2415 1567 2468 1595 ne

453 1613 639 1654 subsicivi
668 1614 831 1666 quidem
860 1615 1050 1667 temporis
1078 1615 1205 1655 otium
1235 1615 1362 1667 perire
1391 1628 1542 1666 passus,
1573 1628 1818 1667 quamquam
1845 1616 1967 1666 lyram
2000 1614 2128 1666 ipsam
2156 1628 2240 1656 non
2265 1614 2465 1667 neglexit⁴,

453 1674 646 1716 sermonis
674 1674 868 1726 pedestris
898 1677 1059 1715 Musam
1088 1675 1324 1716 severiorem
1353 1689 1512 1716 summo
1544 1689 1636 1715 cum
1665 1677 1794 1716 fructu
1828 1675 1961 1716 coluit.
2020 1677 2070 1716 In
2098 1676 2276 1717 versibus
2303 1675 2468 1728 quidem

452 1737 537 1777 eius
556 1736 767 1777 hominum
787 1736 876 1785 vita,
899 1737 1026 1788 qualis
1045 1737 1147 1778 inter
1168 1739 1293 1778 Indos
1313 1737 1613 1790 philosophanti
1632 1744 1830 1789 appareat,
1852 1743 1961 1788 patet
1981 1737 2094 1788 quasi
2113 1737 2244 1778 votiva
2262 1737 2303 1777 in
2323 1737 2468 1779 tabella

453 1812 536 1839 non
564 1799 697 1838 minus
726 1798 895 1839 fideliter
923 1799 1121 1851 descripta
1150 1814 1271 1852 quam
1299 1800 1423 1852 ipsius
1451 1800 1584 1852 imago
1607 1813 1721 1851 quae,
1742 1813 1767 1839 a
1789 1799 1940 1851 pictore
1969 1799 2114 1840 eximio
2143 1814 2268 1853 nuper
2295 1800 2465 1853 depicta,

453 1861 678 1914 principum
698 1861 932 1901 Indicorum
951 1861 993 1902 in
1013 1876 1106 1902 eum
1126 1862 1447 1902 benevolentiam
1472 1862 1512 1902 in
1535 1869 1772 1914 perpetuum
1798 1861 2032 1902 testabitur⁶.
2094 1863 2246 1904 Ceteris
2267 1870 2402 1903 autern
2425 1862 2466 1903 in

453 1923 607 1976 scriptis
633 1936 754 1974 quam
782 1925 982 1975 praeclare
1007 1924 1193 1972 ostendit,
1222 1931 1262 1964 et
1284 1924 1325 1963 in
1351 1924 1562 1976 provinciis
1591 1923 1703 1964 domi
1730 1923 2052 1963 administrandis
2081 1931 2121 1964 et
2148 1925 2189 1964 in
2218 1925 2336 1965 rebus
2363 1926 2467 1965 foras

452 1983 646 2037 gerendis,
674 1983 775 2024 inter
803 1992 984 2024 nostrum
1012 1985 1222 2037 imperium
1253 1985 1441 2025 Indicum
1469 1992 1509 2025 et
1538 1986 1814 2025 Romanorum
1843 1983 2052 2035 imperium
2080 1985 2290 2037 antiquum
2318 1993 2467 2038 quanta

453 2047 671 2088 similitudo
690 2047 940 2088 intercedatss.
1000 2049 1116 2089 Idem
1136 2062 1257 2100 quam
1278 2048 1442 2096 erudite,
1461 2062 1582 2101 quarn
1601 2050 1831 2098 luculenter,
1850 2048 1969 2089 etiam
1985 2050 2036 2089 de
2053 2049 2194 2090 Indiae
2209 2049 2465 2102 religionibus

453 2108 653 2160 disputat!
709 2110 898 2150 Ceterum
924 2117 1035 2150 tanto
1055 2111 1106 2150 de
1124 2118 1358 2162 argumento
1378 2113 1490 2163 plura
1509 2111 1631 2152 hodie
1651 2111 1783 2152 dicere
1803 2124 1885 2151 non
1900 2118 2081 2152 nostrum
2101 2119 2183 2152 est:
2212 2111 2385 2152 crastino
2400 2113 2466 2154 die

453 2170 495 2210 in
514 2172 593 2211 hoc
612 2170 700 2222 ipso
719 2172 811 2211 loco
830 2171 962 2223 ipsum
981 2172 1150 2212 audietis
1158 2173 1182 2213 ⁷.

562 2233 729 2274 Interim
748 2233 862 2274 vobis
880 2241 1092 2286 praesento
1111 2235 1286 2287 equitem
1307 2235 1515 2288 insignem,
1536 2239 1784 2277 ALUREDUM
1807 2238 1957 2277 LYALL.

560 2366 675 2420 (176)
709 2369 934 2409 Salutamus
967 2369 1157 2422 deinceps
1196 2370 1321 2410 virum
1355 2378 1395 2411 et
1428 2370 1680 2411 scientiarum
1714 2378 1754 2411 et
1787 2371 2003 2411 litterarum
2036 2372 2154 2412 laude
2186 2371 2389 2423 illustrem,
2422 2372 2465 2413 in

453 2430 672 2470 Academia
691 2431 886 2471 Edinensi
901 2434 1107 2483 quondam
1129 2433 1346 2486 Geologiae
1366 2435 1646 2483 Professorem,
1665 2434 1892 2475 Britanniae
1911 2442 1951 2474 et
1972 2434 2192 2475 Hiberniae
2206 2435 2467 2488 explorationi

452 2492 680 2544 geologicae
692 2493 973 2545 praepositum,
982 2494 1190 2535 Societatis
1205 2496 1354 2548 Regiae
1369 2495 1534 2544 socium,
1544 2496 1751 2536 Societatis
1764 2496 2004 2548 Geologicae
2016 2496 2249 2548 praesidem,
2258 2497 2465 2539 Societatis

453 2554 628 2606 denique
644 2555 895 2596 Britannicae
910 2557 1162 2598 scientiarum
1178 2559 1356 2599 terminis
1373 2559 1631 2611 prorogandis
1645 2559 1869 2611 praesidem
1884 2561 2146 2612 designatum.
2195 2561 2412 2613 Geologiae
2426 2569 2466 2602 et

451 2617 713 2668 geographiae
733 2618 1002 2658 studiosorum
1023 2619 1063 2659 in
1083 2620 1269 2660 manibus
1295 2628 1387 2660 sunt
1411 2620 1556 2672 scripta
1577 2621 1662 2661 eius
1685 2621 1864 2672 plurima,
1886 2622 2060 2662 scientiis
2079 2621 2154 2662 illis
2178 2621 2247 2662 aut
2271 2622 2465 2664 docendis

451 2685 519 2718 aut
557 2678 796 2718 illustrandis
835 2679 1060 2719 destinata⁸.
1121 2681 1255 2721 Etiam
1292 2682 1378 2722 aliis
1416 2684 1634 2734 loquuntur
1670 2682 1759 2722 libri
1792 2682 1876 2723 eius
1909 2683 2200 2735 elegantissime
2237 2683 2462 2735 conscripti,

451 2753 622 2792 quorum
647 2740 687 2780 in
717 2754 799 2781 uno
830 2742 1076 2783 Caledoniae
1105 2751 1262 2784 montes
1290 2746 1491 2796 vallesque
1518 2759 1588 2797 per
1616 2745 1853 2785 immensam
1886 2747 2133 2786 saeculorum
2166 2745 2306 2787 seriem
2334 2747 2463 2786 causis

538 2834 551 2854 1
572 2836 743 2867 Rectorial
755 2837 899 2869 Address
914 2841 951 2868 at
964 2838 1005 2869 St
1022 2839 1210 2879 Andrew’s,
1233 2841 1327 2882 1891.
1435 2839 1448 2859 ²
1471 2844 1479 2858 ⁴
1492 2841 1544 2872 To
1557 2851 1618 2872 our
1633 2841 1713 2872 fond
1728 2841 1956 2883 imaginati0n‚
1973 2841 2008 2873 in
2024 2841 2192 2875 whatever
2208 2841 2304 2875 lands
2319 2853 2369 2875 we
2385 2853 2463 2885 may

453 2879 493 2910 be
509 2879 651 2920 serving,
668 2879 758 2911 amid
775 2880 820 2911 all
836 2890 896 2911 our
911 2881 1059 2913 troubles
1075 2882 1141 2914 and
1157 2883 1327 2923 anxieties,
1349 2884 1504 2925 England
1521 2884 1601 2916 rises
1617 2889 1651 2915 to
1667 2894 1727 2915 our
1743 2884 1838 2923 view,
1858 2895 1894 2916 as
1908 2884 1966 2916 she
1982 2885 2040 2917 did
2057 2890 2091 2917 to
2107 2885 2164 2917 the
2179 2896 2257 2918 men
2271 2885 2311 2918 of
2329 2886 2460 2928 Cressy,

453 2921 522 2953 like
549 2932 568 2953 a
593 2922 697 2964 living
719 2933 887 2964 presence,
912 2934 931 2955 a
957 2926 1109 2966 sceptred
1133 2926 1194 2958 isle
1214 2924 1305 2958 amid
1330 2927 1490 2959 inviolate
1515 2937 1599 2965 scas,
1627 2938 1647 2958 a
1673 2928 1754 2959 dear
1778 2928 1843 2959 and
1866 2928 2038 2960 honoured
2065 2928 2222 2968 mistress,
2250 2928 2307 2961 the
2329 2929 2462 2962 mother

453 2965 491 2995 of
515 2975 536 2996 a
566 2975 651 3004 raee,
669 2988 677 2996 .
692 2988 700 2996 .
714 2966 827 2998 whose
858 2967 1062 3001 beneficent.
1077 2992 1084 3000 .
1100 2968 1168 3011 flag
1196 2970 1362 3002 illumines
1387 2981 1485 3012 every
1510 2980 1567 3002 sea
1596 2970 1662 3002 and
1682 2970 1857 3033 ³pavilions
1887 2981 1986 3012 every
2012 2972 2123 3015 shore'
2153 2971 2249 3014 (from
2272 2972 2461 3015 peroration

452 3008 490 3039 of
515 3008 572 3039 the
604 3009 761 3041 Mansion
794 3010 911 3042 House
941 3010 1073 3053 Speech
1099 3012 1137 3044 of
1165 3022 1206 3054 ²9
1238 3014 1320 3055 May
1355 3014 1462 3056 1889).
1720 3013 1829 3053 Plato,
1864 3014 1945 3055 Rep.
1977 3023 2040 3055 473
2053 3023 2090 3046 D.
2310 3015 2325 3036 ⁴
2354 3017 2461 3048 Verses

459 3051 601 3082 Written
616 3051 654 3083 in
670 3053 784 3092 India,
808 3054 889 3095 1889
906 3058 969 3085 ete.
1169 3055 1182 3075 ⁵
1208 3057 1359 3094 Portrait,
1377 3057 1422 3099 by
1438 3056 1609 3094 Shannon,
1626 3056 1660 3089 in
1676 3057 1733 3089 the
1749 3057 1979 3089 Convocation
1998 3058 2078 3089 Hall
2095 3058 2133 3090 of
2146 3058 2201 3090 the
2220 3059 2411 3101 University
2426 3059 2465 3091 os

454 3093 658 3126 Allahabad.
799 3094 814 3115 ⁶
836 3098 966 3128 Asiatic
981 3098 1123 3135 Studies,
1141 3100 1311 3141 Religious
1325 3101 1399 3132 and
1409 3100 1526 3139 Social,
1550 3101 1643 3132 1882.
1774 3098 1788 3120 ⁷
1811 3101 1905 3134 Rede
1923 3101 2062 3134 Lecture
2078 3112 2120 3133 on
2136 3102 2291 3133 Natural
2303 3103 2459 3144 Religion

455 3138 493 3169 in
510 3137 626 3171 India.
757 3136 772 3158 ⁸
799 3139 833 3170 T
827 3140 986 3174 ext-Book
999 3141 1040 3184 qf
1051 3142 1195 3184 Geology,
1217 3144 1298 3176 1882
1315 3147 1379 3175 etc.

1434 3227 1486 3270 90
