<?xml version="1.0" encoding="UTF-8"?>
<!DOCTYPE html PUBLIC "-//W3C//DTD XHTML 1.0 Transitional//EN"
    "http://www.w3.org/TR/xhtml1/DTD/xhtml1-transitional.dtd">
<html xmlns="http://www.w3.org/1999/xhtml" xml:lang="en" lang="en">
 <head>
  <title>
</title>
<meta http-equiv="Content-Type" content="text/html;charset=utf-8" />
  <meta name='ocr-system' content='tesseract 3.04.00' />
  <meta name='ocr-capabilities' content='ocr_page ocr_carea ocr_par ocr_line ocrx_word'/>
</head>
<body>
  <div class='ocr_page' id='page_1' title='image "./orationesetepist00sanduoft/orationesetepist00sanduoft_0267.png"; bbox 0 0 2704 3770; ppageno 0'>
   <div class='ocr_carea' id='block_1_1' title="bbox 1010 307 1534 373">
    <p class='ocr_par' dir='ltr' id='par_1_1' title="bbox 1010 307 1534 373">
     <span class='ocr_line' id='line_1_1' title="bbox 1010 307 1534 373; baseline 0.002 -17"><span class='ocrx_word' id='word_1_1' title='bbox 1010 307 1065 356; x_wconf 85' lang='lat' dir='ltr'><em>A</em></span> <span class='ocrx_word' id='word_1_2' title='bbox 1069 307 1264 373; x_wconf 85' lang='lat' dir='ltr'><strong>cademy</strong></span> <span class='ocrx_word' id='word_1_3' title='bbox 1293 308 1360 372; x_wconf 87' lang='lat' dir='ltr'><strong>of</strong></span> <span class='ocrx_word' id='word_1_4' title='bbox 1386 307 1534 358; x_wconf 86' lang='lat' dir='ltr'><strong>Caen.</strong></span> 
     </span>
    </p>
   </div>
   <div class='ocr_carea' id='block_1_2' title="bbox 258 451 2298 1394">
    <p class='ocr_par' dir='ltr' id='par_1_2' title="bbox 259 451 2296 758">
     <span class='ocr_line' id='line_1_2' title="bbox 261 451 2296 510; baseline 0 -14"><span class='ocrx_word' id='word_1_5' title='bbox 261 461 302 496; x_wconf 88' lang='lat' dir='ltr'><strong>et</strong></span> <span class='ocrx_word' id='word_1_6' title='bbox 325 455 477 496; x_wconf 86' lang='lat' dir='ltr'><strong>flumen</strong></span> <span class='ocrx_word' id='word_1_7' title='bbox 502 462 542 494; x_wconf 90' lang='lat' dir='ltr'><strong>et</strong></span> <span class='ocrx_word' id='word_1_8' title='bbox 567 462 769 494; x_wconf 87' lang='lat' dir='ltr'><strong>assuetam</strong></span> <span class='ocrx_word' id='word_1_9' title='bbox 794 453 922 495; x_wconf 91' lang='lat' dir='ltr'><strong>oculis</strong></span> <span class='ocrx_word' id='word_1_10' title='bbox 945 452 1084 494; x_wconf 89' lang='lat' dir='ltr'><strong>vestris</strong></span> <span class='ocrx_word' id='word_1_11' title='bbox 1107 451 1331 505; x_wconf 83' lang='lat' dir='ltr'><strong>regionem¹</strong></span> <span class='ocrx_word' id='word_1_12' title='bbox 1352 453 1432 493; x_wconf 85' lang='lat' dir='ltr'><strong>late</strong></span> <span class='ocrx_word' id='word_1_13' title='bbox 1454 453 1715 506; x_wconf 87' lang='lat' dir='ltr'><strong>prospiciens,</strong></span> <span class='ocrx_word' id='word_1_14' title='bbox 1737 456 1850 495; x_wconf 89' lang='lat' dir='ltr'><strong>caelo</strong></span> <span class='ocrx_word' id='word_1_15' title='bbox 1870 455 1911 495; x_wconf 91' lang='lat' dir='ltr'><strong>in</strong></span> <span class='ocrx_word' id='word_1_16' title='bbox 1932 457 2089 505; x_wconf 89' lang='lat' dir='ltr'><strong>eodem,</strong></span> <span class='ocrx_word' id='word_1_17' title='bbox 2111 457 2188 497; x_wconf 93' lang='lat' dir='ltr'><strong>sub</strong></span> <span class='ocrx_word' id='word_1_18' title='bbox 2213 471 2296 510; x_wconf 91' lang='lat' dir='ltr'><strong>quo</strong></span> 
     </span>
     <span class='ocr_line' id='line_1_3' title="bbox 262 515 2296 569; baseline 0.001 -12"><span class='ocrx_word' id='word_1_19' title='bbox 262 524 418 558; x_wconf 90' lang='lat' dir='ltr'><strong>vosmet</strong></span> <span class='ocrx_word' id='word_1_20' title='bbox 436 516 512 569; x_wconf 92' lang='lat' dir='ltr'><strong>ipsi</strong></span> <span class='ocrx_word' id='word_1_21' title='bbox 531 516 615 556; x_wconf 89' lang='lat' dir='ltr'><strong>nati</strong></span> <span class='ocrx_word' id='word_1_22' title='bbox 634 516 729 557; x_wconf 90' lang='lat' dir='ltr'><strong>estis</strong></span> <span class='ocrx_word' id='word_1_23' title='bbox 748 524 789 556; x_wconf 93' lang='lat' dir='ltr'><strong>et</strong></span> <span class='ocrx_word' id='word_1_24' title='bbox 808 515 981 566; x_wconf 89' lang='lat' dir='ltr'><strong>educati,</strong></span> <span class='ocrx_word' id='word_1_25' title='bbox 1003 515 1270 556; x_wconf 88' lang='lat' dir='ltr'><strong>instrumento</strong></span> <span class='ocrx_word' id='word_1_26' title='bbox 1293 529 1401 556; x_wconf 91' lang='lat' dir='ltr'><strong>novo</strong></span> <span class='ocrx_word' id='word_1_27' title='bbox 1424 515 1608 556; x_wconf 89' lang='lat' dir='ltr'><strong>adhibito</strong></span> <span class='ocrx_word' id='word_1_28' title='bbox 1632 515 1735 556; x_wconf 90' lang='lat' dir='ltr'><strong>inter</strong></span> <span class='ocrx_word' id='word_1_29' title='bbox 1760 530 1891 557; x_wconf 90' lang='lat' dir='ltr'><strong>rerum</strong></span> <span class='ocrx_word' id='word_1_30' title='bbox 1915 524 2079 558; x_wconf 90' lang='lat' dir='ltr'><strong>naturae</strong></span> <span class='ocrx_word' id='word_1_31' title='bbox 2107 518 2296 559; x_wconf 86' lang='lat' dir='ltr'><strong>miracula</strong></span> 
     </span>
     <span class='ocr_line' id='line_1_4' title="bbox 259 578 2296 632; baseline 0.001 -12"><span class='ocrx_word' id='word_1_32' title='bbox 259 579 413 632; x_wconf 90' lang='lat' dir='ltr'><strong>primus</strong></span> <span class='ocrx_word' id='word_1_33' title='bbox 450 579 633 620; x_wconf 91' lang='lat' dir='ltr'><strong>omnium</strong></span> <span class='ocrx_word' id='word_1_34' title='bbox 672 581 812 620; x_wconf 89' lang='lat' dir='ltr'><strong>Lunae</strong></span> <span class='ocrx_word' id='word_1_35' title='bbox 852 579 992 620; x_wconf 86' lang='lat' dir='ltr'><strong>faciem</strong></span> <span class='ocrx_word' id='word_1_36' title='bbox 1031 578 1254 620; x_wconf 86' lang='lat' dir='ltr'>accuratius</span> <span class='ocrx_word' id='word_1_37' title='bbox 1287 578 1518 631; x_wconf 86' lang='lat' dir='ltr'>exploravit,</span> <span class='ocrx_word' id='word_1_38' title='bbox 1554 578 1663 619; x_wconf 91' lang='lat' dir='ltr'><strong>Iovis</strong></span> <span class='ocrx_word' id='word_1_39' title='bbox 1698 579 1886 620; x_wconf 85' lang='lat' dir='ltr'><strong>satellites</strong></span> <span class='ocrx_word' id='word_1_40' title='bbox 1920 587 2109 632; x_wconf 88' lang='lat' dir='ltr'><strong>quattuor</strong></span> <span class='ocrx_word' id='word_1_41' title='bbox 2145 581 2296 632; x_wconf 90' lang='lat' dir='ltr'><strong>primus</strong></span> 
     </span>
     <span class='ocr_line' id='line_1_5' title="bbox 262 640 2296 695; baseline 0 -12"><span class='ocrx_word' id='word_1_42' title='bbox 262 641 424 692; x_wconf 88' lang='lat' dir='ltr'><strong>detexit,</strong></span> <span class='ocrx_word' id='word_1_43' title='bbox 445 641 603 682; x_wconf 88' lang='lat' dir='ltr'>Saturni</span> <span class='ocrx_word' id='word_1_44' title='bbox 626 643 803 694; x_wconf 91' lang='lat' dir='ltr'><strong>speciem</strong></span> <span class='ocrx_word' id='word_1_45' title='bbox 826 641 1089 694; x_wconf 85' lang='lat' dir='ltr'><strong>tergeminam</strong></span> <span class='ocrx_word' id='word_1_46' title='bbox 1111 641 1263 694; x_wconf 88' lang='lat' dir='ltr'><strong>primus</strong></span> <span class='ocrx_word' id='word_1_47' title='bbox 1290 640 1526 690; x_wconf 87' lang='lat' dir='ltr'><strong>observavit,</strong></span> <span class='ocrx_word' id='word_1_48' title='bbox 1548 643 1731 693; x_wconf 87' lang='lat' dir='ltr'><strong>ultraque</strong></span> <span class='ocrx_word' id='word_1_49' title='bbox 1758 642 1900 682; x_wconf 89' lang='lat' dir='ltr'><strong>mundi</strong></span> <span class='ocrx_word' id='word_1_50' title='bbox 1927 642 2067 683; x_wconf 91' lang='lat' dir='ltr'><strong>orbem</strong></span> <span class='ocrx_word' id='word_1_51' title='bbox 2094 642 2296 695; x_wconf 89' lang='lat' dir='ltr'><strong>ingentem</strong></span> 
     </span>
     <span class='ocr_line' id='line_1_6' title="bbox 261 704 2191 758; baseline -0.002 -12"><span class='ocrx_word' id='word_1_52' title='bbox 261 718 286 746; x_wconf 87' lang='lat' dir='ltr'><strong>a</strong></span> <span class='ocrx_word' id='word_1_53' title='bbox 305 706 477 746; x_wconf 89' lang='lat' dir='ltr'><strong>Saturno</strong></span> <span class='ocrx_word' id='word_1_54' title='bbox 497 707 708 746; x_wconf 88' lang='lat' dir='ltr'><strong>lustratum</strong></span> <span class='ocrx_word' id='word_1_55' title='bbox 729 707 812 746; x_wconf 88' lang='lat' dir='ltr'><strong>fore</strong></span> <span class='ocrx_word' id='word_1_56' title='bbox 832 705 1057 758; x_wconf 91' lang='lat' dir='ltr'><strong>suspicatus</strong></span> <span class='ocrx_word' id='word_1_57' title='bbox 1077 713 1150 753; x_wconf 92' lang='lat' dir='ltr'><strong>est,</strong></span> <span class='ocrx_word' id='word_1_58' title='bbox 1172 712 1216 745; x_wconf 91' lang='lat' dir='ltr'><strong>ut</strong></span> <span class='ocrx_word' id='word_1_59' title='bbox 1236 704 1356 745; x_wconf 90' lang='lat' dir='ltr'><strong>etiarn</strong></span> <span class='ocrx_word' id='word_1_60' title='bbox 1377 704 1443 744; x_wconf 90' lang='lat' dir='ltr'><strong>alii</strong></span> <span class='ocrx_word' id='word_1_61' title='bbox 1463 706 1649 756; x_wconf 88' lang='lat' dir='ltr'><strong>planetae</strong></span> <span class='ocrx_word' id='word_1_62' title='bbox 1668 704 1888 757; x_wconf 92' lang='lat' dir='ltr'><strong>aliquando</strong></span> <span class='ocrx_word' id='word_1_63' title='bbox 1908 704 2191 746; x_wconf 85' lang='lat' dir='ltr'><strong>invenirentur.</strong></span> 
     </span>
    </p>

    <p class='ocr_par' dir='ltr' id='par_1_3' title="bbox 258 767 2298 1325">
     <span class='ocr_line' id='line_1_7' title="bbox 371 767 2296 821; baseline 0.001 -13"><span class='ocrx_word' id='word_1_64' title='bbox 371 770 479 821; x_wconf 89' lang='lat' dir='ltr'><strong>Ergo</strong></span> <span class='ocrx_word' id='word_1_65' title='bbox 501 769 602 809; x_wconf 89' lang='lat' dir='ltr'><strong>vatis</strong></span> <span class='ocrx_word' id='word_1_66' title='bbox 627 776 709 808; x_wconf 89' lang='lat' dir='ltr'><strong>tam</strong></span> <span class='ocrx_word' id='word_1_67' title='bbox 738 770 902 816; x_wconf 87' lang='lat' dir='ltr'><strong>veracis,</strong></span> <span class='ocrx_word' id='word_1_68' title='bbox 921 768 1081 821; x_wconf 90' lang='lat' dir='ltr'><strong>auguris</strong></span> <span class='ocrx_word' id='word_1_69' title='bbox 1109 776 1188 809; x_wconf 89' lang='lat' dir='ltr'><strong>tam</strong></span> <span class='ocrx_word' id='word_1_70' title='bbox 1212 767 1369 820; x_wconf 91' lang='lat' dir='ltr'><strong>providi</strong></span> <span class='ocrx_word' id='word_1_71' title='bbox 1394 767 1436 808; x_wconf 93' lang='lat' dir='ltr'><strong>in</strong></span> <span class='ocrx_word' id='word_1_72' title='bbox 1461 769 1669 816; x_wconf 89' lang='lat' dir='ltr'><strong>honorem,</strong></span> <span class='ocrx_word' id='word_1_73' title='bbox 1693 782 1767 809; x_wconf 92' lang='lat' dir='ltr'><strong>nos</strong></span> <span class='ocrx_word' id='word_1_74' title='bbox 1791 776 1908 818; x_wconf 85' lang='lat' dir='ltr'><strong>certe,</strong></span> <span class='ocrx_word' id='word_1_75' title='bbox 1931 768 2001 821; x_wconf 92' lang='lat' dir='ltr'><strong>qui</strong></span> <span class='ocrx_word' id='word_1_76' title='bbox 2021 770 2296 809; x_wconf 88' lang='lat' dir='ltr'><strong>Professorum</strong></span> 
     </span>
     <span class='ocr_line' id='line_1_8' title="bbox 262 830 2298 885; baseline -0 -12"><span class='ocrx_word' id='word_1_77' title='bbox 262 840 490 873; x_wconf 90' lang='lat' dir='ltr'><strong>nostrorum</strong></span> <span class='ocrx_word' id='word_1_78' title='bbox 513 832 555 872; x_wconf 93' lang='lat' dir='ltr'><strong>in</strong></span> <span class='ocrx_word' id='word_1_79' title='bbox 581 833 723 873; x_wconf 88' lang='lat' dir='ltr'><strong>ordine</strong></span> <span class='ocrx_word' id='word_1_80' title='bbox 746 834 932 885; x_wconf 89' lang='lat' dir='ltr'><strong>planetae</strong></span> <span class='ocrx_word' id='word_1_81' title='bbox 957 831 1078 872; x_wconf 89' lang='lat' dir='ltr'><strong>etiam</strong></span> <span class='ocrx_word' id='word_1_82' title='bbox 1102 833 1275 872; x_wconf 89' lang='lat' dir='ltr'><strong>Saturno</strong></span> <span class='ocrx_word' id='word_1_83' title='bbox 1298 831 1425 882; x_wconf 85' lang='lat' dir='ltr'><strong>magis</strong></span> <span class='ocrx_word' id='word_1_84' title='bbox 1451 831 1595 872; x_wconf 89' lang='lat' dir='ltr'><strong>remoti</strong></span> <span class='ocrx_word' id='word_1_85' title='bbox 1620 844 1670 871; x_wconf 89' lang='lat' dir='ltr'><strong>ex</strong></span> <span class='ocrx_word' id='word_1_86' title='bbox 1692 830 1968 872; x_wconf 89' lang='lat' dir='ltr'><strong>inventoribus</strong></span> <span class='ocrx_word' id='word_1_87' title='bbox 1997 831 2187 872; x_wconf 84' lang='lat' dir='ltr'><strong>alterum⁹</strong></span> <span class='ocrx_word' id='word_1_88' title='bbox 2215 846 2298 872; x_wconf 89' lang='lat' dir='ltr'><strong>non</strong></span> 
     </span>
     <span class='ocr_line' id='line_1_9' title="bbox 262 894 2296 949; baseline -0.001 -12"><span class='ocrx_word' id='word_1_89' title='bbox 262 896 349 937; x_wconf 89' lang='lat' dir='ltr'><strong>sine</strong></span> <span class='ocrx_word' id='word_1_90' title='bbox 374 896 560 949; x_wconf 89' lang='lat' dir='ltr'><strong>superbia</strong></span> <span class='ocrx_word' id='word_1_91' title='bbox 583 909 711 948; x_wconf 88' lang='lat' dir='ltr'><strong>nuper</strong></span> <span class='ocrx_word' id='word_1_92' title='bbox 737 896 1060 944; x_wconf 89' lang='lat' dir='ltr'><strong>numerabamus,</strong></span> <span class='ocrx_word' id='word_1_93' title='bbox 1085 895 1208 935; x_wconf 89' lang='lat' dir='ltr'><strong>hodie</strong></span> <span class='ocrx_word' id='word_1_94' title='bbox 1233 896 1403 935; x_wconf 91' lang='lat' dir='ltr'><strong>alterum</strong></span> <span class='ocrx_word' id='word_1_95' title='bbox 1429 907 1477 935; x_wconf 89' lang='lat' dir='ltr'><strong>ex</strong></span> <span class='ocrx_word' id='word_1_96' title='bbox 1502 894 1787 935; x_wconf 89' lang='lat' dir='ltr'><strong>Astronomiae</strong></span> <span class='ocrx_word' id='word_1_97' title='bbox 1813 894 2110 935; x_wconf 84' lang='lat' dir='ltr'><strong>Professoribus</strong></span> <span class='ocrx_word' id='word_1_98' title='bbox 2140 894 2296 944; x_wconf 92' lang='lat' dir='ltr'><strong>nostris,</strong></span> 
     </span>
     <span class='ocr_line' id='line_1_10' title="bbox 262 956 2298 1012; baseline -0.001 -12"><span class='ocrx_word' id='word_1_99' title='bbox 262 958 482 1012; x_wconf 85' lang='lat' dir='ltr'><strong>Georgium</strong></span> <span class='ocrx_word' id='word_1_100' title='bbox 509 960 708 1007; x_wconf 71' lang='lat' dir='ltr'><strong>DAme,</strong></span> <span class='ocrx_word' id='word_1_101' title='bbox 730 957 907 998; x_wconf 91' lang='lat' dir='ltr'><strong>nominis</strong></span> <span class='ocrx_word' id='word_1_102' title='bbox 933 957 1068 1010; x_wconf 89' lang='lat' dir='ltr'><strong>magni</strong></span> <span class='ocrx_word' id='word_1_103' title='bbox 1096 958 1300 1005; x_wconf 90' lang='lat' dir='ltr'><strong>heredem,</strong></span> <span class='ocrx_word' id='word_1_104' title='bbox 1323 964 1504 998; x_wconf 87' lang='lat' dir='ltr'><strong>nostrum</strong></span> <span class='ocrx_word' id='word_1_105' title='bbox 1532 956 1715 997; x_wconf 88' lang='lat' dir='ltr'><strong>omnium</strong></span> <span class='ocrx_word' id='word_1_106' title='bbox 1741 958 1930 1009; x_wconf 89' lang='lat' dir='ltr'><strong>legatum,</strong></span> <span class='ocrx_word' id='word_1_107' title='bbox 1956 957 2071 1010; x_wconf 89' lang='lat' dir='ltr'><strong>quasi</strong></span> <span class='ocrx_word' id='word_1_108' title='bbox 2097 957 2298 998; x_wconf 90' lang='lat' dir='ltr'><strong>Nuntium</strong></span> 
     </span>
     <span class='ocr_line' id='line_1_11' title="bbox 259 1020 2296 1076; baseline -0 -14"><span class='ocrx_word' id='word_1_109' title='bbox 259 1029 454 1076; x_wconf 37' lang='lat' dir='ltr'><strong>nostrum·</strong></span> <span class='ocrx_word' id='word_1_110' title='bbox 469 1021 709 1069; x_wconf 82' lang='lat' dir='ltr'><strong>Sidereum⁸,</strong></span> <span class='ocrx_word' id='word_1_111' title='bbox 731 1022 784 1061; x_wconf 91' lang='lat' dir='ltr'><strong>ad</strong></span> <span class='ocrx_word' id='word_1_112' title='bbox 814 1028 969 1061; x_wconf 90' lang='lat' dir='ltr'><strong>vosmet</strong></span> <span class='ocrx_word' id='word_1_113' title='bbox 998 1021 1107 1073; x_wconf 92' lang='lat' dir='ltr'><strong>ipsos</strong></span> <span class='ocrx_word' id='word_1_114' title='bbox 1135 1020 1307 1061; x_wconf 86' lang='lat' dir='ltr'><strong>libenter</strong></span> <span class='ocrx_word' id='word_1_115' title='bbox 1335 1020 1542 1061; x_wconf 88' lang='lat' dir='ltr'><strong>mittimus.</strong></span> <span class='ocrx_word' id='word_1_116' title='bbox 1601 1020 1731 1062; x_wconf 92' lang='lat' dir='ltr'><strong>Vobis</strong></span> <span class='ocrx_word' id='word_1_117' title='bbox 1759 1029 1895 1062; x_wconf 88' lang='lat' dir='ltr'><strong>autem</strong></span> <span class='ocrx_word' id='word_1_118' title='bbox 1925 1022 2115 1063; x_wconf 90' lang='lat' dir='ltr'><strong>omnibus</strong></span> <span class='ocrx_word' id='word_1_119' title='bbox 2144 1021 2296 1062; x_wconf 90' lang='lat' dir='ltr'><strong>idcirco</strong></span> 
     </span>
     <span class='ocr_line' id='line_1_12' title="bbox 259 1082 2298 1136; baseline 0.001 -13"><span class='ocrx_word' id='word_1_120' title='bbox 259 1083 503 1136; x_wconf 81' lang='lat' dir='ltr'><strong>gratulamur</strong></span> <span class='ocrx_word' id='word_1_121' title='bbox 530 1083 642 1135; x_wconf 90' lang='lat' dir='ltr'><strong>quod</strong></span> <span class='ocrx_word' id='word_1_122' title='bbox 671 1090 757 1123; x_wconf 90' lang='lat' dir='ltr'><strong>turn</strong></span> <span class='ocrx_word' id='word_1_123' title='bbox 788 1083 930 1123; x_wconf 89' lang='lat' dir='ltr'><strong>Italiae</strong></span> <span class='ocrx_word' id='word_1_124' title='bbox 958 1082 1092 1131; x_wconf 86' lang='lat' dir='ltr'><strong>totius,</strong></span> <span class='ocrx_word' id='word_1_125' title='bbox 1115 1090 1202 1123; x_wconf 86' lang='lat' dir='ltr'><strong>tum</strong></span> <span class='ocrx_word' id='word_1_126' title='bbox 1231 1090 1384 1123; x_wconf 89' lang='lat' dir='ltr'><strong>vestrae</strong></span> <span class='ocrx_word' id='word_1_127' title='bbox 1413 1082 1647 1134; x_wconf 91' lang='lat' dir='ltr'><strong>praesertim</strong></span> <span class='ocrx_word' id='word_1_128' title='bbox 1673 1085 1823 1124; x_wconf 91' lang='lat' dir='ltr'><strong>tutelae</strong></span> <span class='ocrx_word' id='word_1_129' title='bbox 1848 1084 1993 1125; x_wconf 91' lang='lat' dir='ltr'><strong>tradita</strong></span> <span class='ocrx_word' id='word_1_130' title='bbox 2015 1092 2076 1125; x_wconf 92' lang='lat' dir='ltr'><strong>est</strong></span> <span class='ocrx_word' id='word_1_131' title='bbox 2098 1084 2170 1125; x_wconf 86' lang='lat' dir='ltr'><strong>viri</strong></span> <span class='ocrx_word' id='word_1_132' title='bbox 2197 1085 2298 1125; x_wconf 89' lang='lat' dir='ltr'><strong>tanti</strong></span> 
     </span>
     <span class='ocr_line' id='line_1_13' title="bbox 258 1144 2298 1198; baseline 0.001 -13"><span class='ocrx_word' id='word_1_133' title='bbox 258 1144 394 1198; x_wconf 84' lang='lat' dir='ltr'><strong>gloria,</strong></span> <span class='ocrx_word' id='word_1_134' title='bbox 416 1144 485 1197; x_wconf 91' lang='lat' dir='ltr'><strong>qui</strong></span> <span class='ocrx_word' id='word_1_135' title='bbox 513 1144 652 1185; x_wconf 91' lang='lat' dir='ltr'><strong>divino</strong></span> <span class='ocrx_word' id='word_1_136' title='bbox 683 1146 862 1197; x_wconf 90' lang='lat' dir='ltr'><strong>quodam</strong></span> <span class='ocrx_word' id='word_1_137' title='bbox 891 1144 1055 1197; x_wconf 90' lang='lat' dir='ltr'><strong>ingenio</strong></span> <span class='ocrx_word' id='word_1_138' title='bbox 1083 1144 1299 1197; x_wconf 91' lang='lat' dir='ltr'><strong>praeditus,</strong></span> <span class='ocrx_word' id='word_1_139' title='bbox 1323 1158 1455 1185; x_wconf 90' lang='lat' dir='ltr'><strong>rerum</strong></span> <span class='ocrx_word' id='word_1_140' title='bbox 1485 1152 1652 1185; x_wconf 89' lang='lat' dir='ltr'><strong>naturae</strong></span> <span class='ocrx_word' id='word_1_141' title='bbox 1680 1144 1721 1185; x_wconf 91' lang='lat' dir='ltr'><strong>in</strong></span> <span class='ocrx_word' id='word_1_142' title='bbox 1744 1145 1951 1198; x_wconf 90' lang='lat' dir='ltr'><strong>provincia</strong></span> <span class='ocrx_word' id='word_1_143' title='bbox 1973 1160 2058 1186; x_wconf 91' lang='lat' dir='ltr'><strong>non</strong></span> <span class='ocrx_word' id='word_1_144' title='bbox 2082 1160 2173 1196; x_wconf 90' lang='lat' dir='ltr'><strong>una,</strong></span> <span class='ocrx_word' id='word_1_145' title='bbox 2195 1149 2298 1187; x_wconf 91' lang='lat' dir='ltr'><strong>ultra</strong></span> 
     </span>
     <span class='ocr_line' id='line_1_14' title="bbox 259 1207 2298 1262; baseline 0.002 -14"><span class='ocrx_word' id='word_1_146' title='bbox 259 1207 452 1249; x_wconf 88' lang='lat' dir='ltr'><strong>terminos</strong></span> <span class='ocrx_word' id='word_1_147' title='bbox 480 1209 589 1260; x_wconf 90' lang='lat' dir='ltr'><strong>prius</strong></span> <span class='ocrx_word' id='word_1_148' title='bbox 617 1215 736 1249; x_wconf 90' lang='lat' dir='ltr'><strong>notos</strong></span> <span class='ocrx_word' id='word_1_149' title='bbox 769 1207 960 1248; x_wconf 87' lang='lat' dir='ltr'><strong>scientiae</strong></span> <span class='ocrx_word' id='word_1_150' title='bbox 993 1209 1195 1249; x_wconf 89' lang='lat' dir='ltr'><strong>humanae</strong></span> <span class='ocrx_word' id='word_1_151' title='bbox 1229 1207 1442 1260; x_wconf 91' lang='lat' dir='ltr'><strong>imperium</strong></span> <span class='ocrx_word' id='word_1_152' title='bbox 1476 1209 1720 1261; x_wconf 86' lang='lat' dir='ltr'><strong>propagavit,</strong></span> <span class='ocrx_word' id='word_1_153' title='bbox 1752 1211 1903 1262; x_wconf 92' lang='lat' dir='ltr'><strong>quique</strong></span> <span class='ocrx_word' id='word_1_154' title='bbox 1933 1210 2035 1251; x_wconf 90' lang='lat' dir='ltr'><strong>caeli</strong></span> <span class='ocrx_word' id='word_1_155' title='bbox 2067 1210 2298 1252; x_wconf 89' lang='lat' dir='ltr'><strong>altitudines</strong></span> 
     </span>
     <span class='ocr_line' id='line_1_15' title="bbox 259 1269 1982 1325; baseline 0.002 -14"><span class='ocrx_word' id='word_1_156' title='bbox 259 1269 477 1312; x_wconf 89' lang='lat' dir='ltr'><strong>immensas</strong></span> <span class='ocrx_word' id='word_1_157' title='bbox 504 1278 774 1324; x_wconf 91' lang='lat' dir='ltr'><strong>perscrutatus</strong></span> <span class='ocrx_word' id='word_1_158' title='bbox 804 1271 946 1312; x_wconf 89' lang='lat' dir='ltr'><strong>mundi</strong></span> <span class='ocrx_word' id='word_1_159' title='bbox 975 1270 1104 1324; x_wconf 89' lang='lat' dir='ltr'><strong>spatia</strong></span> <span class='ocrx_word' id='word_1_160' title='bbox 1131 1272 1327 1323; x_wconf 89' lang='lat' dir='ltr'><strong>ampliora</strong></span> <span class='ocrx_word' id='word_1_161' title='bbox 1353 1271 1541 1324; x_wconf 91' lang='lat' dir='ltr'><strong>gentibus</strong></span> <span class='ocrx_word' id='word_1_162' title='bbox 1569 1272 1768 1325; x_wconf 82' lang='lat' dir='ltr'><strong>patefecit.</strong></span> <span class='ocrx_word' id='word_1_163' title='bbox 1827 1275 1982 1315; x_wconf 89' lang='lat' dir='ltr'><strong>Valete.</strong></span> 
     </span>
    </p>

    <p class='ocr_par' dir='ltr' id='par_1_4' title="bbox 368 1343 829 1394">
     <span class='ocr_line' id='line_1_16' title="bbox 368 1343 829 1394; baseline 0 -12"><span class='ocrx_word' id='word_1_164' title='bbox 368 1343 525 1382; x_wconf 82' lang='lat' dir='ltr'><strong>Datum</strong></span> <span class='ocrx_word' id='word_1_165' title='bbox 550 1343 829 1394; x_wconf 73' lang='lat' dir='ltr'><strong>Cantabrigiae</strong></span> 
     </span>
    </p>
   </div>
   <div class='ocr_carea' id='block_1_3' title="bbox 477 1397 1025 1492">
    <p class='ocr_par' dir='ltr' id='par_1_5' title="bbox 477 1397 1025 1492">
     <span class='ocr_line' id='line_1_17' title="bbox 477 1397 1025 1437; baseline -0.002 0"><span class='ocrx_word' id='word_1_166' title='bbox 477 1411 514 1437; x_wconf 87' lang='lat' dir='ltr'><strong>a.</strong></span> <span class='ocrx_word' id='word_1_167' title='bbox 536 1398 570 1437; x_wconf 85' lang='lat' dir='ltr'><strong>d.</strong></span> <span class='ocrx_word' id='word_1_168' title='bbox 594 1397 662 1437; x_wconf 89' lang='lat' dir='ltr'><strong>viii</strong></span> <span class='ocrx_word' id='word_1_169' title='bbox 680 1399 778 1437; x_wconf 87' lang='lat' dir='ltr'><strong>Kal.</strong></span> <span class='ocrx_word' id='word_1_170' title='bbox 800 1398 1025 1437; x_wconf 81' lang='lat' dir='ltr'><strong>Decembres</strong></span> 
     </span>
     <span class='ocr_line' id='line_1_18' title="bbox 584 1452 990 1492; baseline -0.005 -1"><span class='ocrx_word' id='word_1_171' title='bbox 584 1453 637 1491; x_wconf 88' lang='lat' dir='ltr'><strong>A.</strong></span> <span class='ocrx_word' id='word_1_172' title='bbox 660 1452 702 1492; x_wconf 89' lang='lat' dir='ltr'><strong>S.</strong></span> <span class='ocrx_word' id='word_1_173' title='bbox 724 1452 990 1492; x_wconf 83' lang='lat' dir='ltr'><strong>MDcccxcn⁴.</strong></span> 
     </span>
    </p>
   </div>
   <div class='ocr_carea' id='block_1_4' title="bbox 585 1568 1964 1621">
    <p class='ocr_par' dir='ltr' id='par_1_6' title="bbox 585 1568 1964 1621">
     <span class='ocr_line' id='line_1_19' title="bbox 585 1568 1964 1621; baseline 0.002 -14"><span class='ocrx_word' id='word_1_174' title='bbox 585 1568 819 1607; x_wconf 85' lang='lat' dir='ltr'><strong>Academiae</strong></span> <span class='ocrx_word' id='word_1_175' title='bbox 851 1568 1083 1608; x_wconf 81' lang='lat' dir='ltr'><strong>cadomensi</strong></span> <span class='ocrx_word' id='word_1_176' title='bbox 1107 1569 1150 1608; x_wconf 89' lang='lat' dir='ltr'><strong>S.</strong></span> <span class='ocrx_word' id='word_1_177' title='bbox 1171 1569 1220 1608; x_wconf 87' lang='lat' dir='ltr'><strong>P.</strong></span> <span class='ocrx_word' id='word_1_178' title='bbox 1243 1569 1300 1607; x_wconf 90' lang='lat' dir='ltr'><strong>D.</strong></span> <span class='ocrx_word' id='word_1_179' title='bbox 1341 1569 1588 1608; x_wconf 82' lang='lat' dir='ltr'><strong>Universitas</strong></span> <span class='ocrx_word' id='word_1_180' title='bbox 1620 1570 1964 1621; x_wconf 59' lang='lat' dir='ltr'><strong>Cantabngiensis.</strong></span> 
     </span>
    </p>
   </div>
   <div class='ocr_carea' id='block_1_5' title="bbox 251 1637 2295 2866">
    <p class='ocr_par' dir='ltr' id='par_1_7' title="bbox 251 1637 2295 2696">
     <span class='ocr_line' id='line_1_20' title="bbox 368 1637 2294 1694; baseline 0.002 -16"><span class='ocrx_word' id='word_1_181' title='bbox 368 1637 485 1691; x_wconf 81' lang='lat'>(549)</span> <span class='ocrx_word' id='word_1_182' title='bbox 506 1640 660 1679; x_wconf 83' lang='lat' dir='ltr'>NUPER</span> <span class='ocrx_word' id='word_1_183' title='bbox 686 1653 710 1679; x_wconf 87' lang='lat' dir='ltr'><strong>a</strong></span> <span class='ocrx_word' id='word_1_184' title='bbox 737 1640 911 1679; x_wconf 90' lang='lat' dir='ltr'><strong>Rectore</strong></span> <span class='ocrx_word' id='word_1_185' title='bbox 937 1647 1068 1679; x_wconf 90' lang='lat' dir='ltr'><strong>vestro</strong></span> <span class='ocrx_word' id='word_1_186' title='bbox 1096 1639 1383 1691; x_wconf 88' lang='lat' dir='ltr'><strong>benignissime</strong></span> <span class='ocrx_word' id='word_1_187' title='bbox 1409 1640 1596 1680; x_wconf 88' lang='lat' dir='ltr'><strong>certiores</strong></span> <span class='ocrx_word' id='word_1_188' title='bbox 1620 1640 1724 1690; x_wconf 87' lang='lat' dir='ltr'><strong>facti,</strong></span> <span class='ocrx_word' id='word_1_189' title='bbox 1753 1641 1919 1681; x_wconf 89' lang='lat' dir='ltr'><strong>ineunte</strong></span> <span class='ocrx_word' id='word_1_190' title='bbox 1947 1654 2085 1682; x_wconf 88' lang='lat' dir='ltr'><strong>mense</strong></span> <span class='ocrx_word' id='word_1_191' title='bbox 2110 1641 2294 1694; x_wconf 86' lang='lat' dir='ltr'><strong>proximo</strong></span> 
     </span>
     <span class='ocr_line' id='line_1_21' title="bbox 258 1702 2295 1756; baseline 0.001 -13"><span class='ocrx_word' id='word_1_192' title='bbox 258 1702 504 1743; x_wconf 84' lang='lat' dir='ltr'><strong>Academiae</strong></span> <span class='ocrx_word' id='word_1_193' title='bbox 529 1710 683 1744; x_wconf 90' lang='lat' dir='ltr'><strong>vestrae</strong></span> <span class='ocrx_word' id='word_1_194' title='bbox 706 1702 748 1743; x_wconf 88' lang='lat' dir='ltr'><strong>in</strong></span> <span class='ocrx_word' id='word_1_195' title='bbox 768 1716 886 1743; x_wconf 91' lang='lat' dir='ltr'><strong>usum</strong></span> <span class='ocrx_word' id='word_1_196' title='bbox 913 1704 1027 1755; x_wconf 91' lang='lat' dir='ltr'><strong>quasi</strong></span> <span class='ocrx_word' id='word_1_197' title='bbox 1050 1702 1243 1754; x_wconf 88' lang='lat' dir='ltr'><strong>palatium</strong></span> <span class='ocrx_word' id='word_1_198' title='bbox 1268 1716 1419 1743; x_wconf 90' lang='lat' dir='ltr'><strong>novum</strong></span> <span class='ocrx_word' id='word_1_199' title='bbox 1443 1703 1631 1756; x_wconf 89' lang='lat' dir='ltr'><strong>auspiciis</strong></span> <span class='ocrx_word' id='word_1_200' title='bbox 1655 1704 1818 1756; x_wconf 91' lang='lat' dir='ltr'><strong>optimis</strong></span> <span class='ocrx_word' id='word_1_201' title='bbox 1841 1704 2073 1745; x_wconf 88' lang='lat' dir='ltr'><strong>dedicatum</strong></span> <span class='ocrx_word' id='word_1_202' title='bbox 2096 1704 2152 1753; x_wconf 91' lang='lat' dir='ltr'><strong>iri,</strong></span> <span class='ocrx_word' id='word_1_203' title='bbox 2175 1706 2227 1745; x_wconf 93' lang='lat' dir='ltr'><strong>de</strong></span> <span class='ocrx_word' id='word_1_204' title='bbox 2253 1718 2295 1745; x_wconf 91' lang='lat' dir='ltr'><strong>re</strong></span> 
     </span>
     <span class='ocr_line' id='line_1_22' title="bbox 258 1765 2294 1819; baseline 0 -13"><span class='ocrx_word' id='word_1_205' title='bbox 258 1773 341 1806; x_wconf 85' lang='lat' dir='ltr'><strong>tam</strong></span> <span class='ocrx_word' id='word_1_206' title='bbox 379 1765 485 1806; x_wconf 86' lang='lat' dir='ltr'><strong>felici</strong></span> <span class='ocrx_word' id='word_1_207' title='bbox 521 1765 636 1805; x_wconf 90' lang='lat' dir='ltr'><strong>vobis</strong></span> <span class='ocrx_word' id='word_1_208' title='bbox 674 1765 864 1805; x_wconf 90' lang='lat' dir='ltr'><strong>omnibus</strong></span> <span class='ocrx_word' id='word_1_209' title='bbox 901 1779 950 1805; x_wconf 87' lang='lat' dir='ltr'><strong>ex</strong></span> <span class='ocrx_word' id='word_1_210' title='bbox 987 1765 1124 1805; x_wconf 90' lang='lat' dir='ltr'><strong>animo</strong></span> <span class='ocrx_word' id='word_1_211' title='bbox 1162 1766 1415 1817; x_wconf 88' lang='lat' dir='ltr'><strong>gratulamur.</strong></span> <span class='ocrx_word' id='word_1_212' title='bbox 1475 1765 1651 1814; x_wconf 88' lang='lat' dir='ltr'><strong>Etenim,</strong></span> <span class='ocrx_word' id='word_1_213' title='bbox 1687 1779 1933 1819; x_wconf 91' lang='lat' dir='ltr'><strong>quamquam</strong></span> <span class='ocrx_word' id='word_1_214' title='bbox 1972 1781 2066 1807; x_wconf 92' lang='lat' dir='ltr'><strong>cum</strong></span> <span class='ocrx_word' id='word_1_215' title='bbox 2104 1766 2294 1807; x_wconf 91' lang='lat' dir='ltr'><strong>omnibus</strong></span> 
     </span>
     <span class='ocr_line' id='line_1_23' title="bbox 257 1828 2292 1882; baseline 0 -12"><span class='ocrx_word' id='word_1_216' title='bbox 257 1828 465 1870; x_wconf 88' lang='lat' dir='ltr'><strong>doctrinae</strong></span> <span class='ocrx_word' id='word_1_217' title='bbox 497 1829 711 1869; x_wconf 88' lang='lat' dir='ltr'><strong>domiciliis</strong></span> <span class='ocrx_word' id='word_1_218' title='bbox 749 1829 974 1869; x_wconf 89' lang='lat' dir='ltr'><strong>studiorum</strong></span> <span class='ocrx_word' id='word_1_219' title='bbox 1007 1828 1287 1869; x_wconf 87' lang='lat' dir='ltr'><strong>communium</strong></span> <span class='ocrx_word' id='word_1_220' title='bbox 1320 1828 1567 1870; x_wconf 90' lang='lat' dir='ltr'><strong>commercio</strong></span> <span class='ocrx_word' id='word_1_221' title='bbox 1600 1843 1739 1871; x_wconf 91' lang='lat' dir='ltr'><strong>sumus</strong></span> <span class='ocrx_word' id='word_1_222' title='bbox 1772 1830 2026 1882; x_wconf 88' lang='lat' dir='ltr'><strong>aliquatenus</strong></span> <span class='ocrx_word' id='word_1_223' title='bbox 2060 1829 2292 1880; x_wconf 89' lang='lat' dir='ltr'><strong>consociati,</strong></span> 
     </span>
     <span class='ocr_line' id='line_1_24' title="bbox 255 1890 2295 1945; baseline 0.001 -14"><span class='ocrx_word' id='word_1_224' title='bbox 255 1891 467 1932; x_wconf 89' lang='lat' dir='ltr'><strong>vobiscum</strong></span> <span class='ocrx_word' id='word_1_225' title='bbox 503 1891 735 1944; x_wconf 85' lang='lat' dir='ltr'><strong>praesertim</strong></span> <span class='ocrx_word' id='word_1_226' title='bbox 773 1905 844 1943; x_wconf 89' lang='lat' dir='ltr'><strong>per</strong></span> <span class='ocrx_word' id='word_1_227' title='bbox 882 1893 1043 1932; x_wconf 90' lang='lat' dir='ltr'><strong>saecula</strong></span> <span class='ocrx_word' id='word_1_228' title='bbox 1079 1890 1303 1943; x_wconf 88' lang='lat' dir='ltr'><strong>compluria</strong></span> <span class='ocrx_word' id='word_1_229' title='bbox 1340 1891 1651 1932; x_wconf 90' lang='lat' dir='ltr'><strong>necessitudinis</strong></span> <span class='ocrx_word' id='word_1_230' title='bbox 1688 1893 1851 1933; x_wconf 91' lang='lat' dir='ltr'><strong>vinculo</strong></span> <span class='ocrx_word' id='word_1_231' title='bbox 1890 1894 2069 1945; x_wconf 91' lang='lat' dir='ltr'><strong>quodam</strong></span> <span class='ocrx_word' id='word_1_232' title='bbox 2107 1892 2295 1945; x_wconf 88' lang='lat' dir='ltr'><strong>singulari</strong></span> 
     </span>
     <span class='ocr_line' id='line_1_25' title="bbox 254 1953 2294 2005; baseline 0.001 -11"><span class='ocrx_word' id='word_1_233' title='bbox 254 1953 404 1994; x_wconf 81' lang='lat' dir='ltr'><strong>fuimus</strong></span> <span class='ocrx_word' id='word_1_234' title='bbox 423 1953 640 1994; x_wconf 90' lang='lat' dir='ltr'><strong>coniuncti.</strong></span> <span class='ocrx_word' id='word_1_235' title='bbox 700 1953 880 1994; x_wconf 90' lang='lat' dir='ltr'><strong>Primum</strong></span> <span class='ocrx_word' id='word_1_236' title='bbox 898 1953 1009 1994; x_wconf 91' lang='lat' dir='ltr'><strong>enim</strong></span> <span class='ocrx_word' id='word_1_237' title='bbox 1029 1953 1116 2005; x_wconf 91' lang='lat' dir='ltr'><strong>ipsa</strong></span> <span class='ocrx_word' id='word_1_238' title='bbox 1139 1953 1247 2003; x_wconf 93' lang='lat' dir='ltr'><strong>urbs,</strong></span> <span class='ocrx_word' id='word_1_239' title='bbox 1269 1966 1373 2005; x_wconf 89' lang='lat' dir='ltr'><strong>quae</strong></span> <span class='ocrx_word' id='word_1_240' title='bbox 1396 1953 1643 1995; x_wconf 88' lang='lat' dir='ltr'><strong>Academiae</strong></span> <span class='ocrx_word' id='word_1_241' title='bbox 1662 1961 1816 1995; x_wconf 88' lang='lat' dir='ltr'><strong>vestrae</strong></span> <span class='ocrx_word' id='word_1_242' title='bbox 1840 1955 1957 1995; x_wconf 90' lang='lat' dir='ltr'><strong>sedes</strong></span> <span class='ocrx_word' id='word_1_243' title='bbox 1977 1962 2058 1994; x_wconf 90' lang='lat' dir='ltr'><strong>tam</strong></span> <span class='ocrx_word' id='word_1_244' title='bbox 2078 1955 2148 1995; x_wconf 93' lang='lat' dir='ltr'><strong>diu</strong></span> <span class='ocrx_word' id='word_1_245' title='bbox 2172 1955 2294 1998; x_wconf 87' lang='lat' dir='ltr'><strong>fuisse</strong></span> 
     </span>
     <span class='ocr_line' id='line_1_26' title="bbox 253 2015 2294 2070; baseline 0.001 -13"><span class='ocrx_word' id='word_1_246' title='bbox 253 2015 453 2069; x_wconf 83' lang='lat' dir='ltr'><strong>gloriatur,</strong></span> <span class='ocrx_word' id='word_1_247' title='bbox 473 2029 545 2069; x_wconf 90' lang='lat' dir='ltr'><strong>per</strong></span> <span class='ocrx_word' id='word_1_248' title='bbox 563 2029 693 2057; x_wconf 89' lang='lat' dir='ltr'><strong>annos</strong></span> <span class='ocrx_word' id='word_1_249' title='bbox 713 2017 802 2068; x_wconf 91' lang='lat' dir='ltr'><strong>plus</strong></span> <span class='ocrx_word' id='word_1_250' title='bbox 823 2029 945 2068; x_wconf 91' lang='lat' dir='ltr'><strong>quarn</strong></span> <span class='ocrx_word' id='word_1_251' title='bbox 966 2015 1220 2068; x_wconf 90' lang='lat' dir='ltr'><strong>octingentos</strong></span> <span class='ocrx_word' id='word_1_252' title='bbox 1241 2017 1483 2068; x_wconf 90' lang='lat' dir='ltr'><strong>templorum</strong></span> <span class='ocrx_word' id='word_1_253' title='bbox 1510 2017 1726 2069; x_wconf 87' lang='lat' dir='ltr'><strong>splendore</strong></span> <span class='ocrx_word' id='word_1_254' title='bbox 1748 2017 1911 2069; x_wconf 87' lang='lat' dir='ltr'><strong>gemino</strong></span> <span class='ocrx_word' id='word_1_255' title='bbox 1934 2025 2074 2058; x_wconf 86' lang='lat' dir='ltr'><strong>ornata</strong></span> <span class='ocrx_word' id='word_1_256' title='bbox 2097 2025 2168 2066; x_wconf 88' lang='lat' dir='ltr'><strong>est,</strong></span> <span class='ocrx_word' id='word_1_257' title='bbox 2190 2032 2294 2070; x_wconf 89' lang='lat' dir='ltr'><strong>quae</strong></span> 
     </span>
     <span class='ocr_line' id='line_1_27' title="bbox 255 2078 2292 2133; baseline 0.001 -14"><span class='ocrx_word' id='word_1_258' title='bbox 255 2078 379 2132; x_wconf 88' lang='lat' dir='ltr'><strong>Regis</strong></span> <span class='ocrx_word' id='word_1_259' title='bbox 410 2079 538 2120; x_wconf 88' lang='lat' dir='ltr'><strong>nostri</strong></span> <span class='ocrx_word' id='word_1_260' title='bbox 569 2079 755 2129; x_wconf 89' lang='lat' dir='ltr'><strong>Wilelmi,</strong></span> <span class='ocrx_word' id='word_1_261' title='bbox 786 2080 1116 2120; x_wconf 89' lang='lat' dir='ltr'><strong>Normannorum</strong></span> <span class='ocrx_word' id='word_1_262' title='bbox 1148 2078 1288 2126; x_wconf 92' lang='lat' dir='ltr'><strong>Ducis,</strong></span> <span class='ocrx_word' id='word_1_263' title='bbox 1318 2086 1359 2120; x_wconf 91' lang='lat' dir='ltr'><strong>et</strong></span> <span class='ocrx_word' id='word_1_264' title='bbox 1393 2078 1574 2131; x_wconf 89' lang='lat' dir='ltr'><strong>Reginae</strong></span> <span class='ocrx_word' id='word_1_265' title='bbox 1602 2078 1689 2120; x_wconf 89' lang='lat' dir='ltr'><strong>eius</strong></span> <span class='ocrx_word' id='word_1_266' title='bbox 1718 2079 1954 2120; x_wconf 89' lang='lat' dir='ltr'><strong>memoriam</strong></span> <span class='ocrx_word' id='word_1_267' title='bbox 1982 2079 2026 2120; x_wconf 90' lang='lat' dir='ltr'><strong>in</strong></span> <span class='ocrx_word' id='word_1_268' title='bbox 2053 2088 2292 2133; x_wconf 90' lang='lat' dir='ltr'><strong>perpetuum</strong></span> 
     </span>
     <span class='ocr_line' id='line_1_28' title="bbox 253 2142 2293 2195; baseline 0.001 -11"><span class='ocrx_word' id='word_1_269' title='bbox 253 2143 581 2185; x_wconf 76' lang='lat' dir='ltr'><strong>conservabunt³.</strong></span> <span class='ocrx_word' id='word_1_270' title='bbox 642 2143 804 2184; x_wconf 91' lang='lat' dir='ltr'><strong>Deinde</strong></span> <span class='ocrx_word' id='word_1_271' title='bbox 822 2142 1088 2184; x_wconf 89' lang='lat' dir='ltr'><strong>Academiam</strong></span> <span class='ocrx_word' id='word_1_272' title='bbox 1108 2149 1293 2193; x_wconf 88' lang='lat' dir='ltr'><strong>vestram,</strong></span> <span class='ocrx_word' id='word_1_273' title='bbox 1315 2142 1466 2195; x_wconf 87' lang='lat' dir='ltr'><strong>patriae</strong></span> <span class='ocrx_word' id='word_1_274' title='bbox 1485 2155 1557 2195; x_wconf 90' lang='lat' dir='ltr'><strong>per</strong></span> <span class='ocrx_word' id='word_1_275' title='bbox 1576 2150 1636 2183; x_wconf 92' lang='lat' dir='ltr'><strong>tot</strong></span> <span class='ocrx_word' id='word_1_276' title='bbox 1656 2144 1816 2183; x_wconf 89' lang='lat' dir='ltr'><strong>saecula</strong></span> <span class='ocrx_word' id='word_1_277' title='bbox 1835 2144 2122 2194; x_wconf 90' lang='lat' dir='ltr'><strong>fidelissimam,</strong></span> <span class='ocrx_word' id='word_1_278' title='bbox 2143 2145 2293 2186; x_wconf 91' lang='lat' dir='ltr'><strong>abhinc</strong></span> 
     </span>
     <span class='ocr_line' id='line_1_29' title="bbox 252 2204 2291 2258; baseline 0 -11"><span class='ocrx_word' id='word_1_279' title='bbox 252 2218 382 2247; x_wconf 81' lang='lat' dir='ltr'><strong>annos</strong></span> <span class='ocrx_word' id='word_1_280' title='bbox 407 2207 489 2247; x_wconf 86' lang='lat' dir='ltr'><strong>fere</strong></span> <span class='ocrx_word' id='word_1_281' title='bbox 511 2205 827 2258; x_wconf 90' lang='lat' dir='ltr'><strong>quadringentos</strong></span> <span class='ocrx_word' id='word_1_282' title='bbox 851 2206 1055 2257; x_wconf 87' lang='lat' dir='ltr'><strong>sexaginta</strong></span> <span class='ocrx_word' id='word_1_283' title='bbox 1079 2204 1307 2257; x_wconf 90' lang='lat' dir='ltr'><strong>Principem</strong></span> <span class='ocrx_word' id='word_1_284' title='bbox 1335 2212 1516 2245; x_wconf 89' lang='lat' dir='ltr'><strong>nostrum</strong></span> <span class='ocrx_word' id='word_1_285' title='bbox 1546 2204 1845 2245; x_wconf 90' lang='lat' dir='ltr'><strong>serenissimum</strong></span> <span class='ocrx_word' id='word_1_286' title='bbox 1873 2205 2101 2246; x_wconf 90' lang='lat' dir='ltr'><strong>Henricum</strong></span> <span class='ocrx_word' id='word_1_287' title='bbox 2127 2207 2291 2248; x_wconf 86' lang='lat' dir='ltr'><strong>Sextum</strong></span> 
     </span>
     <span class='ocr_line' id='line_1_30' title="bbox 251 2268 2294 2321; baseline 0 -11"><span class='ocrx_word' id='word_1_288' title='bbox 251 2268 358 2310; x_wconf 88' lang='lat' dir='ltr'><strong>inter</strong></span> <span class='ocrx_word' id='word_1_289' title='bbox 381 2269 612 2311; x_wconf 88' lang='lat' dir='ltr'><strong>conditores</strong></span> <span class='ocrx_word' id='word_1_290' title='bbox 640 2284 736 2311; x_wconf 92' lang='lat' dir='ltr'><strong>suos</strong></span> <span class='ocrx_word' id='word_1_291' title='bbox 764 2269 955 2310; x_wconf 88' lang='lat' dir='ltr'><strong>habuisse</strong></span> <span class='ocrx_word' id='word_1_292' title='bbox 983 2269 1170 2309; x_wconf 81' lang='lat' dir='ltr'><strong>constat⁶.</strong></span> <span class='ocrx_word' id='word_1_293' title='bbox 1232 2268 1367 2309; x_wconf 87' lang='lat' dir='ltr'><strong>Etiam</strong></span> <span class='ocrx_word' id='word_1_294' title='bbox 1396 2276 1557 2309; x_wconf 91' lang='lat' dir='ltr'><strong>nosmet</strong></span> <span class='ocrx_word' id='word_1_295' title='bbox 1585 2268 1662 2321; x_wconf 91' lang='lat' dir='ltr'><strong>ipsi</strong></span> <span class='ocrx_word' id='word_1_296' title='bbox 1691 2268 1973 2309; x_wconf 89' lang='lat' dir='ltr'><strong>Universitatis</strong></span> <span class='ocrx_word' id='word_1_297' title='bbox 2002 2276 2163 2310; x_wconf 90' lang='lat' dir='ltr'><strong>nostrae</strong></span> <span class='ocrx_word' id='word_1_298' title='bbox 2189 2269 2294 2311; x_wconf 91' lang='lat' dir='ltr'><strong>inter</strong></span> 
     </span>
     <span class='ocr_line' id='line_1_31' title="bbox 252 2331 2291 2384; baseline 0 -12"><span class='ocrx_word' id='word_1_299' title='bbox 252 2340 490 2372; x_wconf 90' lang='lat' dir='ltr'><strong>ornamenta</strong></span> <span class='ocrx_word' id='word_1_300' title='bbox 515 2332 741 2384; x_wconf 90' lang='lat' dir='ltr'><strong>Collegium</strong></span> <span class='ocrx_word' id='word_1_301' title='bbox 770 2345 1027 2372; x_wconf 91' lang='lat' dir='ltr'><strong>numeramus</strong></span> <span class='ocrx_word' id='word_1_302' title='bbox 1051 2332 1132 2371; x_wconf 88' lang='lat' dir='ltr'><strong>fere</strong></span> <span class='ocrx_word' id='word_1_303' title='bbox 1158 2332 1304 2372; x_wconf 89' lang='lat' dir='ltr'><strong>eodem</strong></span> <span class='ocrx_word' id='word_1_304' title='bbox 1328 2338 1510 2382; x_wconf 89' lang='lat' dir='ltr'><strong>tempore</strong></span> <span class='ocrx_word' id='word_1_305' title='bbox 1532 2331 1584 2370; x_wconf 92' lang='lat' dir='ltr'><strong>ab</strong></span> <span class='ocrx_word' id='word_1_306' title='bbox 1609 2331 1755 2371; x_wconf 90' lang='lat' dir='ltr'><strong>eodem</strong></span> <span class='ocrx_word' id='word_1_307' title='bbox 1781 2332 1894 2382; x_wconf 91' lang='lat' dir='ltr'><strong>Rege</strong></span> <span class='ocrx_word' id='word_1_308' title='bbox 1919 2331 2133 2371; x_wconf 90' lang='lat' dir='ltr'><strong>fundatum</strong></span> <span class='ocrx_word' id='word_1_309' title='bbox 2144 2331 2167 2371; x_wconf 87' lang='lat'><strong>⁷.</strong></span> <span class='ocrx_word' id='word_1_310' title='bbox 2228 2334 2291 2373; x_wconf 91' lang='lat' dir='ltr'><strong>Eo</strong></span> 
     </span>
     <span class='ocr_line' id='line_1_32' title="bbox 252 2392 2293 2447; baseline 0 -13"><span class='ocrx_word' id='word_1_311' title='bbox 252 2394 444 2434; x_wconf 91' lang='lat' dir='ltr'><strong>libentius</strong></span> <span class='ocrx_word' id='word_1_312' title='bbox 471 2393 590 2446; x_wconf 89' lang='lat' dir='ltr'><strong>igitur</strong></span> <span class='ocrx_word' id='word_1_313' title='bbox 617 2395 696 2434; x_wconf 92' lang='lat' dir='ltr'><strong>hoc</strong></span> <span class='ocrx_word' id='word_1_314' title='bbox 725 2394 814 2446; x_wconf 90' lang='lat' dir='ltr'><strong>ipso</strong></span> <span class='ocrx_word' id='word_1_315' title='bbox 842 2406 962 2442; x_wconf 92' lang='lat' dir='ltr'><strong>anno,</strong></span> <span class='ocrx_word' id='word_1_316' title='bbox 994 2406 1076 2445; x_wconf 93' lang='lat' dir='ltr'><strong>quo</strong></span> <span class='ocrx_word' id='word_1_317' title='bbox 1106 2392 1277 2445; x_wconf 90' lang='lat' dir='ltr'><strong>Collegii</strong></span> <span class='ocrx_word' id='word_1_318' title='bbox 1307 2392 1469 2444; x_wconf 91' lang='lat' dir='ltr'><strong>Regalis</strong></span> <span class='ocrx_word' id='word_1_319' title='bbox 1499 2393 1663 2432; x_wconf 90' lang='lat' dir='ltr'><strong>Praeses</strong></span> <span class='ocrx_word' id='word_1_320' title='bbox 1698 2392 1959 2434; x_wconf 87' lang='lat' dir='ltr'><strong>Universitati</strong></span> <span class='ocrx_word' id='word_1_321' title='bbox 1992 2393 2067 2433; x_wconf 92' lang='lat' dir='ltr'><strong>toti</strong></span> <span class='ocrx_word' id='word_1_322' title='bbox 2095 2401 2155 2434; x_wconf 92' lang='lat' dir='ltr'><strong>est</strong></span> <span class='ocrx_word' id='word_1_323' title='bbox 2183 2408 2293 2447; x_wconf 90' lang='lat' dir='ltr'><strong>prae-</strong></span> 
     </span>
     <span class='ocr_line' id='line_1_33' title="bbox 251 2453 2290 2508; baseline 0 -12"><span class='ocrx_word' id='word_1_324' title='bbox 251 2455 438 2508; x_wconf 82' lang='lat' dir='ltr'><strong>positus⁸,</strong></span> <span class='ocrx_word' id='word_1_325' title='bbox 455 2455 626 2508; x_wconf 87' lang='lat' dir='ltr'><strong>Collegii</strong></span> <span class='ocrx_word' id='word_1_326' title='bbox 645 2457 827 2496; x_wconf 88' lang='lat' dir='ltr'><strong>eiusdem</strong></span> <span class='ocrx_word' id='word_1_327' title='bbox 844 2454 1008 2495; x_wconf 91' lang='lat' dir='ltr'><strong>Socium</strong></span> <span class='ocrx_word' id='word_1_328' title='bbox 1027 2456 1080 2495; x_wconf 92' lang='lat' dir='ltr'><strong>ad</strong></span> <span class='ocrx_word' id='word_1_329' title='bbox 1097 2455 1361 2495; x_wconf 87' lang='lat' dir='ltr'><strong>Academiam</strong></span> <span class='ocrx_word' id='word_1_330' title='bbox 1376 2462 1547 2494; x_wconf 89' lang='lat' dir='ltr'><strong>vestram</strong></span> <span class='ocrx_word' id='word_1_331' title='bbox 1563 2453 1728 2494; x_wconf 90' lang='lat' dir='ltr'><strong>honoris</strong></span> <span class='ocrx_word' id='word_1_332' title='bbox 1743 2467 1865 2495; x_wconf 89' lang='lat' dir='ltr'><strong>causa</strong></span> <span class='ocrx_word' id='word_1_333' title='bbox 1879 2456 2054 2507; x_wconf 89' lang='lat' dir='ltr'><strong>legatum</strong></span> <span class='ocrx_word' id='word_1_334' title='bbox 2071 2455 2290 2507; x_wconf 84' lang='lat' dir='ltr'><strong>mittimus;</strong></span> 
     </span>
     <span class='ocr_line' id='line_1_34' title="bbox 252 2516 2287 2571; baseline 0 -12"><span class='ocrx_word' id='word_1_335' title='bbox 252 2532 374 2571; x_wconf 88' lang='lat' dir='ltr'><strong>quem</strong></span> <span class='ocrx_word' id='word_1_336' title='bbox 403 2525 490 2559; x_wconf 89' lang='lat' dir='ltr'><strong>tum</strong></span> <span class='ocrx_word' id='word_1_337' title='bbox 518 2519 615 2558; x_wconf 90' lang='lat' dir='ltr'><strong>alias</strong></span> <span class='ocrx_word' id='word_1_338' title='bbox 644 2525 807 2571; x_wconf 90' lang='lat' dir='ltr'><strong>propter</strong></span> <span class='ocrx_word' id='word_1_339' title='bbox 836 2530 976 2558; x_wconf 89' lang='lat' dir='ltr'><strong>causas</strong></span> <span class='ocrx_word' id='word_1_340' title='bbox 1006 2531 1054 2558; x_wconf 90' lang='lat' dir='ltr'><strong>ea</strong></span> <span class='ocrx_word' id='word_1_341' title='bbox 1082 2531 1163 2570; x_wconf 92' lang='lat' dir='ltr'><strong>qua</strong></span> <span class='ocrx_word' id='word_1_342' title='bbox 1192 2516 1328 2557; x_wconf 92' lang='lat' dir='ltr'><strong>soletis</strong></span> <span class='ocrx_word' id='word_1_343' title='bbox 1357 2516 1547 2557; x_wconf 90' lang='lat' dir='ltr'><strong>comitate</strong></span> <span class='ocrx_word' id='word_1_344' title='bbox 1576 2523 1616 2556; x_wconf 90' lang='lat' dir='ltr'><strong>et</strong></span> <span class='ocrx_word' id='word_1_345' title='bbox 1646 2516 1928 2558; x_wconf 89' lang='lat' dir='ltr'><strong>benevolentia</strong></span> <span class='ocrx_word' id='word_1_346' title='bbox 1955 2517 2171 2570; x_wconf 90' lang='lat' dir='ltr'><strong>accipietis,</strong></span> <span class='ocrx_word' id='word_1_347' title='bbox 2202 2526 2287 2559; x_wconf 88' lang='lat' dir='ltr'><strong>tum</strong></span> 
     </span>
     <span class='ocr_line' id='line_1_35' title="bbox 252 2579 2289 2634; baseline -0 -11"><span class='ocrx_word' id='word_1_348' title='bbox 252 2589 463 2634; x_wconf 87' lang='lat' dir='ltr'><strong>propterea</strong></span> <span class='ocrx_word' id='word_1_349' title='bbox 494 2581 738 2634; x_wconf 88' lang='lat' dir='ltr'><strong>praesertim,</strong></span> <span class='ocrx_word' id='word_1_350' title='bbox 774 2582 886 2634; x_wconf 92' lang='lat' dir='ltr'><strong>quod</strong></span> <span class='ocrx_word' id='word_1_351' title='bbox 920 2582 1028 2622; x_wconf 93' lang='lat' dir='ltr'><strong>solus</strong></span> <span class='ocrx_word' id='word_1_352' title='bbox 1063 2580 1344 2622; x_wconf 89' lang='lat' dir='ltr'><strong>Universitatis</strong></span> <span class='ocrx_word' id='word_1_353' title='bbox 1379 2587 1539 2620; x_wconf 88' lang='lat' dir='ltr'><strong>nostrae</strong></span> <span class='ocrx_word' id='word_1_354' title='bbox 1572 2579 1679 2632; x_wconf 84' lang='lat' dir='ltr'><strong>inter.</strong></span> <span class='ocrx_word' id='word_1_355' title='bbox 1708 2588 1986 2633; x_wconf 88' lang='lat' dir='ltr'><strong>praeceptores</strong></span> <span class='ocrx_word' id='word_1_356' title='bbox 2025 2580 2289 2634; x_wconf 88' lang='lat' dir='ltr'><strong>Reipublicae</strong></span> 
     </span>
     <span class='ocr_line' id='line_1_36' title="bbox 251 2643 2259 2696; baseline 0.001 -12"><span class='ocrx_word' id='word_1_357' title='bbox 251 2652 405 2686; x_wconf 89' lang='lat' dir='ltr'><strong>vestrae</strong></span> <span class='ocrx_word' id='word_1_358' title='bbox 433 2644 721 2686; x_wconf 88' lang='lat' dir='ltr'><strong>illustrissimae</strong></span> <span class='ocrx_word' id='word_1_359' title='bbox 749 2658 772 2685; x_wconf 93' lang='lat' dir='ltr'><strong>a</strong></span> <span class='ocrx_word' id='word_1_360' title='bbox 802 2645 991 2685; x_wconf 88' lang='lat' dir='ltr'><strong>Praeside</strong></span> <span class='ocrx_word' id='word_1_361' title='bbox 1018 2643 1182 2685; x_wconf 89' lang='lat' dir='ltr'><strong>honoris</strong></span> <span class='ocrx_word' id='word_1_362' title='bbox 1210 2643 1328 2685; x_wconf 88' lang='lat' dir='ltr'><strong>titulo</strong></span> <span class='ocrx_word' id='word_1_363' title='bbox 1356 2644 1467 2684; x_wconf 90' lang='lat' dir='ltr'><strong>haud</strong></span> <span class='ocrx_word' id='word_1_364' title='bbox 1495 2643 1551 2684; x_wconf 89' lang='lat' dir='ltr'><strong>ita</strong></span> <span class='ocrx_word' id='word_1_365' title='bbox 1578 2643 1734 2696; x_wconf 89' lang='lat' dir='ltr'><strong>pridem</strong></span> <span class='ocrx_word' id='word_1_366' title='bbox 1763 2652 1825 2685; x_wconf 92' lang='lat' dir='ltr'><strong>est</strong></span> <span class='ocrx_word' id='word_1_367' title='bbox 1853 2646 2045 2686; x_wconf 79' lang='lat' dir='ltr'><strong>ornatus⁹.</strong></span> <span class='ocrx_word' id='word_1_368' title='bbox 2106 2647 2259 2686; x_wconf 89' lang='lat' dir='ltr'><strong>Valete.</strong></span> 
     </span>
    </p>

    <p class='ocr_par' dir='ltr' id='par_1_8' title="bbox 359 2716 822 2767">
     <span class='ocr_line' id='line_1_37' title="bbox 359 2716 822 2767; baseline -0.006 -11"><span class='ocrx_word' id='word_1_369' title='bbox 359 2717 518 2756; x_wconf 77' lang='lat' dir='ltr'><strong>Datum</strong></span> <span class='ocrx_word' id='word_1_370' title='bbox 542 2716 822 2767; x_wconf 60' lang='lat' dir='ltr'><strong>Cantabrzggzkze</strong></span> 
     </span>
    </p>

    <p class='ocr_par' dir='ltr' id='par_1_9' title="bbox 471 2768 980 2866">
     <span class='ocr_line' id='line_1_38' title="bbox 471 2768 961 2811; baseline -0.004 0"><span class='ocrx_word' id='word_1_371' title='bbox 471 2770 611 2811; x_wconf 80' lang='lat' dir='ltr'><strong>mensis</strong></span> <span class='ocrx_word' id='word_1_372' title='bbox 628 2770 745 2810; x_wconf 81' lang='lat' dir='ltr'><strong>Maii</strong></span> <span class='ocrx_word' id='word_1_373' title='bbox 758 2770 820 2809; x_wconf 87' lang='lat' dir='ltr'><strong>die</strong></span> <span class='ocrx_word' id='word_1_374' title='bbox 838 2768 961 2809; x_wconf 84' lang='lat' dir='ltr'><strong>xxiv0-</strong></span> 
     </span>
     <span class='ocr_line' id='line_1_39' title="bbox 580 2825 980 2866; baseline -0.003 -2"><span class='ocrx_word' id='word_1_375' title='bbox 580 2825 632 2864; x_wconf 87' lang='lat' dir='ltr'><strong>A.</strong></span> <span class='ocrx_word' id='word_1_376' title='bbox 656 2825 695 2866; x_wconf 86' lang='lat' dir='ltr'><strong>S.</strong></span> <span class='ocrx_word' id='word_1_377' title='bbox 720 2835 980 2864; x_wconf 79' lang='lat' dir='ltr'><strong>Mncccxciv.</strong></span> 
     </span>
    </p>
   </div>
   <div class='ocr_carea' id='block_1_6' title="bbox 247 2900 2290 3209">
    <p class='ocr_par' dir='ltr' id='par_1_10' title="bbox 247 2900 2290 3209">
     <span class='ocr_line' id='line_1_40' title="bbox 340 2900 2285 2948; baseline 0.001 -13"><span class='ocrx_word' id='word_1_378' title='bbox 340 2901 353 2923; x_wconf 87' lang='lat'>¹</span> <span class='ocrx_word' id='word_1_379' title='bbox 377 2902 477 2945; x_wconf 87' lang='lat' dir='ltr'><strong>Livy,</strong></span> <span class='ocrx_word' id='word_1_380' title='bbox 493 2913 514 2934; x_wconf 91' lang='lat' dir='ltr'><strong>v</strong></span> <span class='ocrx_word' id='word_1_381' title='bbox 532 2911 585 2944; x_wconf 86' lang='lat'><strong>54,</strong></span> <span class='ocrx_word' id='word_1_382' title='bbox 603 2913 634 2944; x_wconf 83' lang='lat'><strong>3.</strong></span> <span class='ocrx_word' id='word_1_383' title='bbox 724 2900 738 2922; x_wconf 77' lang='lat'>²</span> <span class='ocrx_word' id='word_1_384' title='bbox 760 2901 902 2939; x_wconf 85' lang='lat' dir='ltr'><strong>Adams,</strong></span> <span class='ocrx_word' id='word_1_385' title='bbox 919 2912 975 2934; x_wconf 88' lang='lat' dir='ltr'><strong>no.</strong></span> <span class='ocrx_word' id='word_1_386' title='bbox 997 2912 1057 2941; x_wconf 79' lang='lat'><strong>¹42</strong></span> <span class='ocrx_word' id='word_1_387' title='bbox 1073 2907 1189 2946; x_wconf 81' lang='lat' dir='ltr'><strong>supra.</strong></span> <span class='ocrx_word' id='word_1_388' title='bbox 1279 2902 1295 2924; x_wconf 84' lang='lat'>³</span> <span class='ocrx_word' id='word_1_389' title='bbox 1316 2903 1480 2945; x_wconf 85' lang='lat' dir='ltr'><strong>Sydereus</strong></span> <span class='ocrx_word' id='word_1_390' title='bbox 1494 2903 1666 2943; x_wconf 85' lang='lat' dir='ltr'><strong>Nuncius,</strong></span> <span class='ocrx_word' id='word_1_391' title='bbox 1685 2915 1723 2937; x_wconf 87' lang='lat' dir='ltr'><strong>or</strong></span> <span class='ocrx_word' id='word_1_392' title='bbox 1738 2904 1795 2937; x_wconf 91' lang='lat' dir='ltr'><strong>the</strong></span> <span class='ocrx_word' id='word_1_393' title='bbox 1812 2903 2062 2937; x_wconf 82' lang='lat' dir='ltr'><strong>Astronomical</strong></span> <span class='ocrx_word' id='word_1_394' title='bbox 2079 2904 2285 2948; x_wconf 86' lang='lat' dir='ltr'><strong>Messenger,</strong></span> 
     </span>
     <span class='ocr_line' id='line_1_41' title="bbox 251 2944 2288 2988; baseline 0.001 -9"><span class='ocrx_word' id='word_1_395' title='bbox 251 2957 322 2979; x_wconf 80' lang='lat' dir='ltr'><strong>was</strong></span> <span class='ocrx_word' id='word_1_396' title='bbox 336 2947 394 2980; x_wconf 89' lang='lat' dir='ltr'><strong>the</strong></span> <span class='ocrx_word' id='word_1_397' title='bbox 409 2946 482 2980; x_wconf 85' lang='lat' dir='ltr'><strong>title</strong></span> <span class='ocrx_word' id='word_1_398' title='bbox 498 2945 534 2978; x_wconf 80' lang='lat' dir='ltr'><strong>of</strong></span> <span class='ocrx_word' id='word_1_399' title='bbox 547 2957 612 2979; x_wconf 91' lang='lat' dir='ltr'><strong>one</strong></span> <span class='ocrx_word' id='word_1_400' title='bbox 628 2945 667 2979; x_wconf 86' lang='lat' dir='ltr'><strong>of</strong></span> <span class='ocrx_word' id='word_1_401' title='bbox 678 2945 840 2979; x_wconf 86' lang='lat' dir='ltr'><strong>Galileo&#39;s</strong></span> <span class='ocrx_word' id='word_1_402' title='bbox 857 2945 1092 2988; x_wconf 86' lang='lat' dir='ltr'><strong>publications.</strong></span> <span class='ocrx_word' id='word_1_403' title='bbox 1264 2944 1279 2966; x_wconf 75' lang='lat'><strong>⁴</strong></span> <span class='ocrx_word' id='word_1_404' title='bbox 1302 2947 1370 2979; x_wconf 89' lang='lat' dir='ltr'><strong>For</strong></span> <span class='ocrx_word' id='word_1_405' title='bbox 1386 2957 1430 2979; x_wconf 89' lang='lat' dir='ltr'><strong>an</strong></span> <span class='ocrx_word' id='word_1_406' title='bbox 1446 2953 1587 2980; x_wconf 85' lang='lat' dir='ltr'><strong>account</strong></span> <span class='ocrx_word' id='word_1_407' title='bbox 1605 2948 1644 2980; x_wconf 92' lang='lat' dir='ltr'><strong>of</strong></span> <span class='ocrx_word' id='word_1_408' title='bbox 1654 2948 1712 2981; x_wconf 90' lang='lat' dir='ltr'><strong>the</strong></span> <span class='ocrx_word' id='word_1_409' title='bbox 1728 2947 2052 2988; x_wconf 88' lang='lat' dir='ltr'><strong>Commemoration,</strong></span> <span class='ocrx_word' id='word_1_410' title='bbox 2072 2959 2127 2981; x_wconf 89' lang='lat' dir='ltr'><strong>see</strong></span> <span class='ocrx_word' id='word_1_411' title='bbox 2142 2948 2288 2986; x_wconf 82' lang='lat' dir='ltr'><strong>Nature,</strong></span> 
     </span>
     <span class='ocr_line' id='line_1_42' title="bbox 252 2989 2290 3034; baseline 0.001 -11"><span class='ocrx_word' id='word_1_412' title='bbox 252 2991 345 3023; x_wconf 85' lang='lat' dir='ltr'><strong>Nov.</strong></span> <span class='ocrx_word' id='word_1_413' title='bbox 365 2990 448 3023; x_wconf 88' lang='lat' dir='ltr'><strong>Dec.</strong></span> <span class='ocrx_word' id='word_1_414' title='bbox 474 2991 569 3033; x_wconf 77' lang='lat'><strong>1892,</strong></span> <span class='ocrx_word' id='word_1_415' title='bbox 586 3000 645 3032; x_wconf 86' lang='lat' dir='ltr'><strong>pp.</strong></span> <span class='ocrx_word' id='word_1_416' title='bbox 659 2991 713 3026; x_wconf 82' lang='lat'><strong>82,</strong></span> <span class='ocrx_word' id='word_1_417' title='bbox 735 2991 806 3027; x_wconf 83' lang='lat'><strong>180,</strong></span> <span class='ocrx_word' id='word_1_418' title='bbox 824 2999 898 3031; x_wconf 81' lang='lat'><strong>207,</strong></span> <span class='ocrx_word' id='word_1_419' title='bbox 919 2989 987 3022; x_wconf 84' lang='lat' dir='ltr'><strong>and</strong></span> <span class='ocrx_word' id='word_1_420' title='bbox 1009 2990 1043 3022; x_wconf 86' lang='lat' dir='ltr'><em>T</em></span> <span class='ocrx_word' id='word_1_421' title='bbox 1037 2990 1077 3022; x_wconf 78' lang='lat' dir='ltr'><strong>he</strong></span> <span class='ocrx_word' id='word_1_422' title='bbox 1093 2990 1227 3027; x_wconf 64' lang='lat' dir='ltr'><strong>Lama,</strong></span> <span class='ocrx_word' id='word_1_423' title='bbox 1247 2998 1285 3032; x_wconf 82' lang='lat'><strong>17</strong></span> <span class='ocrx_word' id='word_1_424' title='bbox 1304 2991 1404 3030; x_wconf 89' lang='lat' dir='ltr'><strong>Dec.‚</strong></span> <span class='ocrx_word' id='word_1_425' title='bbox 1424 3001 1458 3034; x_wconf 89' lang='lat' dir='ltr'><strong>p.</strong></span> <span class='ocrx_word' id='word_1_426' title='bbox 1479 2999 1560 3033; x_wconf 86' lang='lat'>1417</span> <span class='ocrx_word' id='word_1_427' title='bbox 1573 2991 1597 3023; x_wconf 81' lang='lat' dir='ltr'><strong>f.</strong></span> <span class='ocrx_word' id='word_1_428' title='bbox 1765 2991 1781 3013; x_wconf 76' lang='lat'>⁵</span> <span class='ocrx_word' id='word_1_429' title='bbox 1804 2992 1879 3025; x_wconf 91' lang='lat' dir='ltr'><strong>The</strong></span> <span class='ocrx_word' id='word_1_430' title='bbox 1895 2992 2028 3033; x_wconf 85' lang='lat' dir='ltr'><strong>Abbaye</strong></span> <span class='ocrx_word' id='word_1_431' title='bbox 2041 3003 2114 3024; x_wconf 82' lang='lat' dir='ltr'><strong>aux</strong></span> <span class='ocrx_word' id='word_1_432' title='bbox 2129 2993 2290 3026; x_wconf 74' lang='lat' dir='ltr'><strong>Hommes</strong></span> 
     </span>
     <span class='ocr_line' id='line_1_43' title="bbox 252 3031 2284 3079; baseline 0.001 -12"><span class='ocrx_word' id='word_1_433' title='bbox 252 3034 320 3068; x_wconf 67' lang='lat' dir='ltr'><strong>aad</strong></span> <span class='ocrx_word' id='word_1_434' title='bbox 336 3033 394 3067; x_wconf 86' lang='lat' dir='ltr'><strong>the</strong></span> <span class='ocrx_word' id='word_1_435' title='bbox 409 3034 543 3076; x_wconf 83' lang='lat' dir='ltr'><strong>Abbaye</strong></span> <span class='ocrx_word' id='word_1_436' title='bbox 556 3044 627 3066; x_wconf 78' lang='lat' dir='ltr'><strong>aux</strong></span> <span class='ocrx_word' id='word_1_437' title='bbox 643 3034 779 3071; x_wconf 88' lang='lat' dir='ltr'><strong>Dames,</strong></span> <span class='ocrx_word' id='word_1_438' title='bbox 799 3033 904 3066; x_wconf 91' lang='lat' dir='ltr'><strong>Caen.</strong></span> <span class='ocrx_word' id='word_1_439' title='bbox 1019 3031 1034 3054; x_wconf 80' lang='lat'>⁶</span> <span class='ocrx_word' id='word_1_440' title='bbox 1055 3033 1198 3068; x_wconf 85' lang='lat' dir='ltr'><strong>Charter</strong></span> <span class='ocrx_word' id='word_1_441' title='bbox 1212 3035 1355 3077; x_wconf 85' lang='lat' dir='ltr'><strong>granted</strong></span> <span class='ocrx_word' id='word_1_442' title='bbox 1370 3039 1406 3068; x_wconf 91' lang='lat' dir='ltr'><strong>at</strong></span> <span class='ocrx_word' id='word_1_443' title='bbox 1423 3035 1554 3072; x_wconf 70' lang='lat' dir='ltr'><strong>Rouem</strong></span> <span class='ocrx_word' id='word_1_444' title='bbox 1572 3045 1610 3077; x_wconf 83' lang='lat'><strong>3¹</strong></span> <span class='ocrx_word' id='word_1_445' title='bbox 1627 3036 1703 3079; x_wconf 88' lang='lat' dir='ltr'><strong>Jan.</strong></span> <span class='ocrx_word' id='word_1_446' title='bbox 1729 3047 1823 3078; x_wconf 83' lang='lat'><strong>¹43¹·</strong></span> <span class='ocrx_word' id='word_1_447' title='bbox 1956 3034 1970 3055; x_wconf 92' lang='lat'>⁷</span> <span class='ocrx_word' id='word_1_448' title='bbox 1997 3035 2116 3079; x_wconf 80' lang='lat' dir='ltr'><strong>King’s</strong></span> <span class='ocrx_word' id='word_1_449' title='bbox 2132 3036 2284 3078; x_wconf 88' lang='lat' dir='ltr'><strong>College,</strong></span> 
     </span>
     <span class='ocr_line' id='line_1_44' title="bbox 251 3076 2288 3123; baseline 0 -12"><span class='ocrx_word' id='word_1_450' title='bbox 251 3077 400 3111; x_wconf 81' lang='lat' dir='ltr'><strong>founded</strong></span> <span class='ocrx_word' id='word_1_451' title='bbox 421 3087 516 3118; x_wconf 83' lang='lat'>1441.</span> <span class='ocrx_word' id='word_1_452' title='bbox 614 3076 629 3098; x_wconf 85' lang='lat'>⁸</span> <span class='ocrx_word' id='word_1_453' title='bbox 653 3077 827 3120; x_wconf 87' lang='lat' dir='ltr'><strong>Augustus</strong></span> <span class='ocrx_word' id='word_1_454' title='bbox 843 3077 973 3110; x_wconf 89' lang='lat' dir='ltr'><strong>Austen</strong></span> <span class='ocrx_word' id='word_1_455' title='bbox 991 3077 1111 3120; x_wconf 87' lang='lat' dir='ltr'><strong>Leigh,</strong></span> <span class='ocrx_word' id='word_1_456' title='bbox 1128 3078 1224 3112; x_wconf 88' lang='lat' dir='ltr'><strong>M.A.</strong></span> <span class='ocrx_word' id='word_1_457' title='bbox 1331 3076 1347 3099; x_wconf 80' lang='lat'>⁹</span> <span class='ocrx_word' id='word_1_458' title='bbox 1368 3078 1443 3112; x_wconf 90' lang='lat' dir='ltr'><strong>The</strong></span> <span class='ocrx_word' id='word_1_459' title='bbox 1459 3079 1635 3122; x_wconf 88' lang='lat' dir='ltr'><strong>Delegate,</strong></span> <span class='ocrx_word' id='word_1_460' title='bbox 1646 3081 1713 3112; x_wconf 73' lang='lat' dir='ltr'><strong>&#39;Mr</strong></span> <span class='ocrx_word' id='word_1_461' title='bbox 1729 3080 1835 3112; x_wconf 85' lang='lat' dir='ltr'><strong>Oscar</strong></span> <span class='ocrx_word' id='word_1_462' title='bbox 1853 3080 2044 3122; x_wconf 85' lang='lat' dir='ltr'><strong>Browning,</strong></span> <span class='ocrx_word' id='word_1_463' title='bbox 2060 3090 2130 3112; x_wconf 85' lang='lat' dir='ltr'><strong>was</strong></span> <span class='ocrx_word' id='word_1_464' title='bbox 2143 3080 2288 3123; x_wconf 87' lang='lat' dir='ltr'><strong>literally</strong></span> 
     </span>
     <span class='ocr_line' id='line_1_45' title="bbox 250 3120 2288 3167; baseline 0.001 -12"><span class='ocrx_word' id='word_1_465' title='bbox 250 3122 309 3155; x_wconf 87' lang='lat' dir='ltr'><strong>the</strong></span> <span class='ocrx_word' id='word_1_466' title='bbox 325 3121 406 3164; x_wconf 88' lang='lat' dir='ltr'><strong>only</strong></span> <span class='ocrx_word' id='word_1_467' title='bbox 425 3121 556 3165; x_wconf 84' lang='lat' dir='ltr'><strong>Officier</strong></span> <span class='ocrx_word' id='word_1_468' title='bbox 567 3120 781 3154; x_wconf 69' lang='lat' dir='ltr'><strong>d’Academie</strong></span> <span class='ocrx_word' id='word_1_469' title='bbox 796 3125 921 3164; x_wconf 70' lang='lat' dir='ltr'><strong>among</strong></span> <span class='ocrx_word' id='word_1_470' title='bbox 937 3121 994 3154; x_wconf 90' lang='lat' dir='ltr'><strong>the</strong></span> <span class='ocrx_word' id='word_1_471' title='bbox 1002 3127 1224 3164; x_wconf 80' lang='lat' dir='ltr'><strong>praeceptores</strong></span> <span class='ocrx_word' id='word_1_472' title='bbox 1237 3121 1276 3155; x_wconf 82' lang='lat' dir='ltr'><strong>of</strong></span> <span class='ocrx_word' id='word_1_473' title='bbox 1287 3122 1345 3155; x_wconf 85' lang='lat' dir='ltr'><strong>the</strong></span> <span class='ocrx_word' id='word_1_474' title='bbox 1363 3122 1567 3166; x_wconf 82' lang='lat' dir='ltr'><strong>University‚</strong></span> <span class='ocrx_word' id='word_1_475' title='bbox 1579 3123 1638 3156; x_wconf 90' lang='lat' dir='ltr'><strong>but</strong></span> <span class='ocrx_word' id='word_1_476' title='bbox 1655 3124 1681 3157; x_wconf 87' lang='lat' dir='ltr'><strong>it</strong></span> <span class='ocrx_word' id='word_1_477' title='bbox 1697 3123 1802 3167; x_wconf 87' lang='lat' dir='ltr'><strong>ought</strong></span> <span class='ocrx_word' id='word_1_478' title='bbox 1812 3129 1848 3156; x_wconf 88' lang='lat' dir='ltr'><strong>to</strong></span> <span class='ocrx_word' id='word_1_479' title='bbox 1861 3123 1948 3157; x_wconf 86' lang='lat' dir='ltr'><strong>have</strong></span> <span class='ocrx_word' id='word_1_480' title='bbox 1960 3123 2046 3157; x_wconf 88' lang='lat' dir='ltr'><strong>been</strong></span> <span class='ocrx_word' id='word_1_481' title='bbox 2058 3124 2288 3158; x_wconf 84' lang='lat' dir='ltr'><strong>remembered</strong></span> 
     </span>
     <span class='ocr_line' id='line_1_46' title="bbox 247 3164 1522 3209; baseline -0.001 -10"><span class='ocrx_word' id='word_1_482' title='bbox 247 3166 321 3199; x_wconf 84' lang='lat' dir='ltr'><strong>that</strong></span> <span class='ocrx_word' id='word_1_483' title='bbox 338 3165 395 3199; x_wconf 90' lang='lat' dir='ltr'><strong>the</strong></span> <span class='ocrx_word' id='word_1_484' title='bbox 410 3175 502 3199; x_wconf 88' lang='lat' dir='ltr'><strong>same</strong></span> <span class='ocrx_word' id='word_1_485' title='bbox 517 3165 715 3198; x_wconf 87' lang='lat' dir='ltr'><strong>distinction</strong></span> <span class='ocrx_word' id='word_1_486' title='bbox 731 3164 800 3198; x_wconf 88' lang='lat' dir='ltr'><strong>had</strong></span> <span class='ocrx_word' id='word_1_487' title='bbox 816 3165 904 3198; x_wconf 89' lang='lat' dir='ltr'><strong>been</strong></span> <span class='ocrx_word' id='word_1_488' title='bbox 918 3165 1093 3200; x_wconf 76' lang='lat' dir='ltr'><strong>conferred</strong></span> <span class='ocrx_word' id='word_1_489' title='bbox 1108 3176 1154 3200; x_wconf 90' lang='lat' dir='ltr'><strong>on</strong></span> <span class='ocrx_word' id='word_1_490' title='bbox 1170 3166 1227 3200; x_wconf 86' lang='lat' dir='ltr'><strong>Mr</strong></span> <span class='ocrx_word' id='word_1_491' title='bbox 1243 3166 1368 3209; x_wconf 87' lang='lat' dir='ltr'><strong>Sedley</strong></span> <span class='ocrx_word' id='word_1_492' title='bbox 1385 3166 1522 3209; x_wconf 85' lang='lat' dir='ltr'><strong>Taylor.</strong></span> 
     </span>
    </p>
   </div>
   <div class='ocr_carea' id='block_1_7' title="bbox 1231 3239 1307 3278">
    <p class='ocr_par' dir='ltr' id='par_1_11' title="bbox 1231 3239 1307 3278">
     <span class='ocr_line' id='line_1_47' title="bbox 1231 3239 1307 3278; baseline 0.013 -1"><span class='ocrx_word' id='word_1_493' title='bbox 1231 3239 1307 3278; x_wconf 88' lang='lat'><strong>24⁷</strong></span> 
     </span>
    </p>
   </div>
  </div>
 </body>
</html>
