2704 3770
740 303 791 352 T
784 302 844 352 lte
879 302 1044 367 szglzt
1076 299 1405 350 Honourable
1429 299 1573 366 John
1607 298 1824 364 Morley.

259 455 424 495 easdem
461 467 533 506 per
570 454 653 494 vias
690 455 868 495 eundem
905 454 959 494 ad
997 453 1122 494 finem
1160 452 1375 492 nobiscum
1413 449 1700 502 progredimini
1713 463 1725 499 3
1765 462 2010 500 quamquam
2047 450 2125 490 alia
2161 450 2292 490 sidera

259 515 472 568 suspicitis,
495 517 609 556 eaelo
638 523 793 556 mutato
820 514 1002 556 animum
1031 528 1114 555 non
1143 512 1378 555 mutavistis.
1437 512 1549 553 Orbe
1577 518 1664 551 toto
1692 524 1716 550 a
1745 510 1862 550 nobis
1891 510 2017 559 divisi,
2043 518 2178 552 tamen
2207 524 2290 551 non

260 579 387 619 modo
405 577 448 618 in
467 591 568 630 pace
588 579 660 618 sed
680 577 802 618 etiam
821 576 864 617 in
882 577 1002 626 bello,
1025 590 1109 617 non
1128 575 1279 628 patriae
1298 581 1456 615 tantum
1479 574 1551 614 sed
1575 571 1730 624 imperii
1754 571 1974 612 Britannici
1998 572 2119 613 totius
2141 586 2288 622 amore,

259 639 474 682 nobiscum
499 640 595 682 estis
621 639 839 681 coniuncti.
899 641 987 680 Nos
1013 647 1132 688 certe,
1158 640 1280 680 etiam
1310 637 1535 679 studiorum
1561 635 1839 677 communium
1866 635 2035 676 vinculis
2060 635 2174 676 vobis
2200 650 2293 677 con-

258 703 411 754 sociati,
433 704 606 745 libenter
625 705 893 753 recordamur,
914 702 1088 755 primum
1112 716 1239 743 unum
1263 716 1286 742 e
1309 699 1568 743 Cancellariis
1591 699 1741 748 vestris,
1763 699 1939 741 iudicem
1962 699 2290 752 integerrimum¹,

258 767 408 810 deinde
440 782 567 809 unum
601 782 624 809 e
658 767 918 809 Senatoribus
951 766 1103 816 vestris,
1138 765 1364 806 Australiae
1397 764 1439 805 in
1471 763 1688 817 provinciis
1721 777 1849 815 nuper
1882 762 2047 804 feliciter
2079 762 2291 803 foederatis

258 829 387 871 virum
414 831 646 884 primarium
675 830 971 879 constitutumss,
1003 829 1181 871 doctoris
1210 829 1328 870 titulo
1355 842 1379 868 a
1412 828 1531 869 nobis
1562 841 1691 880 nuper
1718 834 1903 867 ornatum
1933 826 2054 867 fuisse
2067 841 2079 876 ;
2116 826 2292 878 denique

260 893 535 934 Professorum
555 901 777 934 vestrorum
797 892 838 932 in
862 892 1005 933 ordine
1027 891 1148 932 etiam
1173 905 1293 941 nunc,
1315 898 1360 931 ut
1383 890 1494 939 olim,
1514 891 1700 930 alumnos
1723 896 1882 929 nostros
1905 891 2131 941 complures
2155 902 2292 928 nume-

257 955 363 997 rari'.
422 957 529 1008 Ergo
562 957 750 996 ludorum
782 962 1002 995 vestrorum
1033 954 1296 995 saecularium
1328 954 1369 994 in
1401 953 1574 994 sollenni
1602 953 1669 994 die
1702 954 1779 993 hae
1811 952 1965 993 litterae
1997 953 2051 993 ad
2081 965 2151 992 vos
2182 959 2290 991 trans

258 1017 383 1059 maria
404 1020 580 1071 perlatae
605 1025 788 1058 nostrum
817 1017 1002 1058 omnium
1029 1017 1355 1058 benevolentiam
1385 1018 1649 1058 testabuntur.
1707 1019 1794 1057 Nos
1821 1017 1980 1057 interim
2006 1016 2114 1057 urbis
2140 1023 2290 1056 vestrae

257 1088 419 1134 portum
444 1081 769 1134 pulcherrimum,
798 1088 838 1121 et
865 1081 1147 1122 Universitatis
1171 1089 1324 1122 vestrae
1349 1081 1534 1121 aedificia
1562 1081 1651 1121 urbi
1677 1081 1946 1133 superaddita,
1978 1080 2123 1121 mentis
2149 1082 2290 1120 saltem

255 1143 384 1186 oculis
405 1158 429 1186 e
448 1146 671 1198 longinquo
690 1144 1066 1197 contemplabimur,
1088 1144 1271 1196 caelique
1291 1143 1417 1184 nostri
1437 1144 1513 1184 sub
1532 1151 1754 1184 auctumno
1774 1144 1889 1184 vobis
1909 1143 2110 1192 omnibus,
2132 1142 2228 1183 anni
2247 1142 2288 1182 in

255 1212 437 1260 tempore
465 1221 588 1249 verno
615 1206 920 1255 exsultantibus,
950 1214 991 1247 et
1020 1206 1282 1248 Universitati
1310 1213 1476 1252 vestrae,
1504 1205 1646 1247 aetatis
1677 1219 1773 1247 suae
1806 1206 1846 1246 in
1881 1206 1969 1259 ipso
2000 1220 2091 1247 vere
2119 1205 2288 1255 florenti,

255 1268 394 1312 omnia
420 1282 611 1323 prospera
638 1269 760 1311 etiam
789 1269 831 1310 in
860 1276 1067 1322 posterum
1096 1269 1389 1322 exoptabimus.
1447 1270 1601 1309 Valete.

363 1360 522 1409 Datum
546 1360 825 1411 Cantabrr'giae

472 1415 604 1455 Nonis
622 1415 756 1454 Iuniis

583 1470 636 1510 A.
658 1469 701 1510 S.
723 1469 886 1510 ucmr‘.

995 1632 1087 1671 Viro
1114 1632 1320 1671 admodum
1348 1633 1574 1673 honorabnli

1026 1711 1231 1754 ΙΟΑΝΝΙ
1272 1711 1523 1753 monn-:Y

564 1793 696 1843 Regni
718 1793 837 1832 totius
865 1792 1117 1832 Senatoribus
1143 1796 1180 1830 et
1204 1792 1323 1842 Regis
1351 1792 1475 1843 zpsius
1509 1791 1757 1832 Consilt'aritk
1783 1794 1974 1845 adscrzpto

603 1866 645 1906 S.
666 1866 713 1905 P.
735 1866 792 1905 D.
824 1865 1090 1905 cancellarius
1118 1864 1360 1915 reliquusque
1389 1864 1556 1905 Senatus
1589 1865 1933 1916 Cantabrtgzknsis.

362 1956 478 2012 (567)
516 1958 709 1998 GRA'rlAs
747 1956 821 1998 tibi
859 1956 1062 2006 maximas,
1098 1955 1157 1996 vir
1194 1956 1415 1998 litterarum
1451 1958 1572 1998 laude
1610 1957 1884 2008 illustrissime,
1917 1958 2041 2000 hodie
2077 1967 2288 2013 propterea

252 2019 425 2068 libenter
451 2019 618 2073 agimus,
641 2021 753 2072 quod
781 2019 974 2060 librorum
1003 2018 1306 2060 multitudinem
1335 2019 1541 2072 ingentem
1570 2033 1594 2060 a
1622 2019 1707 2060 viro
1735 2020 2034 2061 liberalissimo¹⁵
2060 2021 2132 2062 tibi
2161 2037 2288 2075 nuper

252 2083 458 2133 donatam,
479 2082 566 2136 ipse
585 2082 822 2124 liberalitate
842 2095 924 2122 non
946 2081 1101 2122 minore
1122 2081 1385 2124 Universitati
1404 2089 1564 2122 nostrae
1587 2082 1815 2134 nuperrime
1838 2084 1949 2124 dono
1972 2084 2130 2124 dedisti.
2190 2087 2286 2126 Non

252 2145 400 2188 nostris
418 2145 585 2198 quidem
604 2146 646 2187 in
666 2145 913 2187 umbraculis
932 2147 1138 2195 educatus,
1161 2145 1265 2186 inter
1283 2147 1471 2187 doctores
1490 2153 1627 2187 autem
1647 2154 1805 2187 nostros
1825 2147 1974 2188 abhinc
1993 2161 2122 2189 annos
2144 2150 2287 2190 decem

251 2207 417 2250 honoris
435 2221 558 2249 causa
575 2208 784 2258 adscitus⁶,
801 2222 886 2249 non
906 2208 1080 2248 alumnis
1100 2215 1257 2249 tantum
1274 2208 1419 2249 nostris
1440 2210 1512 2250 sed
1531 2209 1652 2250 etiam
1672 2209 1759 2250 aliis
1779 2210 1969 2250 omnibus
1989 2211 2288 2254 munificentiae

251 2271 483 2324 exemplum
502 2271 659 2324 insigne
678 2270 909 2323 praebuisti.
969 2270 1221 2311 Beneficium
1240 2278 1377 2311 autern
1397 2279 1554 2312 tantum
1575 2285 1599 2311 a
1622 2279 1662 2312 te
1686 2271 1727 2311 in
1752 2285 1826 2312 nos
1850 2274 2041 2314 collatum
2065 2288 2115 2315 eo
2139 2275 2287 2327 gratius

251 2333 372 2375 nobis
390 2333 608 2386 contigisse
627 2335 879 2383 confitemur,
902 2335 1014 2386 quod
1034 2333 1123 2373 libri
1146 2333 1213 2382 illi,
1235 2336 1325 2385 plus
1345 2348 1467 2386 quam
1488 2335 1692 2387 sexaginta
1711 2336 1866 2376 milium
1886 2338 1938 2378 ad
1959 2352 2183 2390 numerum,
2204 2353 2229 2379 a
2248 2348 2288 2381 te

251 2395 370 2437 nobis
398 2395 551 2446 donati,
580 2396 633 2436 ab
662 2395 853 2437 historiae
881 2395 1113 2436 recentioris
1140 2398 1371 2437 Professore
1400 2405 1538 2438 nostro
1569 2398 1851 2447 eruditissimo,
1884 2413 2005 2451 quem
2034 2410 2286 2452 praesentem

249 2457 437 2501 admirati
468 2459 681 2500 absentem
711 2458 1017 2508 desideramus⁷‚
1049 2472 1192 2499 omnes
1226 2458 1376 2500 idcirco
1407 2467 1520 2500 erant
1554 2460 1735 2511 undique
1761 2462 1989 2514 conquisiti,
2020 2471 2064 2504 ut
2094 2464 2287 2507 libertatis

249 2520 482 2575 praesertim
520 2519 709 2561 historiae
753 2519 961 2561 universae
1003 2522 1243 2561 condendae
1285 2520 1531 2561 inservirent.
1591 2523 1831 2563 Professoris
1876 2537 1969 2565 vero
2013 2532 2096 2565 tam
2140 2527 2287 2569 eruditi

250 2584 436 2626 doctrina
468 2584 676 2634 immensa,
708 2584 902 2625 librorum
933 2597 956 2625 e
984 2591 1044 2625 tot
1073 2584 1235 2625 milibus
1265 2586 1418 2634 hausta,
1450 2585 1570 2625 etiam
1600 2585 1642 2625 in
1671 2593 1877 2637 posterum
1906 2601 1977 2640 per
2004 2596 2065 2629 tot
2093 2590 2216 2631 libros
2244 2591 2286 2632 in

249 2661 378 2690 unum
401 2661 560 2701 semper
585 2647 826 2688 coniunctos
849 2647 999 2700 passim
1025 2647 1182 2697 diffusa,
1203 2647 1328 2688 animi
1354 2648 1537 2700 generosi
1561 2650 1669 2689 velut
1695 2650 1854 2702 spiritus
1881 2651 2047 2704 quidam
2074 2667 2221 2706 magno
2244 2655 2286 2695 in

249 2723 418 2764 corpore
436 2710 628 2761 inclusus,
650 2723 722 2763 per
739 2723 870 2750 annos
895 2710 1089 2762 plurimos
1115 2717 1316 2762 superstes
1339 2710 1455 2751 vivet.
1514 2711 1634 2752 Vivet
1657 2725 1750 2752 cum
1780 2713 2034 2755 Bibliotheca
2058 2717 2287 2758 Actoniana

248 2773 416 2815 feliciter
434 2774 667 2815 consociata
686 2773 808 2815 etiam
828 2773 886 2814 tui
906 2773 1043 2826 ipsius,
1064 2773 1122 2814 vir
1141 2773 1182 2813 in
1204 2787 1278 2815 nos
1297 2773 1586 2824 liberalissime,
1608 2776 1813 2824 memoria,
1836 2777 1906 2829 qui
1925 2777 1966 2818 in
1987 2792 2153 2820 munere
2172 2787 2286 2821 tanto

249 2836 511 2879 Universitati
537 2836 793 2890 potissimum
819 2836 861 2876 in
886 2843 1126 2889 perpetuum
1152 2837 1363 2885 tradendo,
1385 2837 1492 2877 velut
1518 2838 1616 2878 alter
1643 2838 1807 2888 Plinius,
1836 2839 2020 2892 ‘privatis
2048 2841 2286 2884 utilitatibus

246 2898 441 2951 publicas,
480 2899 716 2941 mortalibus
753 2906 936 2939 aeternas
973 2899 1191 2939 anteferre’
1229 2898 1421 2939 voluisti⁸.
1491 2900 1588 2940 Non
1626 2913 1698 2952 per
1735 2902 1926 2954 temporis
1964 2902 2046 2943 cito
2084 2904 2285 2945 transituri

336 3006 349 3029 ¹
372 3009 441 3042 No.
465 3019 526 3053 119
540 3015 654 3053 supra.
843 3007 856 3027 ²
881 3008 950 3040 No.
968 3018 1032 3050 324
1047 3012 1161 3049 supra.
1342 3005 1357 3027 ⁸
1380 3006 1567 3040 Professors
1584 3008 1738 3040 Badham
1756 3008 1803 3051 (d.
1825 3009 1933 3052 1884),
1952 3011 2159 3055 Liversidge‚
2179 3014 2221 3046 Τ.
2239 3015 2280 3048 Τ.

249 3051 398 3096 Guruey,
418 3058 482 3087 etc.
629 3052 643 3074 ⁴
664 3052 740 3086 The
756 3052 922 3095 Delegate
937 3062 1006 3084 was
1022 3052 1063 3084 T.
1082 3051 1126 3084 G.
1143 3050 1289 3088 Tucker,
1307 3050 1452 3088 Litt.D..
1470 3052 1537 3084 late
1554 3051 1683 3084 Fellow
1699 3052 1738 3085 of
1750 3053 1790 3087 St
1802 3054 1924 3096 John's
1940 3055 2093 3098 College,
2114 3057 2286 3091 Professor

248 3095 287 3130 of
305 3096 467 3130 Classical
484 3097 663 3140 Philology
679 3097 714 3130 in
731 3097 788 3129 the
806 3096 1002 3138 University
1017 3095 1056 3128 of
1077 3095 1286 3127 Melbourne.
1447 3093 1462 3114 ⁶
1485 3095 1632 3128 Andrew
1649 3096 1823 3140 Carnegie.
1963 3096 1978 3118 ⁰
2000 3099 2070 3132 No.
2091 3110 2152 3144 ¹94
2167 3107 2284 3145 supra.

248 3138 263 3161 ⁷
285 3140 378 3174 Lord
397 3141 520 3181 Acton,
542 3141 669 3184 Regius
686 3140 858 3173 Professor
873 3139 912 3172 of
925 3139 1070 3172 Modern
1089 3138 1242 3181 History,
1266 3139 1492 3182 1895—1902.
1625 3138 1640 3160 ⁸
1664 3141 1774 3184 Pliny,
1792 3142 1882 3185 Epp.
1900 3142 1945 3175 vii
1966 3144 2017 3182 18,
2037 3154 2066 3185 5.

1231 3224 1307 3263 259
2040 3230 2171 3268 33—-2
