2704 3770
875 355 969 406 Sz'r
1000 356 1186 407 Robert
1218 356 1356 407 Ball.
1436 357 1488 407 T
1480 358 1661 409 heodor
1691 359 1746 409 A
1752 361 1960 425 ufreclct.

417 497 536 537 etiam
566 498 733 539 aliorum
756 502 885 541 famae
911 516 993 542 non
1024 504 1147 543 modo
1173 511 1309 543 nostro
1337 503 1378 543 in
1407 506 1566 544 saeculo
1595 506 1666 545 sed
1693 508 1802 558 apud
1829 515 2009 558 posteros
2037 521 2198 561 quoque
2226 509 2425 562 providus.

417 561 509 601 Sive
530 561 651 601 vitam
678 571 853 603 nostram
876 565 1126 606 umbratilem
1154 566 1342 618 depingit,
1364 566 1446 607 sive
1475 568 1638 619 Alpium
1665 569 1839 610 culmina
1858 570 1934 611 sibi
1956 573 2160 623 quondam
2186 585 2270 612 non
2292 572 2428 624 ignota

417 623 619 673 describit,
638 624 720 665 sive
740 626 856 666 horas
876 626 978 667 inter
996 628 1117 668 libros
1137 629 1308 669 suaviter
1326 637 1505 681 peractas
1528 631 1695 682 respicit,
1719 632 1800 673 sive
1826 634 1972 674 saeculi
1997 635 2136 686 prioris
2159 643 2199 675 et
2223 635 2427 675 historiam

417 693 456 726 et
475 686 770 738 philosophiam
790 695 829 728 et
848 688 1064 729 litterarum
1084 691 1235 730 lumina
1255 699 1444 741 recenset,
1461 691 1543 732 sive
1558 693 1677 732 etiam
1692 694 1868 745 graviora
1882 695 1984 736 inter
1997 704 2227 748 argumenta
2242 703 2426 747 versatur,

416 749 566 801 ubique
585 749 817 802 scriptorem
838 751 1006 801 facilem,
1028 754 1212 802 facetum,
1235 754 1411 803 doctum,
1427 754 1629 805 disertum,
1646 757 1927 808 agnoscimus1.
1987 759 2096 809 Quid
2109 759 2239 799 dicam
2256 761 2307 800 de
2325 759 2427 800 libro

416 824 536 862 quern
571 811 807 852 Professoris
837 820 877 852 et
902 814 1102 854 Senatoris
1132 814 1291 854 illustris
1323 815 1426 855 vitae
1457 818 1675 857 narrandae
1705 818 1914 868 dedicavit,
1946 820 2014 871 qui
2044 820 2123 860 diei
2148 821 2237 861 luce
2265 821 2426 861 orbatus

415 873 564 925 ingenii
584 874 646 914 sui
664 876 800 915 lumen
821 876 969 927 patriae
985 877 1148 917 donavit
1161 879 1197 917 ΡΞ
1224 878 1322 929 quid
1342 878 1517 930 denique
1536 881 1587 919 de
1607 880 1801 922 immensa
1822 882 2069 922 voluminum
2086 883 2195 932 serie,
2209 883 2251 923 in
2270 897 2350 935 qua
2368 890 2428 923 tot

414 935 629 987 insignium
648 937 898 988 popularium
920 946 1146 979 nostrorum
1165 939 1268 980 vitae
1288 948 1326 980 et
1347 943 1506 981 saeculo
1527 949 1662 981 nostro
1685 949 1725 982 et
1747 943 1964 994 posteritati
1991 957 2100 984 serae
2125 946 2428 996 cognoscendae

414 999 622 1038 traduntur
634 999 671 1038 Ρ3
726 999 839 1049 Opus
872 999 971 1039 illud
1000 999 1140 1052 ingens
1174 1001 1337 1041 feliciter
1370 1001 1602 1042 incohatum
1635 1003 1784 1043 utinam
1815 1006 1868 1045 ad
1900 1005 2047 1045 exitum
2082 1020 2314 1058 prosperum
2345 1007 2426 1047 cito

415 1061 652 1110 perductum
672 1060 828 1100 videat!
886 1061 1051 1101 Interim
1071 1062 1140 1113 qui
1159 1062 1326 1103 aliorum
1346 1065 1475 1104 famae
1494 1072 1574 1104 tam
1596 1065 1749 1116 egregie
1769 1066 1952 1115 consulit,
1973 1067 2058 1118 ipse
2077 1070 2210 1107 locum
2230 1068 2425 1121 insignem

414 1123 516 1163 inter
548 1136 616 1162 eos
650 1130 709 1163 est
739 1125 919 1176 adeptus,
951 1125 1019 1176 qui
1049 1127 1207 1166 saecula
1237 1127 1445 1178 praeterita
1478 1127 1594 1167 nobis
1627 1129 1849 1179 praesentia
1879 1131 2062 1178 reddunt,
2098 1130 2246 1182 quique
2279 1131 2427 1172 saeculi

413 1184 631 1236 praesentis
660 1186 812 1224 lumina
840 1186 1060 1237 posteritati
1088 1189 1386 1237 commendant,
1420 1192 1480 1229 ‘et
1508 1189 1622 1240 quasi
1650 1203 1827 1230 cursores
1856 1191 1948 1231 vitai
1976 1193 2162 1243 lampada
2190 1194 2350 1233 tradunt
2363 1193 2401 1232 '⁴.

524 1247 642 1286 Duco
661 1247 714 1286 ad
733 1260 805 1286 vos
826 1248 981 1287 LEsmE
1001 1250 1213 1288 STEPHEN.

1244 1455 1271 1500 8
1309 1453 1422 1501 Dec.
1471 1470 1487 1500 1
1499 1455 1593 1514 892

522 1568 635 1621 (204)
665 1570 819 1609 NUPER
845 1571 1012 1609 alterum
1038 1583 1085 1609 ex
1110 1570 1391 1610 Astronomiae
1419 1571 1706 1622 professoribus
1729 1572 1872 1612 nostris
1899 1573 2064 1613 Galilaei
2090 1573 2131 1613 in
2154 1575 2348 1616 honorem
2373 1577 2426 1617 ad

415 1630 725 1671 Universitatem
764 1631 996 1671 Patavinam
1034 1633 1207 1683 legatum
1247 1631 1455 1672 misimus⁶.
1514 1633 1652 1673 Hodie
1684 1635 1851 1674 alterum
1885 1648 1932 1674 ex
1969 1634 2120 1675 eisdem
2158 1637 2198 1675 in
2236 1638 2426 1678 Senatum

414 1700 594 1732 nostrum
629 1693 792 1733 honoris
818 1707 937 1733 causa
969 1693 1138 1734 libenter
1170 1702 1416 1745 cooptamus.
1477 1696 1576 1734 Fato
1606 1703 1739 1735 autem
1774 1695 1970 1747 singulari,
1998 1710 2105 1736 anno
2130 1697 2172 1736 in
2201 1700 2356 1748 eodem,
2387 1706 2428 1740 et

416 1756 582 1796 Galilaei
601 1756 765 1807 gloriam
786 1765 825 1797 et
844 1757 1088 1798 Academiae
1110 1757 1368 1797 Dublinensis
1388 1759 1534 1797 famam
1559 1758 1663 1798 ludis
1690 1759 1955 1799 saecularibus
1978 1760 2215 1800 celebratam
2242 1761 2424 1802 vidimus.

416 1818 522 1869 Ergo
551 1819 629 1858 hoe
657 1819 887 1870 praesertim
916 1819 992 1868 die,
1021 1832 1102 1870 quo
1131 1821 1269 1871 procul
1297 1819 1338 1858 in
1368 1819 1484 1859 Italia
1512 1819 1595 1859 ludi
1623 1820 1690 1869 illi,
1717 1821 1935 1860 astronomi
1963 1821 2096 1872 magni
2124 1821 2165 1861 in
2194 1823 2427 1863 memoriam

413 1879 564 1928 indicti,
599 1879 685 1919 sine
718 1880 843 1920 dubio
876 1882 928 1921 ad
960 1882 1081 1921 finem
1115 1881 1270 1921 felicem
1303 1882 1586 1932 perducuntur,
1621 1882 1842 1922 adsciscere
1874 1883 1991 1922 nobis
2022 1892 2335 1924 consentaneum
2368 1893 2428 1926 est

414 1942 658 1982 Academiae
677 1942 936 1983 Dublinensis
950 1951 1225 1983 astronomum
1244 1943 1452 1995 insignem,
1466 1958 1593 1996 nuper
1606 1944 1723 1984 nobis
1739 1946 1918 1997 Neptuni
1932 1946 2147 1986 inventoris
2162 1948 2426 1988 celeberrimi⁸

414 2004 456 2043 in
494 2006 585 2045 loco
622 2007 885 2057 professorem
924 2008 1074 2046 datum.
1134 2009 1437 2058 Praeceptorem
1474 2006 1600 2058 igitur,
1640 2021 1723 2047 non
1760 2008 1951 2059 pueritiae
1987 2016 2153 2057 tantum,
2193 2011 2265 2050 sed
2306 2011 2426 2052 etiam

412 2067 625 2107 iuventutis
637 2076 677 2108 et
690 2068 829 2108 aetatis
845 2076 1021 2109 maturae
1033 2069 1200 2121 ingeniis
1213 2069 1376 2109 feliciter
1388 2069 1615 2109 erudiendis
1627 2070 1888 2121 aptissimum,
1905 2071 2040 2111 animo
2059 2079 2170 2122 grato
2189 2072 2419 2124 accipimus.

418 2131 541 2180 Quod
561 2131 593 2170 si
613 2140 914 2183 praeceptorum
934 2139 1159 2172 nostrorum
1179 2132 1220 2171 in
1241 2131 1380 2172 ordine
1399 2131 1466 2171 alii
1485 2134 1546 2184 (ut
1565 2133 1737 2183 videtur)
1759 2133 1957 2181 Mercurii,
1977 2133 2043 2173 alii
2067 2133 2173 2173 Iovis
2199 2135 2274 2175 sub
2298 2135 2427 2176 sidere

417 2192 500 2231 nati
522 2200 624 2240 sunt,
648 2193 773 2232 virum
800 2195 907 2233 hunc
933 2201 1048 2241 certe,
1071 2201 1110 2233 et
1136 2193 1363 2245 eloquentia
1385 2201 1569 2245 prompta
1588 2201 1627 2233 et
1650 2194 1784 2234 animo
1809 2208 2000 2246 perquam
2019 2195 2163 2247 geniali
2188 2197 2424 2248 praeditum,

417 2253 544 2293 sidere
582 2254 657 2293 sub
694 2261 862 2306 utroque
900 2262 1039 2295 natum
1076 2255 1196 2295 fuisse
1232 2254 1480 2295 crediderim.
1540 2255 1652 2295 Caeli
1688 2269 1781 2295 vero
1819 2257 1919 2295 inter
1952 2256 2091 2306 sidera,
2128 2266 2281 2309 praeter
2318 2258 2426 2298 Iovis

417 2315 603 2355 satellites
630 2315 725 2354 olim
744 2329 768 2355 a
787 2316 966 2356 Galilaeo
992 2316 1079 2368 ipso
1105 2317 1276 2368 primum
1296 2317 1536 2365 observatos,
1558 2330 1685 2368 nuper
1707 2319 1862 2357 satelles
1886 2318 2048 2369 quintus
2073 2319 2183 2359 terris
2202 2320 2425 2372 apparuit⁷:

416 2377 457 2416 in
481 2379 625 2418 eodem
651 2386 784 2418 autem
807 2391 914 2418 anno
940 2378 1065 2431 (iuvat
1087 2379 1299 2431 recordari)
1319 2379 1421 2419 inter
1449 2386 1509 2419 tot
1534 2380 1684 2419 lumina
1706 2380 1961 2429 Academiae,
1992 2383 2099 2422 velut
2128 2382 2235 2422 orbis
2263 2382 2427 2435 quidam

419 2439 608 2487 caelestis,
633 2440 740 2480 Iovis
759 2441 915 2480 satelles
934 2454 1062 2480 novus
1082 2440 1201 2480 etiam
1221 2441 1338 2481 nobis
1357 2442 1513 2481 affulsit.

528 2504 645 2542 Duco
676 2504 727 2543 ad
760 2516 831 2542 vos
860 2510 899 2543 et
928 2503 1134 2543 Societatis
1169 2503 1319 2555 Regiae
1351 2511 1391 2544 et
1426 2504 1593 2556 Collegii
1626 2505 1787 2557 Regalis
1818 2505 1984 2556 socium,
2013 2507 2188 2559 equitem
2217 2507 2427 2560 insignem,

421 2565 662 2604 ROBERTUM
692 2566 893 2604 STAwELL
922 2566 1047 2605 ΒΑΜ..

1214 2713 1238 2744 2
1277 2697 1466 2746 March
1508 2714 1524 2744 1
1536 2700 1631 2759 893

529 2811 642 2863 (205)
664 2813 796 2862 QUAM
811 2812 981 2852 libenter
995 2814 1212 2853 salutamus
1227 2813 1348 2853 hodie
1367 2814 1611 2854 Academiae
1631 2814 1897 2854 Berolinensis
1915 2816 2121 2855 alumnum
2136 2815 2401 2856 venerabilem
2416 2831 2428 2866 3

417 2873 575 2925 linguae
587 2875 860 2924 Sanskriticae,
875 2876 1047 2927 primum
1068 2876 1311 2917 Caledoniae
1332 2884 1489 2916 nostrae
1508 2876 1550 2916 in
1569 2877 1749 2925 Athenis,
1771 2877 1918 2918 deinde
1937 2878 2110 2919 fluminis
2130 2879 2265 2919 Rheni
2284 2879 2325 2918 in
2345 2879 2429 2931 ripa

419 2936 521 2976 inter
544 2938 778 2977 Bonnenses
805 2939 1098 2988 Professorem3
1130 2938 1256 2978 virum
1281 2939 1376 2978 olim
1402 2940 1453 2979 de
1477 2939 1615 2979 Italiae
1637 2939 1824 2991 antiquae
1844 2940 2051 2990 dialectis⁸,
2074 2949 2213 2993 postea
2231 2942 2351 2982 etiam
2376 2943 2428 2982 de

507 3029 519 3050 ¹
542 3032 687 3064 Sketches
701 3032 742 3074 of
757 3033 970 3075 Cambridge3
1000 3034 1066 3066 lee
1086 3035 1186 3076 Play-
1193 3034 1335 3066 Ground
1344 3034 1385 3075 of
1398 3035 1553 3076 Europe;
1577 3036 1693 3067 Hours
1708 3036 1748 3068 in
1763 3046 1784 3067 a
1800 3036 1963 3079 Librazm
1989 3037 2133 3079 English
2154 3038 2189 3069 T
2183 3038 2307 3080 bought
2320 3038 2359 3069 in
2373 3037 2428 3069 the

424 3074 499 3106 18tlz
514 3079 650 3116 century
662 3085 670 3112 ;
683 3076 849 3117 Johnson,
867 3077 964 3118 Pope‚
980 3078 1053 3108 and
1064 3077 1187 3118 Swift;
1215 3078 1283 3110 The
1297 3078 1429 3109 Science
1442 3077 1484 3120 qf
1497 3078 1613 3110 Ethics
1628 3082 1691 3111 etc.
1952 3078 1967 3099 2
1988 3081 2065 3122 sze
2079 3081 2121 3123 of
2133 3081 2254 3123 Henry
2268 3082 2421 3113 Fawcett.

418 3115 432 3137 ⁸
453 3117 653 3159 Dictionary
666 3117 880 3159 quational
892 3121 1095 3162 Biograplzy.
1226 3119 1240 3139 ⁴
1263 3121 1445 3160 Lucretius,
1465 3121 1488 3152 ii
1506 3130 1557 3164 79.
1706 3121 1719 3141 ⁶
1742 3122 1783 3155 G.
1805 3123 1852 3154 H.
1872 3123 2019 3155 Darwin.
2152 3122 2166 3144 ⁶
2184 3125 2217 3166 J.
2237 3124 2277 3157 C.
2294 3124 2425 3156 Adams

421 3159 490 3202 (uo.
510 3170 567 3201 142
585 3165 712 3203 supra).
843 3162 857 3184 ⁷
880 3173 901 3205 9
919 3164 1010 3205 Sept.
1034 3165 1126 3206 189²·
1251 3162 1264 3183 ⁸
1286 3165 1354 3196 Die
1375 3165 1586 3198 Umbrisclzen
1602 3166 1919 3207 Spraclzdenkma'ler
1932 3167 2027 3206 (with
2044 3166 2247 3209 Kirchhoff),
2267 3168 2390 3210 1849—5
2398 3178 2426 3200 1.

1380 3248 1452 3274 102
