2704 3770
659 381 663 386 .
696 339 755 406 J.
799 338 852 388 C.
889 337 1062 388 Leeke.
1136 339 1189 389 C.
1216 339 1274 406 J.
1313 339 1602 405 Ridgeway.
1671 339 1742 389 A.
1780 340 1854 389 N.
1902 339 2124 417 Thomas.

527 483 644 521 Duco
669 482 722 520 ad
744 493 814 520 vos
840 480 966 520 virum
989 481 1126 521 litteris
1155 489 1194 521 et
1219 482 1391 532 antiquis
1417 489 1457 522 et
1480 482 1682 522 hodiernis
1707 484 1920 531 excultum,
1941 484 2195 523 WALTERUM
2222 484 2427 523 ΙοΑΝΝΕΜ

419 543 672 591 LAWRANCE,
694 542 829 583 Sancti
848 542 995 582 Albani
1015 543 1206 583 ecclesiae
1226 544 1463 583 cathedralis
1484 545 1706 583 Decanum.

1251 680 1275 711 2
1314 664 1431 712 Dec.
1479 679 1600 726 1905

528 764 641 817 (429)
679 766 824 804 ADEST
857 778 960 804 unus
994 779 1041 805 ex
1074 765 1245 804 alumnis
1277 765 1433 815 nostris,
1469 765 1581 805 cuius
1614 772 1725 816 pater
1758 765 1867 817 pacis
1900 765 2103 806 laboribus
2134 765 2253 806 sacris
2286 765 2431 818 Anglia

419 827 460 866 in
487 826 619 866 media
645 826 714 866 diu
743 826 912 875 deditus,
934 826 1082 866 abhinc
1110 840 1238 866 annos
1264 827 1491 879 nonaginta,
1514 827 1785 879 Wellingtonii
1808 827 1849 866 in
1873 827 2046 867 exercitu
2072 827 2242 879 signifer,
2263 827 2430 880 legionis

419 902 513 929 suae
539 889 724 929 vexillum
749 889 874 929 victor
899 888 1070 929 tulerat¹.
1128 891 1255 929 Adest
1278 890 1344 938 vir,
1367 890 1479 930 cuius
1498 891 1615 930 frater
1634 890 1735 930 inter
1754 899 1912 931 nosmet
1932 892 2038 943 ipsos
2061 891 2103 930 in
2122 891 2262 931 studiis
2282 892 2432 932 mathe-

421 951 573 991 maticis
607 953 779 992 honores
813 965 990 991 summos
1023 953 1203 1003 adeptus,
1234 953 1478 993 Academiae
1507 961 1665 993 nostrae
1698 954 1739 993 in
1771 955 1931 1006 regione
1964 956 2193 995 suburbana
2226 955 2431 996 Ecclesiae

421 1013 579 1064 signifer
599 1014 820 1053 indefessus
840 1013 934 1052 olim
955 1013 1130 1053 exstitit2.
1191 1016 1284 1065 Ipse
1305 1014 1467 1054 militiae
1490 1028 1623 1055 sacrae
1646 1016 1881 1056 rudimentis
1903 1016 2039 1068 primis
2062 1030 2086 1056 a
2105 1024 2215 1068 patre
2240 1017 2429 1066 imbutus,

420 1076 568 1116 deinde
597 1076 775 1128 episcopi
804 1078 1006 1116 Roffensis
1035 1077 1075 1116 in
1103 1077 1307 1128 provincia
1332 1078 1530 1129 stipendia
1559 1091 1669 1118 sacra
1693 1079 1863 1130 plurima
1891 1079 2063 1127 meritus,
2086 1093 2213 1130 nuper
2242 1079 2431 1119 Londinii

422 1139 615 1178 Australis
636 1139 814 1190 episcopi
832 1139 990 1179 adiutor
1009 1147 1276 1187 consecratus,
1293 1140 1546 1192 episcopatus
1567 1142 1627 1180 sui
1648 1143 1785 1181 sedem
1805 1144 1845 1181 in
1866 1144 2018 1194 oppido
2037 1143 2105 1182 illo
2125 1143 2343 1192 collocavit,
2361 1142 2430 1182 ubi

421 1200 649 1240 Britanniae
678 1201 798 1240 totius
827 1201 868 1240 in
897 1201 1201 1241 armamentario
1231 1202 1404 1241 maximo
1433 1202 1527 1242 belli
1560 1210 1758 1243 tormenta
1785 1204 1955 1255 plurima
1982 1203 2294 1256 comparantur³.
2353 1205 2428 1253 Ibi,

419 1262 528 1313 pacis
547 1262 588 1302 in
609 1263 781 1302 exercitu
801 1265 881 1302 dux
900 1271 939 1303 et
959 1263 1117 1314 signifer
1136 1264 1386 1313 constitutus,
1404 1265 1512 1304 urbis
1532 1265 1712 1305 omnium
1730 1267 1924 1307 maximae
1943 1269 2043 1307 ultra
2059 1275 2192 1319 portas
2206 1267 2428 1317 orientales,

420 1325 558 1375 populi
578 1324 618 1363 in
638 1325 754 1364 turba
773 1338 927 1376 magna,
945 1326 1052 1364 velut
1072 1324 1185 1364 miles
1205 1325 1315 1365 fortis
1336 1328 1548 1366 stationem
1565 1326 1640 1366 sibi
1656 1328 1848 1368 creditam
1868 1342 2089 1381 numquam
2110 1329 2315 1380 relinquet.
2366 1330 2431 1370 Ibi

420 1385 540 1424 verba
559 1385 626 1424 illa
645 1385 779 1425 divina
799 1385 995 1432 exaudiet,
1018 1385 1211 1425 exauditis
1232 1387 1497 1438 obsequetur:
1533 1389 1726 1436 Tramite,
1747 1390 1911 1428 transite
1926 1397 2004 1441 per
2010 1395 2160 1441 portas,
2168 1392 2314 1441 populo
2327 1392 2432 1430 viam

412 1453 659 1498 praeparate,
681 1450 906 1499 adpopulos
923 1450 1076 1498 stgmum
1094 1449 1260 1488 elevate⁴.

530 1511 646 1549 Duco
679 1511 731 1549 ad
764 1523 835 1550 vos
866 1509 1035 1561 Collegii
1067 1511 1236 1550 Sanctae
1265 1519 1304 1550 et
1335 1512 1573 1553 Individuae
1606 1512 1810 1553 Trinitatis
1839 1516 2059 1562 alumnum,
2095 1515 2300 1554 ΙΟΑΝΝΕΜ
2335 1515 2430 1556 Cox

422 1573 581 1622 LEEKE,
614 1586 741 1625 nuper
769 1573 1003 1625 episcopum
1031 1573 1256 1613 adiutorem
1290 1583 1579 1615 consecratum.

529 1688 644 1741 (430)
679 1688 865 1739 Sequitur
895 1688 1086 1740 deinceps
1114 1688 1185 1728 viri
1215 1689 1357 1741 optimi
1386 1690 1500 1738 filius,
1531 1691 1704 1731 virorum
1732 1699 1771 1732 et
1799 1692 1842 1732 in
1869 1692 2037 1733 ecclesia
2065 1701 2105 1733 et
2133 1692 2174 1732 in
2204 1706 2246 1733 re
2274 1693 2432 1733 militari

419 1750 654 1802 insignium⁶
673 1752 800 1799 frater,
823 1750 891 1801 qui
911 1751 1080 1790 Scholae
1107 1750 1298 1791 Paulinae
1317 1753 1523 1803 quondam
1544 1752 1773 1804 discipulus,
1796 1755 1966 1794 Sanctae
1985 1762 2024 1794 et
2045 1754 2282 1795 Individuae
2302 1755 2429 1795 Trini-

418 1812 509 1852 tatis
540 1812 580 1851 in
611 1812 792 1863 Collegio
821 1812 961 1852 studiis
991 1811 1111 1852 sacris
1140 1826 1223 1852 non
1252 1814 1338 1853 sine
1366 1815 1484 1854 laude
1510 1822 1592 1854 erat
1615 1815 1785 1855 deditus.
1845 1818 1990 1856 Postea
2014 1823 2054 1856 et
2082 1818 2122 1856 in
2149 1816 2294 1868 Anglia
2321 1824 2361 1857 et
2388 1816 2430 1857 in

420 1875 640 1915 Caledonia
659 1875 862 1915 laboribus
883 1874 1002 1914 sacris
1021 1876 1225 1927 probatus,
1246 1890 1373 1928 nuper
1392 1877 1494 1917 inter
1515 1878 1819 1928 Londinienses,
1841 1893 1965 1932 prope
1984 1887 2141 1932 portam
2161 1880 2432 1921 Lancastrien-

419 1951 516 1986 sem,
536 1938 614 1976 iarn
635 1951 706 1989 per
724 1951 853 1977 annos
872 1938 1010 1989 viginti
1029 1938 1100 1977 viri
1124 1939 1460 1990 eloquentissimi⁰
1480 1954 1685 1980 successor
1705 1942 1960 1993 dignissimus
1980 1942 2138 1982 exstitit.
2197 1944 2246 1982 In
2266 1956 2431 1983 munere
2492 1983 2494 1985 ,

418 2000 486 2040 illo
513 2014 638 2049 sacro,
661 2002 826 2052 longum
849 2008 909 2040 est
935 2014 1126 2048 enarrare,
1149 2009 1248 2052 quot
1275 2002 1430 2041 labores
1454 2016 1575 2053 quam
1602 2004 1753 2044 fortiter
1778 2006 2012 2054 toleraverit,
2040 2013 2231 2057 quantam
2260 2006 2302 2045 in
2329 2005 2429 2046 alios

417 2062 693 2103 liberalitatem
723 2063 826 2103 inter
856 2077 948 2102 suos
977 2064 1213 2112 excitaverit,
1243 2065 1447 2104 Ecclesiae
1476 2066 1720 2117 Anglicanae
1751 2068 1918 2108 coloniis
1947 2069 2217 2108 transmarinis
2246 2069 2428 2109 fovendis

419 2138 540 2175 quam
565 2125 724 2165 assidue
751 2125 1019 2177 invigilaverit.
1079 2127 1200 2165 Nunc
1228 2126 1268 2165 in
1298 2127 1438 2167 urbem
1470 2128 1636 2179 Angliae
1664 2143 1789 2181 prope
1819 2132 1919 2171 fines
1952 2131 2292 2183 septentrionales,
2324 2132 2429 2172 Valli

420 2186 617 2225 Hadriani
654 2187 761 2226 iuxta
794 2187 1007 2226 terminum
1045 2187 1336 2227 occidentalem
1370 2189 1553 2240 positam,
1589 2192 1742 2231 honore
1779 2205 1885 2233 novo
1922 2193 2087 2245 insignis
2120 2193 2326 2243 transibit;
2373 2193 2429 2233 ibi

417 2247 608 2287 ecclesiae
637 2248 852 2287 cathedrali
876 2248 1134 2299 praepositus,
1167 2263 1270 2300 quae
1298 2251 1548 2290 flammarum
1576 2252 1752 2303 pericula
1780 2254 1926 2294 totiens
1954 2268 2152 2307 perpessa,
2181 2268 2310 2295 annos
2339 2256 2428 2306 plus

418 2324 538 2362 quam
559 2319 766 2351 sexcentos
785 2312 956 2363 respicit,
974 2313 1128 2351 labores
1148 2326 1273 2352 novos
1293 2313 1369 2352 sibi
1389 2314 1666 2366 suscipiendos
1686 2329 1769 2356 non
1788 2317 2071 2367 reformidabit,
2089 2319 2160 2359 sed
2180 2317 2288 2358 urbis
2307 2317 2428 2358 totius

418 2385 441 2411 e
461 2372 575 2412 titulo
595 2372 664 2412 illo
684 2373 784 2412 vires
803 2387 926 2413 novas
947 2373 1022 2413 sibi
1042 2381 1171 2413 sumet
1187 2376 1377 2413 2—2'u5tus
1393 2382 1470 2414 esto
1481 2392 1497 2425 ;
1527 2377 1590 2415 nil
1605 2378 1741 2417 timeto.

527 2436 644 2475 Duco
664 2437 716 2475 ad
735 2449 806 2475 vos
822 2435 953 2476 *virum
973 2437 1193 2476 admodum
1214 2439 1487 2486 reverendum,
1502 2439 1716 2480 CAROLUM
1734 2442 1938 2481 IOANNEM
1955 2444 2201 2491 RIDGEWAY,
2220 2443 2430 2483 Decanum

417 2497 469 2536 de
489 2497 685 2537 Carlisle⁷.

1256 2639 1274 2671 1
1314 2624 1428 2672 Feb.
1475 2641 1492 2672 1
1503 2628 1600 2685 906

522 2736 637 2790 (431)
667 2739 838 2777 ABmNc
866 2752 994 2779 annos
1023 2741 1175 2789 decem,
1202 2741 1243 2780 in
1272 2743 1351 2782 hoc
1378 2742 1466 2794 ipso
1495 2744 1597 2793 loco,
1623 2758 1671 2784 ex
1698 2745 1869 2785 alumnis
1898 2746 2041 2786 nostris
2070 2760 2206 2795 unum,
2239 2746 2429 2799 Corporis

418 2798 566 2839 Christi
596 2799 637 2838 in
669 2800 849 2851 Collegio
881 2801 1045 2850 socium,
1078 2803 1301 2843 Australiae
1335 2805 1531 2856 episcopis
1565 2807 1747 2846 additum
1781 2808 2080 2857 salutavimus⁸,·
2120 2808 2187 2847 illo
2220 2816 2355 2848 autern
2385 2808 2427 2848 in

414 2858 579 2910 patriam
608 2869 792 2901 revocato
819 2870 858 2902 et
884 2863 1074 2915 episcopo
1099 2865 1279 2905 Roffensi
1306 2867 1524 2916 nominato,
1546 2867 1587 2907 in
1613 2869 1746 2908 locum
1771 2869 1855 2909 eius
1878 2871 2063 2909 alumnus
2089 2877 2224 2910 noster
2251 2871 2349 2910 alter
2376 2870 2429 2910 ab

501 2976 514 2998 ¹
539 2978 622 3009 Rev.
639 2978 718 3010 Wm
735 2979 847 3011 Leeke
865 2979 1033 3023 (formerly
1049 2982 1177 3024 Ensign
1194 2983 1333 3026 Leeke),
1352 2985 1472 3017 author
1494 2985 1533 3017 of
1551 2985 1607 3018 the
1627 2986 1771 3027 History
1789 2987 1830 3029 qs
1843 2987 1938 3020 Lord
1954 2988 2103 3020 Scaton’s
2123 2988 2301 3030 Regiment
2319 2992 2357 3020 at
2376 2987 2431 3020 the

413 3021 525 3053 Battle
537 3021 579 3062 qf
601 3022 771 3062 Waterloo,
791 3024 947 3061 London,
969 3024 1061 3058 1866.
1195 3025 1208 3045 2
1232 3027 1315 3059 Rev.
1334 3028 1375 3059 E.
1392 3028 1433 3060 T.
1454 3029 1578 3066 Leeke,
1597 3030 1731 3062 Second
1747 3031 1923 3073 Wrangler
1939 3032 1977 3063 of
1992 3031 2085 3073 1863,
2100 3031 2218 3064 Canon
2234 3032 2273 3064 of
2285 3031 2427 3064 Lincoln

414 3063 604 3113 Cathedral.
760 3066 774 3085 ³
796 3067 994 3101 Woolwich.
1162 3068 1177 3089 ⁴
1199 3071 1324 3108 haiala,
1341 3071 1400 3103 lxii
1419 3082 1468 3104 ιο.
1643 3073 1657 3093 ⁶
1681 3074 1735 3105 Sir
1752 3074 1844 3106 West
1862 3075 2046 3117 Ridgeway
2064 3074 2132 3116 (no.
2151 3085 2168 3115 3
2173 3086 2211 3115 52
2228 3074 2344 3116 supra)
2361 3074 2428 3107 and

413 3107 470 3139 the
486 3107 612 3148 Bishop
629 3108 666 3139 of
679 3109 901 3151 Kensington.
1115 3111 1129 3131 ⁶
1151 3114 1230 3145 Wm
1248 3114 1343 3155 Boyd
1360 3115 1554 3157 Carpenter,
1573 3116 1664 3149 D.D.
1686 3118 1755 3156 (no.
1774 3119 1814 3157 85
1830 3120 1959 3159 supra),
1978 3118 2134 3160 formerly
2151 3118 2251 3150 Vicat
2266 3118 2304 3150 of
2316 3118 2428 3151 Christ

414 3149 561 3188 Church,
579 3151 758 3184 Lancaster
776 3153 872 3186 Gate.
1007 3154 1020 3175 ⁷
1048 3155 1175 3198 Bishop
1191 3157 1230 3188 of
1241 3157 1445 3196 Chichester‚
1466 3168 1558 3201 1907.
1693 3158 1708 3179 ⁸
1731 3161 1856 3203 Bishop
1875 3162 2020 3194 Harmer
2036 3163 2105 3201 (no.
2124 3172 2188 3202 244
2203 3163 2333 3203 supra).

1388 3230 1463 3278 196
