2704 3770
467 351 738 400 Hermann
778 351 929 415 Graf
949 369 1010 400 zu
1047 351 1480 401 Solms-Laubaclz.
1558 352 1630 401 Cl.
1680 354 1730 401 T
1725 351 2009 416 z'mz‘riaaeff
2082 351 2140 399 F.
2192 351 2242 399 V
2235 350 2471 415 ejdovsky.

575 494 690 547 (523)
705 496 930 535 Salutamus
951 496 1070 536 etiam
1090 496 1299 536 botanicae
1314 497 1578 547 professorem
1593 498 1981 547 Argentoratensem,
1998 494 2123 534 virum
2139 508 2281 546 genere
2296 493 2473 545 antiquo,

465 570 609 608 genere
628 569 697 608 per
715 570 843 597 annos
863 571 987 609 prope
1010 557 1260 609 octingentos
1285 557 1409 597 nobili
1433 557 1658 605 oriundum,
1681 556 1750 608 qui
1772 557 1958 596 arborum
1982 562 2022 595 et
2043 557 2267 607 plantarum
2292 554 2476 607 reliquias

465 620 760 672 antiquissimas
779 634 963 661 saxorum
983 621 1024 660 in
1044 620 1203 660 latebris
1223 627 1474 660 conservatas
1495 632 1615 670 opere
1635 619 1676 658 in
1695 620 1764 659 illo
1779 619 1924 658 eximio
1939 617 2157 669 descripsit,
2174 619 2284 669 quod
2299 619 2417 658 etiam
2432 617 2474 656 in

467 681 671 721 Britannia
699 682 1092 733 palaeophytologiae
1121 683 1172 721 ad
1199 681 1374 721 studium
1400 681 1531 720 aditus
1558 680 1751 720 faciliores
1774 679 1952 731 plurimis
1981 680 2175 731 patefecit.
2234 681 2362 730 Idem,
2392 691 2475 718 non

466 745 590 784 modo
624 744 734 784 Actis
768 745 970 785 Botanicis
1004 744 1170 785 edendis
1204 746 1281 783 iam
1308 756 1378 795 per
1410 756 1537 783 annos
1565 742 1702 794 viginti
1731 742 1896 782 feliciter
1922 741 2107 790 interfuit,
2139 742 2211 782 sed
2239 741 2358 781 etiam
2390 740 2476 792 ipse

465 806 516 845 de
545 806 808 858 geographiae
842 806 1051 846 botanicae
1081 804 1294 857 principiis,
1325 806 1377 844 de
1410 804 1572 844 floribus
1605 803 1794 855 parasitis,
1828 805 1878 844 de
1909 802 2039 854 fungis
2072 809 2111 842 et
2143 802 2250 854 algis,
2282 803 2334 842 de
2365 801 2475 842 sinus

465 868 720 920 Neapolitani
739 868 948 917 corallinis,
970 869 1022 908 de
1041 867 1213 919 fragaria,
1236 868 1287 907 de
1307 866 1447 915 tritico,
1470 868 1521 907 de
1540 866 1674 918 tulipa,
1697 868 1748 906 de
1773 868 1863 915 ficu,
1889 867 1941 906 de
1966 865 2052 905 aliis
2072 865 2246 917 denique
2269 866 2474 905 hortorum

465 937 690 970 nostrorum
709 929 855 981 plantis
875 930 1044 981 plurima
1063 942 1145 968 non
1165 928 1250 968 sine
1268 927 1392 980 gloria
1411 927 1656 978 conscripsit.

1452 1004 1462 1022 ‘
1478 1001 1650 1041 Patriam
1680 1001 1812 1041 obruit
1841 1000 1937 1040 olim

952 1055 1074 1108 gloria
1101 1069 1333 1107 paucorum,
1364 1063 1405 1095 et
1432 1055 1560 1095 laudis
1589 1056 1772 1106 titulique
1800 1055 1948 1107 cupido

952 1110 1108 1150 haesuri
1137 1111 1239 1150 saxis
1268 1110 1445 1149 cinerum
1474 1109 1720 1158 custodibus,
1751 1110 1803 1149 ad
1832 1122 1935 1160 quae

951 1164 1201 1204 discutienda
1227 1166 1358 1204 valent
1387 1163 1526 1204 sterilis
1555 1165 1659 1203 mala
1687 1163 1830 1203 robora
1858 1164 1997 1202 ficus'l
2010 1177 2021 1211 ;

464 1246 564 1284 haec
583 1250 717 1283 autem
736 1242 890 1294 generis
911 1241 1056 1282 nobilis
1075 1241 1295 1293 progenies,
1317 1241 1374 1280 vir
1393 1241 1604 1289 iucundus,
1626 1240 1792 1292 lepidus,
1812 1242 2029 1289 modestus,
2049 1239 2164 1279 titulo
2180 1246 2316 1279 nostro
2331 1237 2475 1290 dignis-

465 1305 599 1354 simus,
621 1312 680 1344 tot
708 1304 826 1344 rebus
854 1303 1014 1354 ingenio
1043 1316 1202 1342 summo
1230 1302 1389 1354 penitus
1417 1301 1638 1353 exploratis,
1665 1302 1847 1342 omnium
1876 1302 2073 1341 bonorum
2102 1301 2143 1340 in
2171 1301 2291 1340 laude
2311 1302 2321 1320 ‘
2337 1313 2475 1339 monu-

465 1376 647 1408 mentum
665 1381 755 1407 aere
775 1368 1028 1418 perennius'2
1047 1366 1208 1405 invenit.

575 1432 692 1470 Duco
711 1430 763 1469 ad
782 1442 853 1469 vos
875 1431 1169 1467 HERMANNUM
1190 1428 1394 1468 CoMrrEM
1416 1438 1472 1465 DE
1493 1428 1883 1466 SOLMs-LAUBACH3.

572 1518 688 1572 (524)
716 1517 956 1558 Meministis
983 1517 1207 1556 fabulosum
1232 1516 1344 1555 illurn
1371 1515 1641 1566 Collegiorum
1670 1523 1895 1555 nostrorum
1922 1515 2060 1555 unius⁴
2083 1516 2302 1562 alumnum,
2330 1513 2399 1566 qui
2423 1514 2476 1554 ad

464 1582 635 1621 insulam
656 1582 813 1631 Laputa
836 1579 1116 1631 peregrinatus,
1137 1578 1288 1618 incolas
1312 1577 1397 1617 eius
1421 1590 1561 1617 omnes
1589 1577 1682 1616 solis
1709 1579 1761 1617 de
1787 1579 1912 1617 salute
1938 1577 2085 1617 cotidie
2105 1576 2293 1616 sollicitos
2313 1575 2474 1624 invenit,

465 1644 586 1696 inque
606 1641 826 1681 Academia
845 1640 1101 1680 celeberrima
1122 1638 1345 1691 Lagadensi
1364 1639 1628 1690 professorem
1650 1640 1851 1691 quendam
1871 1639 2138 1679 venerabilem
2161 1638 2269 1686 vidit,
2291 1637 2360 1689 qui
2382 1636 2476 1677 solis

465 1706 583 1746 radiis
622 1719 644 1745 e
682 1717 939 1744 cucumerum
978 1702 1128 1742 cellulis
1166 1701 1371 1742 eliciendis
1405 1714 1602 1740 annorum
1636 1709 1729 1741 octo
1766 1702 1921 1742 labores
1959 1702 2158 1741 incassum
2196 1700 2474 1751 impenderat¹⁵.

466 1767 690 1810 Consilium
716 1774 797 1806 tam
824 1765 968 1805 mirum
994 1779 1076 1805 non
1102 1778 1259 1816 prorsus
1284 1765 1501 1804 absurdum
1529 1764 1648 1804 fuisse
1675 1764 1886 1804 botanicae
1910 1766 2108 1816 professor
2127 1764 2290 1815 quidam
2318 1764 2476 1802 Moscu·

465 1831 571 1871 ensis
591 1842 724 1869 coram
746 1827 872 1879 Regia
891 1826 1089 1867 Societate
1108 1834 1244 1866 nostra
1263 1839 1344 1866 non
1366 1827 1451 1865 sine
1470 1826 1605 1876 lepore
1626 1826 1824 1866 indicavit.
1883 1826 2041 1867 Scilicet
2063 1840 2133 1878 per
2155 1828 2296 1877 longos
2321 1824 2476 1864 labores

464 1895 549 1946 ipse
578 1892 864 1944 comprobavit,
894 1905 976 1931 non
1005 1892 1129 1931 modo
1158 1890 1251 1930 solis
1277 1890 1408 1929 radios
1437 1890 1477 1928 in
1508 1889 1665 1928 cucumi
1695 1903 1780 1928 esse
1809 1889 1994 1937 inclusos,
2025 1891 2096 1929 sed
2126 1888 2244 1928 etiam
2277 1889 2476 1926 fructuum

466 1956 748 2006 frondiumque
767 1953 946 1994 omnium
966 1960 1117 2003 partem
1138 1951 1303 1991 viridem
1324 1951 1417 1991 solis
1437 1966 1459 1991 e
1478 1951 1629 1991 lumine
1652 1950 1783 1990 radios
1807 1950 1895 1990 illos
1918 1952 2107 1990 tremulos
2131 1950 2285 2001 eligere,
2306 1962 2475 1999 quorum

467 2019 613 2059 auxilio
632 2017 865 2058 carbonium
886 2015 947 2067 (ut
966 2014 1094 2067 aiunt)
1114 2015 1156 2053 in
1175 2017 1264 2054 aere
1283 2022 1369 2053 toto
1388 2014 1575 2054 diffusum
1597 2014 1635 2052 in
1657 2014 1861 2054 materiam
1885 2015 2086 2064 quandam
2113 2015 2241 2055 vivam
2266 2018 2475 2063 permutat.

469 2082 585 2120 Idem
605 2078 748 2130 spectri
769 2079 897 2130 (quod
917 2075 1077 2127 dieitur)
1098 2089 1120 2115 e
1139 2083 1250 2126 parte
1268 2076 1386 2114 rubra
1405 2075 1536 2115 radios
1556 2075 1644 2114 illos
1665 2082 1820 2114 exortos
1841 2088 1926 2114 esse
1946 2074 2094 2122 docuit,
2116 2073 2184 2125 qui
2210 2072 2411 2112 frondium
2434 2072 2475 2111 in

467 2143 589 2182 vitam
615 2140 766 2188 mutati,
792 2138 973 2178 omnium
998 2138 1220 2185 hominum,
1242 2136 1422 2175 omnium
1451 2136 1682 2176 animalium
1708 2149 1875 2188 corpora
1899 2149 1969 2187 per
1994 2143 2054 2176 tot
2079 2136 2238 2175 saecula
2261 2135 2470 2174 aluerunt⁶.

469 2206 575 2255 Ergo
603 2204 655 2242 de
680 2202 823 2253 spectri
848 2200 952 2239 illius
980 2200 1163 2250 exemplo
1189 2200 1467 2249 pulcherrimo,
1489 2200 1540 2238 de
1565 2211 1659 2237 arcu
1682 2197 1853 2244 caelesti,
1882 2199 2001 2237 verba
2029 2197 2124 2237 olim
2154 2195 2340 2236 divinitus
2368 2195 2476 2235 dicta

470 2268 629 2308 saeculo
648 2273 785 2305 nostro
805 2278 923 2304 sensu
943 2276 1050 2302 novo
1068 2264 1203 2302 denuo
1223 2263 1505 2301 commendata
1525 2264 1685 2301 sunt—‘
1698 2261 1783 2300 Erit
1797 2274 1910 2300 arcus
1926 2260 1967 2299 in
1982 2259 2167 2307 nubibus,
2183 2266 2222 2298 et
2236 2258 2475 2298 recordabor

467 2329 638 2370 foederis
659 2326 887 2378 sempiterni
907 2326 1017 2376 quod
1039 2331 1201 2375 pactum
1225 2331 1284 2363 est
1309 2323 1412 2363 inter
1441 2325 1574 2363 Deum
1599 2330 1638 2362 et
1663 2336 1824 2362 omnem
1849 2322 2024 2361 animam
2047 2321 2245 2361 viventem
2271 2319 2476 2360 universae

469 2392 606 2440 carnis,
629 2404 731 2442 quae
751 2397 810 2430 est
829 2402 946 2440 super
965 2396 1108 2428 terram
1122 2387 1162 2425 '⁷.

578 2455 694 2492 Duco
714 2453 766 2491 ad
785 2464 855 2491 vos
876 2452 1148 2491 CLEMENTEM
1169 2451 1465 2488 T1M1R1AZEFF.

577 2537 689 2590 (525)
724 2538 996 2576 Bohemorum
1025 2535 1065 2573 in
1097 2534 1365 2573 Universitate
1395 2532 1581 2584 Pragensi
1609 2531 1812 2583 zoologiae
1840 2533 2037 2582 professor
2064 2532 2298 2582 praeclarus,
2327 2527 2476 2580 patriae

468 2602 570 2641 inter
589 2599 754 2639 fiumina
772 2600 972 2649 lacusque,
990 2596 1273 2648 spongillarum
1295 2595 1588 2646 vermiumque⁸
1607 2594 1647 2633 in
1667 2594 1854 2633 varietate
1874 2593 2053 2641 maxima,
2072 2592 2293 2632 studiorum
2313 2603 2474 2630 suorum

468 2670 700 2715 argumenta
719 2660 888 2712 plurima
907 2658 1068 2698 invenit.
1127 2659 1254 2706 Idem,
1278 2657 1541 2697 bacteriorum
1561 2657 1601 2695 in
1623 2663 1816 2696 structura
1841 2654 2123 2705 investiganda,
2147 2653 2265 2693 etiam
2288 2654 2475 2692 nucleum

468 2727 688 2767 secundum
710 2725 837 2776 ipsam
856 2735 1036 2763 normam
1058 2721 1255 2761 invenisse
1275 2720 1427 2760 dicitur.
1488 2719 1657 2767 Deinde,
1680 2719 1730 2758 de
1750 2719 1982 2756 nucleorum
2006 2723 2145 2755 natura
2168 2715 2209 2754 in
2234 2714 2472 2761 universum,

469 2791 600 2839 deque
620 2787 684 2827 ovi
703 2785 864 2826 fecundi
883 2783 1077 2824 reddendi
1097 2783 1249 2822 ratione
1268 2781 1389 2830 omni,
1407 2794 1515 2820 nunc
1531 2780 1700 2819 maxime
1720 2779 1892 2830 inquirit.
1952 2777 2149 2829 Denique,
2166 2790 2217 2816 ne
2236 2775 2475 2816 laudationis

468 2859 626 2892 nostrae
658 2851 699 2890 in
733 2851 812 2889 fine
845 2849 1027 2888 aculeum
1058 2847 1260 2897 quendam
1289 2843 1532 2890 desideretis,
1563 2856 1614 2882 ne
1642 2842 1898 2893 scorpionum
1927 2839 2091 2891 quidem
2123 2852 2249 2890 genus
2281 2838 2474 2878 intactum

468 2913 636 2965 reliquit.

578 2976 696 3014 Duco
715 2974 768 3012 ad
786 2985 856 3011 vos
876 2972 908 3010 F
911 2967 1123 3009 RANTssEK
1141 2965 1404 3015 VEJnovsm'a

554 3044 566 3064 ²
586 3043 740 3087 Juvenal,
760 3054 782 3074 x
801 3052 861 3083 143
873 3042 897 3073 f.
1016 3038 1031 3059 ²
1056 3040 1202 3076 Horace,
1223 3039 1336 3071 Carm.
1353 3037 1389 3069 iii
1406 3048 1458 3079 30,
1481 3046 1508 3068 1.
1647 3033 1660 3055 ³
1686 3034 1816 3066 Author
1833 3033 1871 3065 of
1882 3033 1989 3065 Fossil
2001 3033 2145 3074 Botany,
2165 3032 2206 3064 E.
2223 3032 2277 3068 Τ.,
2298 3031 2392 3073 1891,
2408 3033 2473 3063 etc.

470 3088 485 3109 ⁴
507 3088 706 3120 Emmanuel
716 3099 725 3126 ;
749 3097 803 3119 see
823 3083 999 3118 Gulliver’s
1021 3084 1053 3115 T
1049 3083 1167 3122 ravels,
1187 3093 1219 3124 p.
1244 3093 1269 3114 1.
1434 3079 1448 3100 ⁶
1471 3080 1515 3112 ib.
1533 3079 1611 3110 Part
1627 3086 1682 3118 ΙΙΙ,
1701 3079 1800 3119 chap.
1817 3077 1840 3109 ii
1856 3077 1923 3109 and
1939 3087 1971 3114 v,
1989 3087 2044 3119 pp.
2066 3086 2130 3109 200
2141 3075 2163 3113 f,
2181 3085 2242 3107 221
2260 3075 2284 3113 f,
2301 3074 2354 3107 ed.
2371 3074 2470 3123 '1894-

468 3130 482 3151 θ
510 3132 543 3163 T
538 3132 578 3164 he
595 3131 756 3164 Cosmical
768 3129 931 3161 Function
947 3127 1046 3170 qftlce
1064 3127 1169 3159 Green
1184 3126 1300 3163 Plant,
1317 3123 1486 3156 Croonian
1501 3123 1642 3155 Lecture
1659 3121 1698 3153 of
1711 3131 1804 3164 1903.
2173 3117 2186 3138 ⁷
2213 3118 2354 3155 Genesis,
2369 3127 2403 3149 lx
2422 3114 2473 3148 16.

469 3173 483 3195 Β
504 3174 750 3216 Rhynclcelmis,
768 3178 832 3206 etc.

1440 3250 1460 3274 2
1466 3249 1513 3286 32
