2704 3770
852 339 907 386 E
906 338 1090 386 dward
1116 338 1379 402 Augustus
1411 337 1569 387 Bond.
1644 336 1852 388 charles
1886 338 2115 387 Newton.

592 480 679 532 (26)
720 484 730 502 ‘
745 482 955 532 Nusquam
979 481 1106 521 maius
1132 481 1331 522 silentium
1356 495 1477 532 quam
1503 481 1544 521 in
1571 481 1747 522 sacrariis
1773 482 2012 522 litterarum'
2031 495 2118 522 esse
2144 481 2317 522 dicitur¹.
2377 482 2487 523 Huic

486 549 592 582 certe
611 542 705 590 viro,
728 542 971 583 bibliotheca
991 542 1031 582 in
1052 556 1195 594 magna
1214 542 1283 583 diu
1303 542 1468 583 feliciter
1487 550 1695 595 occupato,
1711 557 1837 595 genus
1856 545 1959 583 vitae
1978 542 2234 595 tranquillum
2254 550 2294 584 et
2307 543 2486 595 quietum

484 617 615 655 neque
635 611 768 645 tamen
787 604 1004 644 litterarum
1024 604 1264 655 reipublicae
1288 618 1337 645 eo
1364 605 1495 644 minus
1519 605 1614 645 utile
1637 605 1812 657 contigit.
1871 605 1954 655 Qui
1977 606 2182 657 quondam
2207 605 2361 645 iuvenis
2385 605 2489 646 inter

483 667 693 707 Thamesis
719 669 848 708 undas
873 668 1037 719 remigio
1062 668 1166 707 facili
1195 675 1276 707 erat
1305 668 1557 718 spectandus,
1588 680 1696 707 nunc
1724 669 1866 707 eadem
1894 667 2081 707 facilitate
2111 667 2244 707 Musei
2270 667 2488 708 Britannici

483 730 639 769 clavum
659 738 777 780 tenet,
792 731 832 770 in
853 731 1023 771 statione
1041 738 1216 771 versatus
1235 730 1418 782 gravibus
1439 737 1544 770 certe
1561 730 1663 770 curis
1680 730 1854 770 obnoxia
1874 731 1946 770 sed
1965 729 2135 770 externis
2150 730 2290 769 saltem
2304 729 2488 781 procellis

483 804 566 830 non
612 799 760 831 vexata.
837 794 872 832 E
910 794 1055 832 forensi
1094 792 1257 843 strepitu
1295 799 1471 832 remotus
1508 792 1604 843 ipse,
1644 792 1827 831 laudatur
1870 799 2004 831 tamen
2048 792 2159 842 quod
2205 804 2362 830 summa
2407 792 2487 832 fide

483 853 807 903 eloquentissima
830 861 1092 894 monumenta
1114 853 1217 893 illius
1240 853 1362 893 iudici
1386 853 1563 902 ediderit,
1586 866 1667 904 quo
1687 853 1728 891 in
1749 854 1896 893 Senatu
1919 852 2149 892 Britannico
2171 852 2312 892 Indiae
2332 859 2487 904 septen-

483 913 658 954 trionalis
678 916 890 965 proconsul
911 923 993 955 erat
1014 923 1232 955 accusatus.
1292 917 1423 955 Notus
1439 915 1645 966 theologis,
1662 922 1781 954 notus
1801 914 2070 966 archaeologis
2091 915 2254 954 Psalteri
2273 912 2487 954 Traiectini

481 975 533 1014 ab
553 977 630 1016 hoc
650 977 732 1016 viro
752 976 881 1016 editus
901 978 1029 1016 codex
1053 977 1118 1016 ille
1141 991 1163 1017 e
1187 977 1467 1016 Britannorum
1495 977 1676 1017 custodia
1703 978 1942 1016 Batavorum
1966 976 2007 1015 in
2033 989 2175 1016 manus
2198 975 2293 1016 olim
2316 977 2484 1028 elapsus.

484 1039 618 1078 Huius
650 1040 835 1091 auspiciis
873 1047 912 1079 et
950 1041 1191 1091 collegarum
1222 1040 1465 1091 optimorum
1495 1039 1651 1088 auxilio,
1687 1039 1873 1079 codicum
1912 1039 2094 1079 omniurn
2131 1038 2172 1078 in
2209 1038 2326 1078 huius
2363 1040 2487 1078 tutela

481 1109 802 1140 conservatorum
829 1101 932 1140 tituli
958 1101 1012 1141 ita
1038 1115 1108 1153 per
1131 1101 1273 1141 seriem
1293 1101 1334 1140 in
1354 1109 1516 1141 centum
1542 1100 1650 1140 libris
1674 1100 1861 1152 descripti
1884 1109 1976 1140 sunt
2000 1108 2042 1140 ut
2064 1100 2195 1141 Musei
2214 1100 2318 1140 illius
2341 1101 2482 1147 fontes,

481 1162 597 1202 huius
630 1163 764 1203 labore
798 1164 982 1212 maximo,
1017 1163 1184 1202 minimo
1217 1163 1385 1203 aliorum
1423 1163 1612 1214 temporis
1651 1163 1874 1214 dispendio,
1909 1163 2142 1203 doctissimo
2175 1163 2319 1214 cuique
2352 1161 2484 1202 statim

480 1233 652 1276 pateant.
712 1227 803 1265 Iure
823 1226 938 1277 igitur
958 1226 1079 1265 hodie
1099 1233 1259 1277 exoptat
1279 1226 1499 1265 Academia
1518 1233 1562 1265 ut
1581 1225 1789 1265 Societatis
1810 1225 2168 1276 Palaeographicae
2187 1238 2344 1276 praeses
2363 1231 2484 1276 atque

479 1289 582 1328 adeo
602 1289 796 1336 conditor,
818 1289 887 1329 diu
906 1289 1008 1329 inter
1027 1289 1115 1329 illos
1135 1289 1303 1340 supersit
1323 1288 1392 1340 qui
1413 1288 1473 1340 (ut
1494 1287 1695 1339 Euripidis
1714 1295 1801 1327 utar
1820 1288 1963 1339 verbis)

1232 1360 1383 1411 γραφάς
1408 1376 1450 1398 τε
1475 1361 1549 1399 τῶν
1575 1359 1813 1410 παλαιτέρων

1019 1414 1170 1466 ἔχουσιν
1197 1415 1306 1453 αὗτοί
1329 1412 1363 1452 τ’
1391 1414 1487 1453 εἰσὶν
1516 1416 1555 1452 ἐν
1582 1413 1758 1454 Μούσαις
1785 1413 1871 1452 ἀεί’.

479 1490 571 1528 Iure
609 1494 769 1539 exoptat
806 1494 850 1527 ut
883 1489 1076 1527 Μουσεῖον
1107 1487 1206 1527 illud
1245 1486 1418 1526 maximo
1451 1500 1542 1526 cum
1577 1486 1723 1526 civium
1757 1487 1886 1526 fructu
1917 1486 1986 1527 diu
2021 1486 2216 1538 gubernet
2249 1487 2484 1527 EDVARDUS

477 1550 706 1589 AUGUSTUS
736 1550 871 1588 Bono.

585 1691 672 1743 (27)
711 1693 760 1730 In
794 1690 1036 1731 Academiae
1067 1690 1286 1742 disciplinis
1316 1690 1565 1741 aliquatenus
1603 1691 1655 1730 ad
1688 1703 1832 1730 novam
1863 1703 2045 1730 normam
2079 1689 2305 1742 redigendis
2335 1690 2484 1743 placuit

477 1753 594 1793 nobis
624 1752 850 1804 nuperrime
881 1752 982 1792 inter
1011 1752 1228 1792 litterarum
1259 1753 1538 1791 humaniorum
1571 1751 1702 1791 studia
1729 1752 2028 1803 archaeologiae
2057 1766 2219 1804 quoque
2247 1753 2385 1792 sedem
2413 1751 2483 1792 diu

476 1814 652 1854 debitam
681 1814 883 1854 vindicare
896 1828 907 1862 3
938 1813 1072 1864 itaque
1097 1813 1292 1853 iuventuti
1320 1813 1600 1860 Academicae,
1631 1826 1701 1863 per
1728 1812 1950 1864 linguarum
1978 1814 2229 1866 antiquarum
2256 1821 2399 1866 portas,
2429 1814 2482 1854 ad

475 1878 617 1918 artium
644 1878 895 1929 antiquarum
922 1877 1020 1916 atria
1043 1890 1170 1916 novus
1195 1876 1327 1916 aditus
1355 1890 1447 1915 mox
1473 1875 1634 1927 patebit.
1693 1877 1755 1915 Eo
1779 1875 1895 1927 igitur
1918 1876 2067 1917 maiore
2092 1877 2238 1928 gaudio
2265 1878 2481 1916 salutamus

475 1941 596 1981 hodie
626 1941 751 1980 virum
783 1940 862 1991 qui,
893 1947 933 1979 et
962 1939 1254 1991 Salopiensium
1286 1946 1325 1979 et
1357 1938 1645 1979 Oxoniensium
1677 1938 1886 1989 disciplina
1917 1938 2067 1990 optima
2096 1939 2283 1987 imbutus,
2316 1938 2357 1978 in
2387 1937 2481 1990 ipsis

474 2003 741 2054 penetralibus
764 2003 1063 2054 archaeologiae
1089 2002 1158 2042 diu
1182 2015 1273 2041 cum
1298 2002 1416 2041 laude
1444 2008 1620 2040 versatus
1646 2007 1715 2049 est,
1743 2000 1811 2052 qui
1839 2000 1880 2039 in
1911 2003 2055 2041 Museo
2085 2000 2314 2041 Britannico
2343 2012 2482 2040 monu-

475 2068 618 2107 mentis
652 2066 814 2106 Graecis
848 2073 887 2105 et
919 2065 1124 2114 Romanis,
1155 2078 1324 2116 quorum
1355 2078 1445 2115 pars
1473 2077 1615 2114 magna
1647 2077 1671 2103 a
1697 2077 1738 2103 se
1766 2063 1853 2115 ipso
1886 2070 2039 2115 reperta
2069 2071 2191 2113 erant,
2220 2063 2478 2115 praepositus,

474 2127 693 2167 Atticarum
724 2126 952 2179 praesertim
983 2126 1286 2177 inscriptionum
1313 2127 1416 2165 fidus
1442 2124 1633 2176 interpres
1659 2124 1805 2164 exstitit
1819 2139 1830 2173 3
1862 2124 1942 2175 qui,
1970 2124 2055 2164 aliis
2081 2125 2367 2174 dubitantibus,
2394 2124 2481 2176 ipse

474 2188 622 2240 primus
643 2202 775 2228 veram
800 2187 1077 2239 antiquitatem
1096 2187 1309 2227 vindicavit
1336 2186 1509 2226 thesauri
1533 2186 1862 2237 Peloponnesiaci
1887 2186 1940 2225 ab
1965 2186 2053 2226 illo⁸
2075 2186 2226 2226 inventi
2249 2185 2318 2238 qui
2343 2187 2480 2227 denuo

473 2263 564 2290 vera
583 2249 757 2289 reddidit
776 2258 907 2289 vetera
925 2249 991 2288 illa
1011 2248 1258 2288 vaticinantis
1279 2249 1398 2287 verba
1413 2262 1476 2286 2-—

905 2323 1036 2360 ‘eruet
1064 2320 1129 2359 ille
1157 2321 1285 2370 Argos
1313 2318 1731 2370 Agamemnoniasque
1761 2317 2005 2370 Mycenas’⁴.

475 2392 609 2432 Huius
622 2399 766 2441 autem,
780 2392 922 2444 partim
935 2392 1131 2444 auspiciis,
1145 2392 1288 2444 partim
1301 2394 1435 2440 ductu,
1453 2399 1492 2432 et
1508 2393 1686 2432 Rhodon
1700 2398 1738 2432 et
1755 2391 1975 2442 Mitylenen
1991 2398 2111 2443 atque
2125 2392 2336 2444 Epheson⁸
2346 2392 2482 2444 explo-

473 2462 575 2494 ratas
595 2455 765 2495 vidimus
780 2471 790 2505 3
811 2457 1073 2503 ,Mausoleum
1095 2454 1447 2495 Halicarnassense
1468 2454 1537 2495 diu
1556 2462 1657 2494 terra
1677 2454 1862 2494 obrutum
1884 2453 2033 2505 primus
2054 2455 2201 2494 detexit
2221 2462 2260 2494 et
2279 2454 2321 2494 in
2346 2456 2478 2495 lucem

473 2530 604 2556 rursus
637 2517 800 2568 protulit
812 2531 823 2566 3
862 2517 964 2557 viam
996 2530 1146 2556 sacram
1181 2516 1507 2565 Branchidarum,
1544 2516 1698 2557 Cereris
1729 2516 1923 2567 templum
1956 2515 2078 2555 Cnidi
2107 2515 2281 2567 positum
2315 2515 2480 2556 feliciter

472 2579 672 2630 indagavit
686 2594 697 2628 3
726 2579 847 2620 Cnidi
873 2587 1071 2631 repertum
1098 2592 1261 2618 saxeum
1287 2580 1456 2627 leonem,
1482 2578 1663 2619 Cononis
1692 2579 1856 2618 fortasse
1885 2578 2070 2618 victoriae
2099 2578 2318 2619 maritimae
2340 2592 2479 2619 monu-

473 2649 663 2688 mentum,
685 2642 802 2681 maris
822 2644 979 2694 reginae
1000 2641 1228 2681 Britanniae
1248 2641 1419 2682 tradidit.
1480 2643 1622 2693 Neque
1642 2655 1735 2681 vero
1755 2641 1925 2693 neglexit
1948 2643 2112 2682 alteram
2132 2641 2299 2682 Veneris
2324 2643 2473 2691 sedem,

471 2704 750 2744 Britannorum
770 2706 916 2744 tutelae
932 2718 1057 2756 nuper
1072 2704 1262 2744 creditam
1276 2718 1287 2753 3
1317 2704 1442 2744 immo
1457 2704 1631 2744 reddidit
1646 2718 1772 2755 nuper
1792 2707 1801 2724 ‘
1813 2704 1905 2744 diva
1918 2711 2061 2756 potens
2077 2704 2198 2756 Cypri
2210 2706 2218 2722 ’
2234 2705 2474 2744 Newtonum

472 2768 481 2785 ‘
494 2768 735 2806 incolumem
756 2767 901 2807 finibus
914 2768 923 2785 '
942 2766 1147 2818 Anglicis⁶.

576 2830 681 2879 Ergo
702 2836 871 2868 vestrum
892 2829 1071 2868 omnium
1093 2829 1194 2868 inter
1213 2831 1374 2880 plausus
1394 2830 1534 2869 decern
1558 2828 1766 2869 illustrium
1793 2829 1964 2870 virorum
1992 2830 2132 2870 seriem
2162 2831 2320 2870 claudat
2342 2831 2400 2870 vir
2422 2831 2473 2870 de

467 2890 740 2942 archaeologia
759 2890 909 2942 optime
929 2891 1103 2941 meritus,
1126 2892 1326 2932 CAROLUS
1346 2893 1386 2931 N
1389 2903 1549 2931 EWTON.

626 3049 637 3069 ¹
663 3051 890 3092 Symmachus,
918 3053 1081 3084 Laudatio
1104 3053 1141 3084 in
1173 3054 1461 3092 Valentinianum,
1486 3055 1509 3086 ii
1534 3065 1585 3086 Μ.
1760 3053 1774 3073 ²
1798 3055 1985 3097 Euripides,
2011 3056 2224 3097 Hippolytus,
2248 3064 2323 3096 451.

626 3092 639 3112 ³
663 3095 824 3126 Heinrich
849 3095 1075 3127 Schliemann.
1762 3097 1775 3117 ⁴
1798 3098 1915 3140 virgil,
1940 3100 2027 3130 Aen.
2051 3098 2084 3129 vi
2107 3100 2181 3140 838.

624 3135 638 3156 ⁵
661 3138 807 3180 Horace,
837 3139 949 3170 Carm.
973 3139 983 3169 i
1009 3147 1037 3183 7,
1069 3149 1081 3170 1
1100 3139 1120 3172 f.
1763 3139 1777 3161 ⁶
1804 3141 1917 3174 Carm.
1943 3141 1954 3173 i
1978 3152 2008 3183 3,
2038 3152 2051 3173 1
2070 3141 2090 3174 f.

1447 3212 1494 3253 18
