2704 3770
992 326 1146 376 Lord
1170 326 1433 393 Dufferz‘n.

195 480 299 527 quot
331 472 375 514 in
411 472 565 526 campis
601 480 773 526 quantas
810 480 960 526 strages
1002 471 1153 514 edidit!
1215 471 1480 513 Scientiarum
1521 485 1660 513 amore
1700 471 1924 523 instinctus,
1964 484 2064 528 quot
2103 484 2226 519 terras

194 535 435 589 Imaginquas
459 535 662 576 lustravit!
719 536 853 577 Etiam
876 535 1127 589 papilionum
1145 548 1292 587 genera
1311 534 1589 583 minutissima,
1613 535 1988 588 microlepidoptera
2006 539 2224 590 nominata,

194 598 424 640 curiositate
442 598 702 640 subtilissima
721 607 990 652 perscrutatus
1008 606 1080 647 est,
1101 612 1234 639 rerum
1254 605 1437 638 naturam
1457 597 1499 638 in
1519 597 1695 639 minimis
1714 612 1878 651 quoque
1902 600 2116 642 maximam
2139 617 2227 644 esse

193 660 415 703 arbitratus.
477 663 622 702 Musea
659 675 754 702 vero
792 669 929 703 nostra
965 675 1098 703 rerum
1135 667 1301 701 naturae
1338 660 1596 701 illustrandae
1634 661 1831 710 dedicata,
1866 669 1966 714 quot
1998 670 2039 703 et
2068 664 2228 715 quantis

195 723 430 765 muneribus
448 724 627 765 ornavit!
683 726 824 777 Nuper
842 731 990 773 autem,
1012 737 1106 764 cum
1126 723 1168 764 id
1187 723 1380 775 agebatur
1398 730 1442 763 ut
1462 722 1709 763 Academiae
1728 719 1832 764 inter
1850 723 1983 764 studia
2005 724 2127 765 etiam
2145 726 2228 778 agri

194 787 374 828 culturae
409 789 523 828 locus
564 787 814 837 tribueretur,
853 787 1099 828 Academiae
1145 786 1324 828 consiliis
1362 794 1515 839 quanta
1551 800 1645 828 cum
1692 786 1897 839 dignitate,
1938 796 2088 840 quanta
2133 802 2227 830 cum

193 849 385 892 comitate
403 849 604 891 interfuit!
662 852 770 903 Ergo
789 850 956 892 scientia
975 851 1052 900 illa,
1075 850 1293 891 senectutis
1316 849 1419 890 inter
1437 851 1663 902 voluptates
1686 864 1711 891 a
1729 850 1865 891 Tullio
1884 852 2056 902 laudata,
2077 852 2228 905 patriae

194 910 318 953 totius
345 913 400 954 ad
431 925 693 954 communem
722 914 907 961 fructum,
939 912 1060 953 etiam
1090 911 1308 952 iuventutis
1333 919 1494 952 nostrae
1524 912 1628 953 inter
1655 913 1788 953 studia
1817 914 1983 954 fortasse
2010 914 2228 967 aliquando

193 973 480 1016 numerabitur.
539 974 634 1025 Qua
653 975 705 1016 de
725 988 778 1024 re,
800 982 845 1015 ut
868 974 991 1015 Tullii
1010 974 1141 1015 verbis
1166 982 1264 1024 utar,
1289 978 1477 1026 ‘possum
1502 974 1689 1027 persequi
1710 977 1908 1028 permulta
1932 976 2228 1018 oblectamenta

193 1048 326 1078 rerum
342 1036 592 1087 rusticarum,
613 1038 686 1079 sed
705 1051 754 1078 ea
771 1038 860 1091 ipsa
878 1052 983 1091 quae
1002 1037 1084 1079 dixi
1103 1037 1234 1079 sentio
1253 1037 1375 1078 fuisse
1395 1037 1575 1090 longiora
1587 1039 1626 1079 '¹.

303 1101 425 1142 Duco
460 1102 514 1142 ad
546 1114 618 1142 vos
652 1101 805 1154 Regiae
835 1101 1047 1143 Societatis
1077 1100 1244 1150 socium,
1279 1100 1407 1141 virum
1441 1102 1642 1153 praeclare
1675 1103 1727 1143 de
1763 1102 1987 1144 Academia
2020 1110 2060 1144 et
2091 1104 2227 1145 adhuc

192 1161 380 1205 meritum
408 1170 449 1205 et
476 1163 520 1204 in
547 1171 755 1216 posterum
784 1164 870 1205 sine
898 1163 1026 1205 dubio
1055 1163 1302 1214 meriturum,
1334 1165 1551 1204 BARONEM
1580 1165 1924 1206 WALsmoHAw.

299 1395 413 1450 (174)
441 1398 608 1437 TrruLo
634 1403 774 1437 nostro
801 1396 975 1449 primum
1002 1395 1187 1437 omnium
1217 1395 1340 1436 hodie
1369 1408 1559 1436 ornamus
1586 1394 1714 1434 virum
1744 1393 1868 1435 titulis
1898 1408 2020 1448 quam
2045 1396 2227 1448 plurimis

191 1458 356 1500 aliunde
383 1460 629 1509 decoratum,
651 1459 721 1511 qui
740 1458 810 1512 (ne
830 1459 986 1499 minora
1005 1458 1339 1511 commemorem)
1360 1458 1468 1499 orbis
1488 1466 1679 1498 terrarum
1699 1458 1740 1498 in
1760 1459 1988 1510 regionibus
2011 1461 2115 1501 inter
2139 1474 2228 1502 sese

191 1521 478 1571 remotissimis,
499 1522 603 1562 inter
621 1521 804 1562 omnium
823 1521 1157 1574 approbationem
1178 1521 1358 1573 Reginae
1378 1520 1502 1573 ipsius
1521 1520 1690 1560 vicarius
1710 1521 1868 1561 exstitit.
1928 1522 2039 1573 Quid
2059 1524 2225 1563 referam

192 1599 262 1627 sex
279 1599 409 1627 annos
427 1585 470 1626 in
490 1585 695 1638 provincia
714 1584 946 1627 Canadensi
965 1585 1132 1626 feliciter
1150 1592 1322 1634 exactos,
1343 1584 1415 1625 ubi
1434 1583 1496 1637 (ut
1515 1589 1659 1637 poetae
1678 1585 1814 1625 locum
1834 1584 1887 1625 ab
1907 1584 1995 1638 ipso
2015 1588 2224 1638 quondam

192 1661 277 1690 non
295 1648 383 1690 sine
401 1650 537 1703 lepore
555 1649 764 1689 laudatum
784 1647 993 1700 usurpem)

1175 1709 1422 1762 Hyperionis
1451 1709 1575 1750 instar

710 1765 805 1807 solis
834 1765 875 1806 in
904 1765 1066 1807 occidui
1094 1765 1196 1806 solio
1225 1766 1458 1805 flammante
1485 1763 1674 1805 sedebat⁸
1686 1778 1698 1814 3

191 1842 263 1884 ubi
283 1842 526 1884 ‘occidentis
555 1856 683 1896 usque
708 1843 762 1883 ad
787 1842 973 1883 ultimum
1003 1841 1179 1882 sinum’⁴
1197 1841 1300 1881 inter
1322 1839 1503 1881 omnium
1530 1841 1694 1892 plausus
1719 1840 1828 1880 velut
1847 1839 2098 1892 triumphans
2117 1840 2202 1882 ibat
2214 1857 2226 1893 ς

190 1905 262 1946 ubi
293 1905 336 1946 in
368 1905 537 1947 coloniis
569 1905 645 1946 illis
679 1904 920 1946 fidelissimis
954 1904 1153 1957 Reginam
1186 1917 1278 1956 erga
1310 1902 1439 1955 ipsam
1472 1915 1652 1942 amorem
1683 1901 1814 1942 indies
1845 1902 2140 1954 flagrantiorem
2170 1903 2227 1943 in-

190 1968 420 2010 cendebat?
475 1967 588 2023 Quid
612 1981 741 2009 annos
768 1975 956 2020 quattuor
982 1967 1115 2008 dicam
1142 1966 1309 2019 imperio
1336 1973 1474 2006 nostro
1493 1965 1596 2006 inter
1616 1966 1743 2006 Indos
1763 1979 1846 2006 non
1867 1967 1991 2007 modo
2010 1967 2228 2018 prudenter

189 2033 468 2074 conservando
487 2033 560 2074 sed
578 2032 699 2073 etiam
718 2032 871 2073 fortiter
889 2032 1144 2084 prorogando
1164 2030 1404 2072 dedicatos?
1460 2028 1623 2069 Etenim
1647 2029 1688 2069 in
1715 2029 1912 2070 orientem
1937 2043 2073 2070 versus
2099 2032 2227 2071 solem

189 2095 394 2150 regionem
413 2095 500 2149 ipsa
519 2095 727 2136 Britannia
745 2095 872 2136 tribus
891 2095 1071 2148 partibus
1091 2094 1284 2135 maiorem
1309 2093 1477 2146 imperio
1501 2100 1639 2134 nostro
1663 2093 1831 2143 addidit,
1853 2107 1961 2134 novo
1985 2094 2228 2146 cognomine

191 2157 458 2199 Burmanicus
490 2157 682 2211 appellari
710 2158 886 2199 meritus.
946 2159 1063 2199 Idem
1090 2157 1132 2198 in
1158 2156 1425 2210 legationibus
1451 2155 1651 2197 obeundis
1677 2169 1798 2208 quam
1831 2155 2079 2205 exercitatus,
2106 2170 2229 2210 quam

189 2223 391 2276 praeclare
418 2224 620 2264 versatus!
678 2224 788 2265 Olim
822 2222 863 2262 in
894 2222 1005 2274 Syria
1036 2221 1358 2263 Christianorum
1387 2219 1592 2273 sanguinis
1625 2219 1771 2260 vindex
1784 2234 1796 2269 ς
1833 2227 1974 2272 postea
2006 2222 2114 2261 velut
2142 2234 2226 2261 uno

189 2292 330 2327 tenore
351 2285 576 2338 Petropolis
601 2300 626 2326 a
644 2286 797 2339 pruinis
818 2285 990 2338 Bospori
1009 2293 1131 2338 atque
1150 2286 1255 2326 adeo
1279 2284 1364 2325 Nili
1383 2285 1436 2325 ad
1460 2286 1587 2324 solem
1609 2283 1792 2331 transiit⁵,
1815 2283 1996 2335 quolibet
2016 2284 2092 2324 sub
2112 2286 2226 2325 caelo

190 2347 344 2401 ubique
375 2347 480 2396 felix,
515 2348 636 2389 etiam
671 2349 812 2390 Italiae
841 2349 883 2389 in
912 2350 1002 2389 luce
1029 2349 1250 2401 aliquando
1282 2361 1367 2388 non
1396 2347 1530 2388 minus
1563 2361 1685 2400 quam
1718 2354 1838 2387 antea
1867 2347 2027 2388 illustris
2057 2349 2223 2389 futurus.

191 2410 332 2464 Legati
350 2423 447 2451 sane
465 2410 568 2451 inter
586 2410 750 2452 virtutes
770 2411 1018 2451 taciturnitas
1037 2411 1238 2463 quaedam
1260 2423 1343 2450 non
1362 2409 1564 2450 immerito
1579 2417 1821 2459 numeratur,
1840 2423 1944 2461 quae
1963 2409 2005 2449 in
2025 2411 2103 2450 hoc
2118 2418 2226 2452 certe

190 2472 276 2514 viro
294 2487 389 2514 cum
407 2473 634 2514 admirabili
653 2482 926 2514 consentanea
944 2482 1005 2515 est
1024 2473 1264 2526 eloquentia.
1325 2473 1504 2514 Oratoris
1529 2473 1648 2525 igitur
1671 2473 2001 2525 eloquentissimi,
2022 2474 2226 2515 comoedi-

189 2549 303 2576 arum
336 2535 538 2588 scriptoris
570 2535 825 2588 lepidissimi‘
855 2550 1068 2588 pronepos,
1099 2550 1232 2588 neque
1260 2549 1342 2575 una
1368 2535 1411 2575 in
1439 2537 1579 2576 tellure
1607 2549 1740 2588 neque
1769 2548 1850 2575 una
1877 2535 1919 2575 in
1947 2535 2083 2588 lingua
2111 2537 2224 2577 dedit

189 2597 360 2651 insignia
391 2598 646 2650 eloquentiae
679 2599 934 2638 documenta.
995 2598 1104 2639 Olim
1133 2598 1254 2638 etiam
1288 2597 1330 2637 in
1358 2597 1499 2637 ultima
1527 2598 1660 2636 Thule
1691 2597 1834 2637 Latine
1862 2597 2051 2646 locutus⁷,
2083 2605 2223 2649 postea

190 2661 316 2701 semel
338 2661 479 2701 saltem
499 2661 695 2701 Graecam
715 2660 818 2701 inter
838 2661 1128 2710 Canadenses⁸,
1152 2659 1351 2700 Persicam
1374 2659 1478 2699 inter
1505 2659 1662 2707 Indos⁹,
1686 2658 1882 2699 Gallicam
1907 2672 2041 2699 coram
2069 2660 2223 2701 Galliae

190 2722 398 2764 comoedis
417 2722 766 2776 praestantissimis
789 2722 930 2763 habuit
953 2722 1220 2763 orationem¹⁰.
1280 2721 1413 2761 Patrio
1432 2729 1567 2761 autem
1588 2720 1630 2760 in
1651 2733 1836 2761 sermone
1857 2734 1978 2772 quam
1998 2730 2220 2775 promptus,

281 2816 294 2838 ¹
319 2818 451 2859 Cicero,
462 2819 517 2852 De
531 2820 709 2859 Senectute,
725 2829 762 2861 ⁵¹
779 2819 845 2852 and
858 2828 910 2861 55.
992 2818 1006 2839 ²
1029 2818 1121 2851 Lord
1133 2817 1366 2859 Walsingham
1378 2827 1446 2849 was
1456 2815 1619 2849 admitted
1631 2820 1666 2848 to
1682 2816 1739 2849 the
1755 2817 1903 2858 complete
1918 2816 2039 2858 degree
2052 2816 2091 2848 os
2103 2816 2225 2850 LL.D.

190 2861 327 2895 bonon&
339 2873 452 2896 causa.
499 2863 558 2895 All
575 2863 631 2895 the
647 2863 745 2896 other
759 2863 898 2906 degrees
913 2862 1087 2895 conferred
1103 2873 1147 2895 on
1162 2862 1220 2894 the
1236 2872 1327 2894 same
1343 2860 1499 2894 occasion
1515 2870 1603 2892 were
1618 2860 1750 2892 titular.
1854 2859 1868 2879 ⁸
1892 2862 1915 2877 ‘⁴
1925 2860 2010 2892 Like
2029 2860 2217 2903 Hyperion,

194 2905 397 2939 ‘enthroned
423 2906 458 2939 in
485 2906 542 2940 the
565 2906 703 2950 flaming
724 2906 876 2944 West'”,
892 2907 921 2939 is
938 2906 1068 2949 printed
1093 2917 1129 2938 as
1151 2917 1172 2938 a
1194 2905 1368 2948 quotation
1389 2904 1424 2936 in
1448 2904 1506 2936 the
1528 2904 1644 2946 Speeck
1665 2908 1703 2935 at
1724 2904 1778 2935 the
1800 2903 1936 2946 Refhrm
1964 2904 2059 2941 Club,
2078 2913 2117 2936 ἠ
2136 2904 2219 2937 Feb.

196 2950 299 2993 18793
322 2949 382 2982 but
405 2950 499 2983 these
520 2950 631 2983 words
654 2950 748 2993 (with
771 2950 858 2983 their
880 2948 1030 2992 context)
1046 2961 1102 2982 are
1125 2949 1205 2991 only
1227 2960 1248 2981 a
1269 2948 1405 2991 general
1421 2948 1658 2980 reminiscence
1675 2948 1713 2979 of
1733 2948 1850 2987 Keats,
1868 2948 2056 2990 Hypertbn,
2072 2948 2084 2980 i
2103 2948 2221 2981 161—8.

191 2991 208 3013 ⁴
230 2993 376 3032 Horace,
392 2993 428 3026 E
503 3005 530 3031 s,
543 2995 553 3026 i
573 3005 623 3037 13·
710 2994 725 3014 ⁵
750 2995 825 3027 ‘He
842 2995 960 3037 passed
977 2994 1119 3026 without
1132 3004 1152 3026 a
1163 2993 1338 3035 difficulty.
1349 3003 1388 3024 or
1403 3002 1423 3024 a
1438 2991 1628 3031 difference,
1643 2991 1729 3023 from
1742 2991 1799 3023 the
1811 2991 1909 3023 frosts
1919 2991 1956 3023 of
1969 2991 2009 3024 St
2023 2992 2222 3035 Petersburg

193 3041 230 3069 to
244 3036 303 3070 the
318 3047 379 3069 sun
395 3048 417 3070 o
445 3037 746 3081 Constantinople’
765 3037 872 3081 (Lord
890 3035 1088 3080 Rosebery).
1257 3035 1272 3057 ⁶
1295 3036 1473 3069 Sheridan.
1639 3034 1652 3055 ⁷
1675 3035 1902 3078 Lettersfrom
1920 3035 2015 3078 Hzgh
2031 3035 2218 3076 Latitudes,

219 3102 228 3112 .
244 3080 322 3118 66f,
337 3081 392 3113 ed.
413 3081 506 3123 1857.
766 3082 781 3102 ὅ
803 3083 850 3115 At
866 3082 923 3114 the
941 3081 1138 3123 University
1153 3080 1192 3113 os
1211 3079 1394 3117 Montreal,
1415 3090 1452 3121 13
1471 3079 1553 3111 Feb.
1575 3079 1668 3120 1878,
1686 3079 1844 3122 Speeches,
1864 3079 1918 3112 ed.
1936 3078 2072 3120 Milton,
2090 3090 2124 3123 p.
2147 3088 2223 3122 247.

228 3124 261 3157 A
275 3129 453 3157 statement
469 3125 632 3168 probably
648 3126 714 3158 due
730 3130 766 3158 to
781 3137 874 3158 some
890 3136 1026 3158 rumour
1040 3125 1165 3168 arising
1180 3129 1238 3157 out
1253 3124 1293 3156 of
1306 3124 1397 3156 Lord
1411 3121 1593 3156 Dufferin's
1609 3122 1821 3155 remarkable
1836 3123 1986 3166 industry
2002 3133 2038 3155 as
2051 3134 2071 3155 a
2086 3124 2222 3157 student

193 3167 231 3201 of
245 3167 382 3201 Persian
400 3167 497 3211 (Life,
515 3169 562 3211 by
577 3169 632 3203 Sir
647 3170 766 3202 Alfred
784 3170 893 3212 Lyall,
912 3170 935 3202 ii
952 3170 1028 3210 287,
1048 3180 1123 3211 300,
1143 3167 1232 3210 317).
1370 3165 1396 3188 ¹⁰
1421 3168 1461 3200 28
1476 3167 1557 3210 July
1577 3167 1671 3208 1871,
1688 3167 1848 3210 Speeches,
1865 3167 1917 3199 l.c.
1934 3177 1968 3210 p.
1989 3177 2062 3211 1²9·

303 3251 336 3280 s.
357 3251 388 3281 s.
1188 3243 1240 3291 89
2065 3253 2111 3279 12
