<?xml version="1.0" encoding="UTF-8"?>
<!DOCTYPE html PUBLIC "-//W3C//DTD XHTML 1.0 Transitional//EN"
    "http://www.w3.org/TR/xhtml1/DTD/xhtml1-transitional.dtd">
<html xmlns="http://www.w3.org/1999/xhtml" xml:lang="en" lang="en">
 <head>
  <title>
</title>
<meta http-equiv="Content-Type" content="text/html;charset=utf-8" />
  <meta name='ocr-system' content='tesseract 3.04.00' />
  <meta name='ocr-capabilities' content='ocr_page ocr_carea ocr_par ocr_line ocrx_word'/>
</head>
<body>
  <div class='ocr_page' id='page_1' title='image "./orationesetepist00sanduoft_0069.png"; bbox 0 0 2704 3770; ppageno 0'>
   <div class='ocr_carea' id='block_1_1' title="bbox 826 330 1569 397">
    <p class='ocr_par' dir='ltr' id='par_1_1' title="bbox 826 330 1569 397">
     <span class='ocr_line' id='line_1_1' title="bbox 826 330 1569 397; baseline 0.001 -16"><span class='ocrx_word' id='word_1_1' title='bbox 826 330 971 397; x_wconf 76' lang='lat' dir='ltr'><strong>John</strong></span> <span class='ocrx_word' id='word_1_2' title='bbox 1004 330 1320 381; x_wconf 78' lang='lat' dir='ltr'><strong>Richardson</strong></span> <span class='ocrx_word' id='word_1_3' title='bbox 1358 331 1569 397; x_wconf 81' lang='lat' dir='ltr'><strong>Selwyn.</strong></span> 
     </span>
    </p>
   </div>
   <div class='ocr_carea' id='block_1_2' title="bbox 188 477 2220 843">
    <p class='ocr_par' dir='ltr' id='par_1_2' title="bbox 188 477 2220 843">
     <span class='ocr_line' id='line_1_2' title="bbox 188 477 2218 531; baseline 0 -10"><span class='ocrx_word' id='word_1_4' title='bbox 188 479 407 522; x_wconf 81' lang='lat' dir='ltr'><strong>audiuntur</strong></span> <span class='ocrx_word' id='word_1_5' title='bbox 431 477 609 519; x_wconf 85' lang='lat' dir='ltr'><strong>carmina</strong></span> <span class='ocrx_word' id='word_1_6' title='bbox 634 477 701 518; x_wconf 90' lang='lat' dir='ltr'><strong>illa</strong></span> <span class='ocrx_word' id='word_1_7' title='bbox 726 492 837 519; x_wconf 89' lang='lat' dir='ltr'><strong>sacra</strong></span> <span class='ocrx_word' id='word_1_8' title='bbox 863 479 916 518; x_wconf 88' lang='lat' dir='ltr'><strong>ab</strong></span> <span class='ocrx_word' id='word_1_9' title='bbox 942 479 1087 518; x_wconf 90' lang='lat' dir='ltr'><strong>eodem</strong></span> <span class='ocrx_word' id='word_1_10' title='bbox 1117 477 1200 518; x_wconf 91' lang='lat' dir='ltr'><strong>sive</strong></span> <span class='ocrx_word' id='word_1_11' title='bbox 1228 477 1337 518; x_wconf 92' lang='lat' dir='ltr'><strong>edita</strong></span> <span class='ocrx_word' id='word_1_12' title='bbox 1365 477 1447 518; x_wconf 92' lang='lat' dir='ltr'><strong>sive</strong></span> <span class='ocrx_word' id='word_1_13' title='bbox 1476 478 1681 529; x_wconf 67' lang='lat' dir='ltr'><strong>inventa),</strong></span> <span class='ocrx_word' id='word_1_14' title='bbox 1714 488 1812 531; x_wconf 92' lang='lat' dir='ltr'><strong>quot</strong></span> <span class='ocrx_word' id='word_1_15' title='bbox 1841 480 1882 520; x_wconf 90' lang='lat' dir='ltr'><strong>in</strong></span> <span class='ocrx_word' id='word_1_16' title='bbox 1912 481 2097 521; x_wconf 90' lang='lat' dir='ltr'><strong>manibus</strong></span> <span class='ocrx_word' id='word_1_17' title='bbox 2126 489 2218 522; x_wconf 87' lang='lat' dir='ltr'><strong>sunt</strong></span> 
     </span>
     <span class='ocr_line' id='line_1_3' title="bbox 190 539 2217 594; baseline 0 -11"><span class='ocrx_word' id='word_1_18' title='bbox 190 541 341 583; x_wconf 84' lang='lat' dir='ltr'><strong>maiora</strong></span> <span class='ocrx_word' id='word_1_19' title='bbox 358 541 426 581; x_wconf 86' lang='lat' dir='ltr'><strong>ina</strong></span> <span class='ocrx_word' id='word_1_20' title='bbox 444 545 642 593; x_wconf 75' lang='lat' dir='ltr'><strong>poemata,</strong></span> <span class='ocrx_word' id='word_1_21' title='bbox 664 540 706 581; x_wconf 89' lang='lat' dir='ltr'><strong>in</strong></span> <span class='ocrx_word' id='word_1_22' title='bbox 726 540 873 593; x_wconf 91' lang='lat' dir='ltr'><strong>quibus</strong></span> <span class='ocrx_word' id='word_1_23' title='bbox 894 539 1108 581; x_wconf 90' lang='lat' dir='ltr'><strong>Miltonico</strong></span> <span class='ocrx_word' id='word_1_24' title='bbox 1128 541 1307 592; x_wconf 89' lang='lat' dir='ltr'><strong>quodam</strong></span> <span class='ocrx_word' id='word_1_25' title='bbox 1326 547 1563 592; x_wconf 89' lang='lat' dir='ltr'><strong>argumento</strong></span> <span class='ocrx_word' id='word_1_26' title='bbox 1582 540 1663 580; x_wconf 88' lang='lat' dir='ltr'><strong>vita</strong></span> <span class='ocrx_word' id='word_1_27' title='bbox 1681 542 1858 581; x_wconf 88' lang='lat' dir='ltr'><strong>humana</strong></span> <span class='ocrx_word' id='word_1_28' title='bbox 1877 556 1947 594; x_wconf 90' lang='lat' dir='ltr'><strong>per</strong></span> <span class='ocrx_word' id='word_1_29' title='bbox 1969 544 2217 583; x_wconf 89' lang='lat' dir='ltr'><strong>saeculorum</strong></span> 
     </span>
     <span class='ocr_line' id='line_1_4' title="bbox 189 601 2205 656; baseline 0 -12"><span class='ocrx_word' id='word_1_30' title='bbox 189 602 492 656; x_wconf 83' lang='lat' dir='ltr'><strong>praeteritorum</strong></span> <span class='ocrx_word' id='word_1_31' title='bbox 529 616 690 643; x_wconf 91' lang='lat' dir='ltr'><strong>cursum</strong></span> <span class='ocrx_word' id='word_1_32' title='bbox 729 602 976 651; x_wconf 87' lang='lat' dir='ltr'><strong>describitur,</strong></span> <span class='ocrx_word' id='word_1_33' title='bbox 1012 601 1197 654; x_wconf 90' lang='lat' dir='ltr'><strong>vitaeque</strong></span> <span class='ocrx_word' id='word_1_34' title='bbox 1229 603 1383 642; x_wconf 88' lang='lat' dir='ltr'><strong>futurae</strong></span> <span class='ocrx_word' id='word_1_35' title='bbox 1422 602 1608 654; x_wconf 88' lang='lat' dir='ltr'><strong>mysteria</strong></span> <span class='ocrx_word' id='word_1_36' title='bbox 1645 603 1974 654; x_wconf 61' lang='lat' dir='ltr'><strong>praesagiunturss.</strong></span> <span class='ocrx_word' id='word_1_37' title='bbox 2033 605 2205 645; x_wconf 85' lang='lat' dir='ltr'>Habetis</span> 
     </span>
     <span class='ocr_line' id='line_1_5' title="bbox 189 665 2220 719; baseline 0.001 -13"><span class='ocrx_word' id='word_1_38' title='bbox 189 666 437 716; x_wconf 79' lang='lat' dir='ltr'><strong>Academici,</strong></span> <span class='ocrx_word' id='word_1_39' title='bbox 466 668 668 719; x_wconf 88' lang='lat' dir='ltr'><strong>exemplar</strong></span> <span class='ocrx_word' id='word_1_40' title='bbox 695 665 765 706; x_wconf 92' lang='lat' dir='ltr'><strong>viri</strong></span> <span class='ocrx_word' id='word_1_41' title='bbox 794 665 864 718; x_wconf 94' lang='lat' dir='ltr'><strong>qui</strong></span> <span class='ocrx_word' id='word_1_42' title='bbox 894 667 1034 706; x_wconf 87' lang='lat' dir='ltr'>Musas</span> <span class='ocrx_word' id='word_1_43' title='bbox 1062 665 1150 705; x_wconf 87' lang='lat' dir='ltr'><strong>illas</strong></span> <span class='ocrx_word' id='word_1_44' title='bbox 1178 665 1355 714; x_wconf 89' lang='lat' dir='ltr'><strong>dilectas,</strong></span> <span class='ocrx_word' id='word_1_45' title='bbox 1387 679 1487 717; x_wconf 90' lang='lat' dir='ltr'><strong>quas</strong></span> <span class='ocrx_word' id='word_1_46' title='bbox 1516 665 1612 706; x_wconf 91' lang='lat' dir='ltr'><strong>olim</strong></span> <span class='ocrx_word' id='word_1_47' title='bbox 1639 666 1742 706; x_wconf 89' lang='lat' dir='ltr'><strong>inter</strong></span> <span class='ocrx_word' id='word_1_48' title='bbox 1763 667 1835 706; x_wconf 89' lang='lat' dir='ltr'><strong>has</strong></span> <span class='ocrx_word' id='word_1_49' title='bbox 1867 668 2075 707; x_wconf 91' lang='lat' dir='ltr'>Musarum</span> <span class='ocrx_word' id='word_1_50' title='bbox 2104 669 2220 708; x_wconf 88' lang='lat' dir='ltr'><strong>sedes</strong></span> 
     </span>
     <span class='ocr_line' id='line_1_6' title="bbox 189 727 2220 780; baseline 0 -12"><span class='ocrx_word' id='word_1_51' title='bbox 189 727 344 778; x_wconf 83' lang='lat' dir='ltr'><strong>iuvenis</strong></span> <span class='ocrx_word' id='word_1_52' title='bbox 363 728 534 777; x_wconf 88' lang='lat' dir='ltr'><strong>colebat,</strong></span> <span class='ocrx_word' id='word_1_53' title='bbox 555 742 608 769; x_wconf 90' lang='lat' dir='ltr'><strong>ne</strong></span> <span class='ocrx_word' id='word_1_54' title='bbox 627 736 782 768; x_wconf 87' lang='lat' dir='ltr'><strong>matura</strong></span> <span class='ocrx_word' id='word_1_55' title='bbox 801 727 966 780; x_wconf 91' lang='lat' dir='ltr'><strong>quidem</strong></span> <span class='ocrx_word' id='word_1_56' title='bbox 992 735 1124 768; x_wconf 88' lang='lat' dir='ltr'><strong>aetate</strong></span> <span class='ocrx_word' id='word_1_57' title='bbox 1149 727 1336 768; x_wconf 90' lang='lat' dir='ltr'><strong>deseruit.</strong></span> <span class='ocrx_word' id='word_1_58' title='bbox 1394 727 1551 768; x_wconf 90' lang='lat' dir='ltr'><strong>Videtis</strong></span> <span class='ocrx_word' id='word_1_59' title='bbox 1577 728 1699 768; x_wconf 90' lang='lat' dir='ltr'><strong>etiam</strong></span> <span class='ocrx_word' id='word_1_60' title='bbox 1723 741 1845 780; x_wconf 87' lang='lat' dir='ltr'><strong>quam</strong></span> <span class='ocrx_word' id='word_1_61' title='bbox 1870 742 1961 769; x_wconf 88' lang='lat' dir='ltr'><strong>vera</strong></span> <span class='ocrx_word' id='word_1_62' title='bbox 1987 729 2065 769; x_wconf 91' lang='lat' dir='ltr'><strong>sint</strong></span> <span class='ocrx_word' id='word_1_63' title='bbox 2089 736 2220 770; x_wconf 91' lang='lat' dir='ltr'><strong>vetera</strong></span> 
     </span>
     <span class='ocr_line' id='line_1_7' title="bbox 190 790 1332 843; baseline -0.002 -10"><span class='ocrx_word' id='word_1_64' title='bbox 190 790 258 832; x_wconf 80' lang='lat' dir='ltr'><strong>illa</strong></span> <span class='ocrx_word' id='word_1_65' title='bbox 277 791 536 833; x_wconf 84' lang='lat' dir='ltr'><strong>Callimachi⁸</strong></span> <span class='ocrx_word' id='word_1_66' title='bbox 554 792 687 840; x_wconf 88' lang='lat' dir='ltr'><strong>verba,</strong></span> <span class='ocrx_word' id='word_1_67' title='bbox 707 804 812 843; x_wconf 90' lang='lat' dir='ltr'><strong>quae</strong></span> <span class='ocrx_word' id='word_1_68' title='bbox 832 791 976 832; x_wconf 81' lang='lat' dir='ltr'>Latine</span> <span class='ocrx_word' id='word_1_69' title='bbox 994 792 1162 832; x_wconf 87' lang='lat' dir='ltr'><strong>reddere</strong></span> <span class='ocrx_word' id='word_1_70' title='bbox 1180 791 1332 832; x_wconf 91' lang='lat' dir='ltr'><strong>ausim:</strong></span> 
     </span>
    </p>
   </div>
   <div class='ocr_carea' id='block_1_3' title="bbox 680 870 1738 973">
    <p class='ocr_par' dir='ltr' id='par_1_3' title="bbox 680 870 1738 973">
     <span class='ocr_line' id='line_1_8' title="bbox 680 870 1738 923; baseline -0.001 -12"><span class='ocrx_word' id='word_1_71' title='bbox 680 871 712 911; x_wconf 91' lang='lat' dir='ltr'><strong>si</strong></span> <span class='ocrx_word' id='word_1_72' title='bbox 741 884 864 923; x_wconf 90' lang='lat' dir='ltr'><strong>quem</strong></span> <span class='ocrx_word' id='word_1_73' title='bbox 894 871 1071 912; x_wconf 90' lang='lat' dir='ltr'><strong>Pierides</strong></span> <span class='ocrx_word' id='word_1_74' title='bbox 1099 871 1285 912; x_wconf 90' lang='lat' dir='ltr'><strong>iuvenem</strong></span> <span class='ocrx_word' id='word_1_75' title='bbox 1314 872 1532 923; x_wconf 83' lang='lat' dir='ltr'><strong>adspexere</strong></span> <span class='ocrx_word' id='word_1_76' title='bbox 1561 870 1738 923; x_wconf 91' lang='lat' dir='ltr'><strong>benigno</strong></span> 
     </span>
     <span class='ocr_line' id='line_1_9' title="bbox 734 925 1570 973; baseline 0 -8"><span class='ocrx_word' id='word_1_77' title='bbox 734 925 896 973; x_wconf 88' lang='lat' dir='ltr'><strong>lumine,</strong></span> <span class='ocrx_word' id='word_1_78' title='bbox 927 938 1011 966; x_wconf 91' lang='lat' dir='ltr'><strong>non</strong></span> <span class='ocrx_word' id='word_1_79' title='bbox 1039 926 1152 966; x_wconf 93' lang='lat' dir='ltr'><strong>illum</strong></span> <span class='ocrx_word' id='word_1_80' title='bbox 1182 927 1392 966; x_wconf 91' lang='lat' dir='ltr'><strong>deseruere</strong></span> <span class='ocrx_word' id='word_1_81' title='bbox 1421 939 1570 966; x_wconf 88' lang='lat' dir='ltr'><strong>senem.</strong></span> 
     </span>
    </p>
   </div>
   <div class='ocr_carea' id='block_1_4' title="bbox 192 1004 2222 1107">
    <p class='ocr_par' dir='ltr' id='par_1_4' title="bbox 192 1004 2222 1107">
     <span class='ocr_line' id='line_1_10' title="bbox 300 1004 2222 1058; baseline 0.001 -13"><span class='ocrx_word' id='word_1_82' title='bbox 300 1005 430 1045; x_wconf 90' lang='lat' dir='ltr'>Vobis</span> <span class='ocrx_word' id='word_1_83' title='bbox 484 1012 696 1057; x_wconf 89' lang='lat' dir='ltr'><strong>praesento</strong></span> <span class='ocrx_word' id='word_1_84' title='bbox 744 1004 980 1058; x_wconf 90' lang='lat' dir='ltr'><strong>episcopum</strong></span> <span class='ocrx_word' id='word_1_85' title='bbox 1035 1005 1306 1046; x_wconf 87' lang='lat' dir='ltr'><strong>Exoniensem</strong></span> <span class='ocrx_word' id='word_1_86' title='bbox 1359 1006 1624 1058; x_wconf 86' lang='lat' dir='ltr'><strong>designatum,</strong></span> <span class='ocrx_word' id='word_1_87' title='bbox 1674 1007 1924 1046; x_wconf 79' lang='lat' dir='ltr'>EDVARDUM</span> <span class='ocrx_word' id='word_1_88' title='bbox 1978 1007 2222 1046; x_wconf 83' lang='lat' dir='ltr'>HENRICUM</span> 
     </span>
     <span class='ocr_line' id='line_1_11' title="bbox 192 1066 509 1107; baseline 0 -1"><span class='ocrx_word' id='word_1_89' title='bbox 192 1066 509 1107; x_wconf 69' lang='lat' dir='ltr'><strong>Brcxaksrmn.</strong></span> 
     </span>
    </p>
   </div>
   <div class='ocr_carea' id='block_1_5' title="bbox 1008 1186 1408 1251">
    <p class='ocr_par' dir='ltr' id='par_1_5' title="bbox 1008 1186 1408 1251">
     <span class='ocr_line' id='line_1_12' title="bbox 1008 1186 1408 1251; baseline 0 -17"><span class='ocrx_word' id='word_1_90' title='bbox 1008 1188 1068 1235; x_wconf 87' lang='lat'><strong>28</strong></span> <span class='ocrx_word' id='word_1_91' title='bbox 1110 1186 1243 1251; x_wconf 82' lang='lat' dir='ltr'><strong>May</strong></span> <span class='ocrx_word' id='word_1_92' title='bbox 1283 1188 1408 1249; x_wconf 88' lang='lat'>1885</span> 
     </span>
    </p>
   </div>
   <div class='ocr_carea' id='block_1_6' title="bbox 194 1297 2231 2912">
    <p class='ocr_par' dir='ltr' id='par_1_6' title="bbox 194 1297 2231 2607">
     <span class='ocr_line' id='line_1_13' title="bbox 301 1297 2225 1352; baseline 0.002 -14"><span class='ocrx_word' id='word_1_93' title='bbox 301 1297 392 1352; x_wconf 85' lang='lat'><strong>(90)</strong></span> <span class='ocrx_word' id='word_1_94' title='bbox 434 1299 760 1339; x_wconf 77' lang='lat' dir='ltr'><strong>SAEPENUMERO</strong></span> <span class='ocrx_word' id='word_1_95' title='bbox 796 1298 838 1338; x_wconf 89' lang='lat' dir='ltr'><strong>in</strong></span> <span class='ocrx_word' id='word_1_96' title='bbox 876 1299 955 1339; x_wconf 89' lang='lat' dir='ltr'><strong>hoc</strong></span> <span class='ocrx_word' id='word_1_97' title='bbox 991 1299 1083 1340; x_wconf 92' lang='lat' dir='ltr'><strong>loco</strong></span> <span class='ocrx_word' id='word_1_98' title='bbox 1121 1298 1330 1351; x_wconf 89' lang='lat' dir='ltr'><strong>regionum</strong></span> <span class='ocrx_word' id='word_1_99' title='bbox 1368 1307 1612 1340; x_wconf 90' lang='lat' dir='ltr'><strong>remotarum</strong></span> <span class='ocrx_word' id='word_1_100' title='bbox 1650 1300 1863 1352; x_wconf 91' lang='lat' dir='ltr'><strong>episcopos</strong></span> <span class='ocrx_word' id='word_1_101' title='bbox 1902 1299 2144 1352; x_wconf 87' lang='lat' dir='ltr'><strong>designatos,</strong></span> <span class='ocrx_word' id='word_1_102' title='bbox 2184 1301 2225 1341; x_wconf 92' lang='lat' dir='ltr'><strong>in</strong></span> 
     </span>
     <span class='ocr_line' id='line_1_14' title="bbox 194 1361 2227 1414; baseline 0.001 -12"><span class='ocrx_word' id='word_1_103' title='bbox 194 1361 419 1414; x_wconf 83' lang='lat' dir='ltr'><strong>provincias</strong></span> <span class='ocrx_word' id='word_1_104' title='bbox 457 1375 549 1402; x_wconf 87' lang='lat' dir='ltr'><strong>suas</strong></span> <span class='ocrx_word' id='word_1_105' title='bbox 591 1361 827 1414; x_wconf 89' lang='lat' dir='ltr'><strong>propediem</strong></span> <span class='ocrx_word' id='word_1_106' title='bbox 869 1363 1130 1414; x_wconf 86' lang='lat' dir='ltr'><strong>profecturos,</strong></span> <span class='ocrx_word' id='word_1_107' title='bbox 1171 1369 1307 1403; x_wconf 91' lang='lat' dir='ltr'><strong>nostra</strong></span> <span class='ocrx_word' id='word_1_108' title='bbox 1343 1363 1635 1412; x_wconf 88' lang='lat' dir='ltr'><strong>benevolentia,</strong></span> <span class='ocrx_word' id='word_1_109' title='bbox 1676 1363 1820 1404; x_wconf 90' lang='lat' dir='ltr'><strong>nostris</strong></span> <span class='ocrx_word' id='word_1_110' title='bbox 1861 1363 2048 1404; x_wconf 86' lang='lat' dir='ltr'><strong>laudibus</strong></span> <span class='ocrx_word' id='word_1_111' title='bbox 2090 1378 2227 1405; x_wconf 90' lang='lat' dir='ltr'><strong>sumus</strong></span> 
     </span>
     <span class='ocr_line' id='line_1_15' title="bbox 194 1425 2228 1479; baseline 0.001 -15"><span class='ocrx_word' id='word_1_112' title='bbox 194 1425 396 1477; x_wconf 82' lang='lat' dir='ltr'><strong>prosecuti</strong></span> <span class='ocrx_word' id='word_1_113' title='bbox 408 1438 421 1474; x_wconf 80' lang='lat'>3</span> <span class='ocrx_word' id='word_1_114' title='bbox 457 1425 581 1466; x_wconf 91' lang='lat' dir='ltr'><strong>hodie</strong></span> <span class='ocrx_word' id='word_1_115' title='bbox 612 1439 705 1466; x_wconf 89' lang='lat' dir='ltr'><strong>vero</strong></span> <span class='ocrx_word' id='word_1_116' title='bbox 739 1425 985 1477; x_wconf 89' lang='lat' dir='ltr'><strong>episcopum,</strong></span> <span class='ocrx_word' id='word_1_117' title='bbox 1019 1438 1103 1465; x_wconf 89' lang='lat' dir='ltr'><strong>non</strong></span> <span class='ocrx_word' id='word_1_118' title='bbox 1137 1426 1216 1465; x_wconf 90' lang='lat' dir='ltr'><strong>iam</strong></span> <span class='ocrx_word' id='word_1_119' title='bbox 1255 1439 1327 1478; x_wconf 90' lang='lat' dir='ltr'><strong>spe</strong></span> <span class='ocrx_word' id='word_1_120' title='bbox 1357 1434 1397 1467; x_wconf 88' lang='lat' dir='ltr'><strong>et</strong></span> <span class='ocrx_word' id='word_1_121' title='bbox 1434 1427 1713 1479; x_wconf 87' lang='lat' dir='ltr'><strong>expectatione</strong></span> <span class='ocrx_word' id='word_1_122' title='bbox 1751 1427 1970 1477; x_wconf 89' lang='lat' dir='ltr'><strong>laudatum,</strong></span> <span class='ocrx_word' id='word_1_123' title='bbox 2003 1428 2076 1467; x_wconf 87' lang='lat' dir='ltr'><strong>sed</strong></span> <span class='ocrx_word' id='word_1_124' title='bbox 2109 1441 2151 1467; x_wconf 90' lang='lat' dir='ltr'><strong>re</strong></span> <span class='ocrx_word' id='word_1_125' title='bbox 2189 1435 2228 1468; x_wconf 92' lang='lat' dir='ltr'><strong>et</strong></span> 
     </span>
     <span class='ocr_line' id='line_1_16' title="bbox 195 1487 2228 1541; baseline 0.001 -13"><span class='ocrx_word' id='word_1_126' title='bbox 195 1487 437 1540; x_wconf 85' lang='lat' dir='ltr'><strong>experientia</strong></span> <span class='ocrx_word' id='word_1_127' title='bbox 461 1489 674 1541; x_wconf 88' lang='lat' dir='ltr'><strong>probatum</strong></span> <span class='ocrx_word' id='word_1_128' title='bbox 701 1490 930 1529; x_wconf 84' lang='lat' dir='ltr'><strong>salutamus.</strong></span> <span class='ocrx_word' id='word_1_129' title='bbox 990 1489 1218 1528; x_wconf 88' lang='lat' dir='ltr'><strong>Salutamus</strong></span> <span class='ocrx_word' id='word_1_130' title='bbox 1244 1489 1415 1541; x_wconf 90' lang='lat' dir='ltr'><strong>Collegii</strong></span> <span class='ocrx_word' id='word_1_131' title='bbox 1441 1489 1603 1529; x_wconf 89' lang='lat' dir='ltr'><strong>maximi</strong></span> <span class='ocrx_word' id='word_1_132' title='bbox 1629 1489 1883 1541; x_wconf 91' lang='lat' dir='ltr'><strong>discipulum,</strong></span> <span class='ocrx_word' id='word_1_133' title='bbox 1909 1489 1990 1540; x_wconf 91' lang='lat' dir='ltr'><strong>qui,</strong></span> <span class='ocrx_word' id='word_1_134' title='bbox 2016 1490 2228 1530; x_wconf 90' lang='lat' dir='ltr'><strong>Thamesis</strong></span> 
     </span>
     <span class='ocr_line' id='line_1_17' title="bbox 195 1550 2228 1605; baseline 0 -14"><span class='ocrx_word' id='word_1_135' title='bbox 195 1550 299 1592; x_wconf 88' lang='lat' dir='ltr'><strong>inter</strong></span> <span class='ocrx_word' id='word_1_136' title='bbox 326 1553 467 1602; x_wconf 86' lang='lat' dir='ltr'><strong>undas,</strong></span> <span class='ocrx_word' id='word_1_137' title='bbox 489 1552 665 1592; x_wconf 89' lang='lat' dir='ltr'><strong>fluminis</strong></span> <span class='ocrx_word' id='word_1_138' title='bbox 695 1552 772 1592; x_wconf 92' lang='lat' dir='ltr'><strong>Isis</strong></span> <span class='ocrx_word' id='word_1_139' title='bbox 800 1565 894 1592; x_wconf 90' lang='lat' dir='ltr'><strong>cum</strong></span> <span class='ocrx_word' id='word_1_140' title='bbox 923 1551 1095 1591; x_wconf 90' lang='lat' dir='ltr'><strong>alumnis</strong></span> <span class='ocrx_word' id='word_1_141' title='bbox 1125 1553 1214 1604; x_wconf 91' lang='lat' dir='ltr'><strong>plus</strong></span> <span class='ocrx_word' id='word_1_142' title='bbox 1244 1565 1366 1603; x_wconf 90' lang='lat' dir='ltr'><strong>quarn</strong></span> <span class='ocrx_word' id='word_1_143' title='bbox 1395 1554 1520 1593; x_wconf 91' lang='lat' dir='ltr'><strong>semel</strong></span> <span class='ocrx_word' id='word_1_144' title='bbox 1548 1552 1755 1593; x_wconf 88' lang='lat' dir='ltr'><strong>certamini</strong></span> <span class='ocrx_word' id='word_1_145' title='bbox 1784 1552 1840 1591; x_wconf 92' lang='lat' dir='ltr'><strong>illi</strong></span> <span class='ocrx_word' id='word_1_146' title='bbox 1865 1552 2052 1601; x_wconf 89' lang='lat' dir='ltr'><strong>interfuit,</strong></span> <span class='ocrx_word' id='word_1_147' title='bbox 2075 1552 2115 1593; x_wconf 92' lang='lat' dir='ltr'><strong>in</strong></span> <span class='ocrx_word' id='word_1_148' title='bbox 2145 1565 2228 1605; x_wconf 90' lang='lat' dir='ltr'><strong>quo</strong></span> 
     </span>
     <span class='ocr_line' id='line_1_18' title="bbox 196 1613 2225 1667; baseline 0 -13"><span class='ocrx_word' id='word_1_149' title='bbox 196 1614 259 1655; x_wconf 86' lang='lat' dir='ltr'><strong>vel</strong></span> <span class='ocrx_word' id='word_1_150' title='bbox 284 1613 383 1655; x_wconf 86' lang='lat' dir='ltr'><strong>citra</strong></span> <span class='ocrx_word' id='word_1_151' title='bbox 405 1614 610 1655; x_wconf 89' lang='lat' dir='ltr'><strong>victoriam</strong></span> <span class='ocrx_word' id='word_1_152' title='bbox 637 1614 757 1655; x_wconf 90' lang='lat' dir='ltr'><strong>etiam</strong></span> <span class='ocrx_word' id='word_1_153' title='bbox 785 1614 1041 1654; x_wconf 88' lang='lat' dir='ltr'><strong>contendisse</strong></span> <span class='ocrx_word' id='word_1_154' title='bbox 1067 1621 1127 1654; x_wconf 90' lang='lat' dir='ltr'><strong>est</strong></span> <span class='ocrx_word' id='word_1_155' title='bbox 1156 1614 1380 1654; x_wconf 86' lang='lat' dir='ltr'><strong>decorum⁴.</strong></span> <span class='ocrx_word' id='word_1_156' title='bbox 1441 1615 1558 1655; x_wconf 91' lang='lat' dir='ltr'><strong>Idem</strong></span> <span class='ocrx_word' id='word_1_157' title='bbox 1587 1622 1738 1667; x_wconf 90' lang='lat' dir='ltr'><strong>postea,</strong></span> <span class='ocrx_word' id='word_1_158' title='bbox 1763 1614 1956 1666; x_wconf 88' lang='lat' dir='ltr'><strong>plurimos</strong></span> <span class='ocrx_word' id='word_1_159' title='bbox 1985 1627 2057 1666; x_wconf 90' lang='lat' dir='ltr'><strong>per</strong></span> <span class='ocrx_word' id='word_1_160' title='bbox 2084 1627 2225 1665; x_wconf 90' lang='lat' dir='ltr'><strong>annos,</strong></span> 
     </span>
     <span class='ocr_line' id='line_1_19' title="bbox 195 1676 2225 1727; baseline -0 -9"><span class='ocrx_word' id='word_1_161' title='bbox 195 1676 346 1718; x_wconf 89' lang='lat' dir='ltr'><strong>insulas</strong></span> <span class='ocrx_word' id='word_1_162' title='bbox 374 1677 460 1719; x_wconf 84' lang='lat' dir='ltr'><strong>illas</strong></span> <span class='ocrx_word' id='word_1_163' title='bbox 487 1692 512 1719; x_wconf 93' lang='lat' dir='ltr'><strong>a</strong></span> <span class='ocrx_word' id='word_1_164' title='bbox 539 1679 658 1719; x_wconf 92' lang='lat' dir='ltr'><strong>nobis</strong></span> <span class='ocrx_word' id='word_1_165' title='bbox 687 1677 980 1727; x_wconf 90' lang='lat' dir='ltr'><strong>remotissimas,</strong></span> <span class='ocrx_word' id='word_1_166' title='bbox 1008 1679 1080 1718; x_wconf 90' lang='lat' dir='ltr'><strong>sed</strong></span> <span class='ocrx_word' id='word_1_167' title='bbox 1107 1677 1307 1718; x_wconf 89' lang='lat' dir='ltr'><strong>societatis</strong></span> <span class='ocrx_word' id='word_1_168' title='bbox 1332 1679 1532 1719; x_wconf 86' lang='lat' dir='ltr'><strong>humanae</strong></span> <span class='ocrx_word' id='word_1_169' title='bbox 1555 1678 1717 1718; x_wconf 91' lang='lat' dir='ltr'><strong>vinculo</strong></span> <span class='ocrx_word' id='word_1_170' title='bbox 1741 1677 1954 1718; x_wconf 90' lang='lat' dir='ltr'><strong>nobiscum</strong></span> <span class='ocrx_word' id='word_1_171' title='bbox 1978 1677 2225 1727; x_wconf 89' lang='lat' dir='ltr'><strong>coniunctas,</strong></span> 
     </span>
     <span class='ocr_line' id='line_1_20' title="bbox 196 1740 2228 1793; baseline -0.001 -11"><span class='ocrx_word' id='word_1_172' title='bbox 196 1753 298 1782; x_wconf 83' lang='lat' dir='ltr'><strong>nave</strong></span> <span class='ocrx_word' id='word_1_173' title='bbox 321 1741 389 1782; x_wconf 84' lang='lat' dir='ltr'><strong>ina</strong></span> <span class='ocrx_word' id='word_1_174' title='bbox 410 1749 548 1783; x_wconf 88' lang='lat' dir='ltr'><strong>vectus</strong></span> <span class='ocrx_word' id='word_1_175' title='bbox 574 1742 795 1783; x_wconf 90' lang='lat' dir='ltr'><strong>identidem</strong></span> <span class='ocrx_word' id='word_1_176' title='bbox 822 1740 1012 1791; x_wconf 90' lang='lat' dir='ltr'><strong>lustravit,</strong></span> <span class='ocrx_word' id='word_1_177' title='bbox 1034 1740 1147 1781; x_wconf 90' lang='lat' dir='ltr'><strong>cuius</strong></span> <span class='ocrx_word' id='word_1_178' title='bbox 1171 1740 1304 1793; x_wconf 91' lang='lat' dir='ltr'><strong>ipsum</strong></span> <span class='ocrx_word' id='word_1_179' title='bbox 1331 1754 1482 1782; x_wconf 91' lang='lat' dir='ltr'><strong>nomen</strong></span> <span class='ocrx_word' id='word_1_180' title='bbox 1508 1741 1636 1781; x_wconf 92' lang='lat' dir='ltr'><strong>crucis</strong></span> <span class='ocrx_word' id='word_1_181' title='bbox 1657 1741 1826 1793; x_wconf 88' lang='lat' dir='ltr'><strong>signum,</strong></span> <span class='ocrx_word' id='word_1_182' title='bbox 1849 1741 1890 1780; x_wconf 91' lang='lat' dir='ltr'><strong>in</strong></span> <span class='ocrx_word' id='word_1_183' title='bbox 1917 1741 2092 1781; x_wconf 89' lang='lat' dir='ltr'><strong>Australi</strong></span> <span class='ocrx_word' id='word_1_184' title='bbox 2115 1741 2228 1781; x_wconf 91' lang='lat' dir='ltr'><strong>caelo</strong></span> 
     </span>
     <span class='ocr_line' id='line_1_21' title="bbox 195 1803 2226 1854; baseline -0 -10"><span class='ocrx_word' id='word_1_185' title='bbox 195 1804 346 1854; x_wconf 84' lang='lat' dir='ltr'><strong>lucens,</strong></span> <span class='ocrx_word' id='word_1_186' title='bbox 381 1805 609 1846; x_wconf 84' lang='lat' dir='ltr'><strong>felicissime</strong></span> <span class='ocrx_word' id='word_1_187' title='bbox 640 1812 941 1846; x_wconf 86' lang='lat' dir='ltr'><strong>commemorat.</strong></span> <span class='ocrx_word' id='word_1_188' title='bbox 1000 1805 1102 1851; x_wconf 90' lang='lat' dir='ltr'><strong>Illic,</strong></span> <span class='ocrx_word' id='word_1_189' title='bbox 1136 1803 1239 1844; x_wconf 90' lang='lat' dir='ltr'><strong>inter</strong></span> <span class='ocrx_word' id='word_1_190' title='bbox 1270 1817 1400 1844; x_wconf 89' lang='lat' dir='ltr'><strong>rerum</strong></span> <span class='ocrx_word' id='word_1_191' title='bbox 1430 1804 1671 1845; x_wconf 88' lang='lat' dir='ltr'><strong>incertarum</strong></span> <span class='ocrx_word' id='word_1_192' title='bbox 1702 1803 1899 1852; x_wconf 87' lang='lat' dir='ltr'><strong>tenebras,</strong></span> <span class='ocrx_word' id='word_1_193' title='bbox 1930 1803 2033 1844; x_wconf 90' lang='lat' dir='ltr'><strong>inter</strong></span> <span class='ocrx_word' id='word_1_194' title='bbox 2064 1817 2226 1844; x_wconf 90' lang='lat' dir='ltr'><strong>caecam</strong></span> 
     </span>
     <span class='ocr_line' id='line_1_22' title="bbox 197 1866 2229 1920; baseline -0.001 -13"><span class='ocrx_word' id='word_1_195' title='bbox 197 1867 489 1920; x_wconf 87' lang='lat' dir='ltr'><strong>superstitionis</strong></span> <span class='ocrx_word' id='word_1_196' title='bbox 502 1867 727 1919; x_wconf 88' lang='lat' dir='ltr'><strong>caliginem,</strong></span> <span class='ocrx_word' id='word_1_197' title='bbox 743 1866 999 1920; x_wconf 86' lang='lat' dir='ltr'><strong>gubernatori</strong></span> <span class='ocrx_word' id='word_1_198' title='bbox 1018 1874 1156 1907; x_wconf 92' lang='lat' dir='ltr'><strong>nostro</strong></span> <span class='ocrx_word' id='word_1_199' title='bbox 1171 1867 1327 1907; x_wconf 92' lang='lat' dir='ltr'><strong>caelum</strong></span> <span class='ocrx_word' id='word_1_200' title='bbox 1344 1874 1586 1906; x_wconf 91' lang='lat' dir='ltr'><strong>nocturnum</strong></span> <span class='ocrx_word' id='word_1_201' title='bbox 1602 1866 1904 1918; x_wconf 89' lang='lat' dir='ltr'><strong>contemplanti,</strong></span> <span class='ocrx_word' id='word_1_202' title='bbox 1923 1879 2229 1918; x_wconf 90' lang='lat' dir='ltr'><strong>nonnumquam</strong></span> 
     </span>
     <span class='ocr_line' id='line_1_23' title="bbox 197 1928 2228 1982; baseline -0.002 -11"><span class='ocrx_word' id='word_1_203' title='bbox 197 1929 309 1971; x_wconf 84' lang='lat' dir='ltr'><strong>sidus</strong></span> <span class='ocrx_word' id='word_1_204' title='bbox 337 1930 436 1971; x_wconf 86' lang='lat' dir='ltr'><strong>illud</strong></span> <span class='ocrx_word' id='word_1_205' title='bbox 465 1937 648 1971; x_wconf 90' lang='lat' dir='ltr'><strong>sanctum</strong></span> <span class='ocrx_word' id='word_1_206' title='bbox 679 1931 794 1982; x_wconf 87' lang='lat' dir='ltr'><strong>quasi</strong></span> <span class='ocrx_word' id='word_1_207' title='bbox 824 1929 1000 1982; x_wconf 89' lang='lat' dir='ltr'><strong>benigno</strong></span> <span class='ocrx_word' id='word_1_208' title='bbox 1030 1929 1182 1969; x_wconf 90' lang='lat' dir='ltr'><strong>lumine</strong></span> <span class='ocrx_word' id='word_1_209' title='bbox 1212 1928 1407 1969; x_wconf 84' lang='lat' dir='ltr'><strong>affulsisse</strong></span> <span class='ocrx_word' id='word_1_210' title='bbox 1438 1928 1688 1969; x_wconf 86' lang='lat' dir='ltr'><strong>crediderim.</strong></span> <span class='ocrx_word' id='word_1_211' title='bbox 1747 1928 1908 1968; x_wconf 87' lang='lat' dir='ltr'><strong>Affulsit</strong></span> <span class='ocrx_word' id='word_1_212' title='bbox 1938 1936 2045 1969; x_wconf 90' lang='lat' dir='ltr'><strong>certe</strong></span> <span class='ocrx_word' id='word_1_213' title='bbox 2070 1928 2228 1968; x_wconf 91' lang='lat' dir='ltr'><strong>illorum</strong></span> 
     </span>
     <span class='ocr_line' id='line_1_24' title="bbox 196 1990 2230 2045; baseline -0.001 -12"><span class='ocrx_word' id='word_1_214' title='bbox 196 1992 332 2045; x_wconf 82' lang='lat' dir='ltr'><strong>gloria,</strong></span> <span class='ocrx_word' id='word_1_215' title='bbox 353 1992 423 2044; x_wconf 93' lang='lat' dir='ltr'><strong>qui</strong></span> <span class='ocrx_word' id='word_1_216' title='bbox 442 1992 646 2033; x_wconf 86' lang='lat' dir='ltr'><strong>laboribus</strong></span> <span class='ocrx_word' id='word_1_217' title='bbox 667 1993 788 2032; x_wconf 91' lang='lat' dir='ltr'><strong>sacris</strong></span> <span class='ocrx_word' id='word_1_218' title='bbox 808 1991 848 2031; x_wconf 90' lang='lat' dir='ltr'><strong>in</strong></span> <span class='ocrx_word' id='word_1_219' title='bbox 869 1999 972 2032; x_wconf 91' lang='lat' dir='ltr'><strong>terra</strong></span> <span class='ocrx_word' id='word_1_220' title='bbox 991 1991 1150 2040; x_wconf 86' lang='lat' dir='ltr'><strong>exactis,</strong></span> <span class='ocrx_word' id='word_1_221' title='bbox 1173 1992 1280 2031; x_wconf 91' lang='lat' dir='ltr'><strong>velut</strong></span> <span class='ocrx_word' id='word_1_222' title='bbox 1300 1992 1439 2032; x_wconf 89' lang='lat' dir='ltr'><strong>stellae</strong></span> <span class='ocrx_word' id='word_1_223' title='bbox 1462 1991 1502 2031; x_wconf 94' lang='lat' dir='ltr'><strong>in</strong></span> <span class='ocrx_word' id='word_1_224' title='bbox 1527 1992 1640 2031; x_wconf 90' lang='lat' dir='ltr'><strong>caelo</strong></span> <span class='ocrx_word' id='word_1_225' title='bbox 1663 1990 1704 2030; x_wconf 93' lang='lat' dir='ltr'><strong>in</strong></span> <span class='ocrx_word' id='word_1_226' title='bbox 1728 1998 1964 2042; x_wconf 90' lang='lat' dir='ltr'><strong>perpetuum</strong></span> <span class='ocrx_word' id='word_1_227' title='bbox 1993 1992 2230 2043; x_wconf 83' lang='lat' dir='ltr'><strong>splendent3</strong></span> 
     </span>
     <span class='ocr_line' id='line_1_25' title="bbox 195 2052 2227 2107; baseline -0.001 -12"><span class='ocrx_word' id='word_1_228' title='bbox 195 2053 344 2095; x_wconf 82' lang='lat' dir='ltr'><strong>affulsit</strong></span> <span class='ocrx_word' id='word_1_229' title='bbox 370 2054 493 2107; x_wconf 84' lang='lat' dir='ltr'><strong>patris</strong></span> <span class='ocrx_word' id='word_1_230' title='bbox 521 2053 675 2106; x_wconf 90' lang='lat' dir='ltr'><strong>optimi,</strong></span> <span class='ocrx_word' id='word_1_231' title='bbox 706 2054 888 2106; x_wconf 89' lang='lat' dir='ltr'><strong>episcopi</strong></span> <span class='ocrx_word' id='word_1_232' title='bbox 916 2053 1021 2094; x_wconf 91' lang='lat' dir='ltr'><strong>illius</strong></span> <span class='ocrx_word' id='word_1_233' title='bbox 1049 2053 1221 2103; x_wconf 89' lang='lat' dir='ltr'><strong>illustris,</strong></span> <span class='ocrx_word' id='word_1_234' title='bbox 1253 2054 1474 2106; x_wconf 85' lang='lat' dir='ltr'><strong>exemplar⁶</strong></span> <span class='ocrx_word' id='word_1_235' title='bbox 1487 2067 1498 2103; x_wconf 89' lang='lat'>;</span> <span class='ocrx_word' id='word_1_236' title='bbox 1531 2052 1678 2093; x_wconf 84' lang='lat' dir='ltr'><strong>affulsit</strong></span> <span class='ocrx_word' id='word_1_237' title='bbox 1703 2053 1880 2105; x_wconf 90' lang='lat' dir='ltr'><strong>denique</strong></span> <span class='ocrx_word' id='word_1_238' title='bbox 1909 2052 2130 2094; x_wconf 90' lang='lat' dir='ltr'><strong>decessoris</strong></span> <span class='ocrx_word' id='word_1_239' title='bbox 2156 2053 2227 2102; x_wconf 92' lang='lat' dir='ltr'><strong>sui,</strong></span> 
     </span>
     <span class='ocr_line' id='line_1_26' title="bbox 200 2116 2231 2168; baseline -0 -10"><span class='ocrx_word' id='word_1_240' title='bbox 200 2117 291 2158; x_wconf 88' lang='lat' dir='ltr'><strong>Deo</strong></span> <span class='ocrx_word' id='word_1_241' title='bbox 309 2116 558 2158; x_wconf 88' lang='lat' dir='ltr'><strong>devotissimi</strong></span> <span class='ocrx_word' id='word_1_242' title='bbox 581 2116 771 2168; x_wconf 85' lang='lat' dir='ltr'><strong>martyris,</strong></span> <span class='ocrx_word' id='word_1_243' title='bbox 796 2116 1019 2157; x_wconf 87' lang='lat' dir='ltr'><strong>memoria⁶.</strong></span> <span class='ocrx_word' id='word_1_244' title='bbox 1079 2117 1200 2157; x_wconf 89' lang='lat' dir='ltr'><strong>Tanti</strong></span> <span class='ocrx_word' id='word_1_245' title='bbox 1226 2124 1362 2157; x_wconf 89' lang='lat' dir='ltr'><strong>autem</strong></span> <span class='ocrx_word' id='word_1_246' title='bbox 1382 2116 1455 2156; x_wconf 90' lang='lat' dir='ltr'><strong>viri</strong></span> <span class='ocrx_word' id='word_1_247' title='bbox 1481 2129 1698 2165; x_wconf 87' lang='lat' dir='ltr'><strong>successor,</strong></span> <span class='ocrx_word' id='word_1_248' title='bbox 1725 2129 1807 2156; x_wconf 91' lang='lat' dir='ltr'><strong>non</strong></span> <span class='ocrx_word' id='word_1_249' title='bbox 1835 2117 1949 2164; x_wconf 90' lang='lat' dir='ltr'><strong>ultor,</strong></span> <span class='ocrx_word' id='word_1_250' title='bbox 1975 2123 2231 2157; x_wconf 89' lang='lat' dir='ltr'><strong>consecratus</strong></span> 
     </span>
     <span class='ocr_line' id='line_1_27' title="bbox 199 2179 2231 2233; baseline -0.001 -11"><span class='ocrx_word' id='word_1_251' title='bbox 199 2180 475 2222; x_wconf 89' lang='lat' dir='ltr'><strong>moderatione</strong></span> <span class='ocrx_word' id='word_1_252' title='bbox 500 2180 700 2221; x_wconf 88' lang='lat' dir='ltr'><strong>rarissima</strong></span> <span class='ocrx_word' id='word_1_253' title='bbox 725 2181 926 2233; x_wconf 88' lang='lat' dir='ltr'><strong>praeclare</strong></span> <span class='ocrx_word' id='word_1_254' title='bbox 951 2181 1139 2229; x_wconf 91' lang='lat' dir='ltr'><strong>ostendit,</strong></span> <span class='ocrx_word' id='word_1_255' title='bbox 1162 2180 1422 2221; x_wconf 90' lang='lat' dir='ltr'><strong>barbarorum</strong></span> <span class='ocrx_word' id='word_1_256' title='bbox 1453 2181 1602 2220; x_wconf 92' lang='lat' dir='ltr'><strong>scelera</strong></span> <span class='ocrx_word' id='word_1_257' title='bbox 1629 2192 1712 2219; x_wconf 89' lang='lat' dir='ltr'><strong>non</strong></span> <span class='ocrx_word' id='word_1_258' title='bbox 1736 2180 1838 2220; x_wconf 82' lang='lat' dir='ltr'><strong>ferro</strong></span> <span class='ocrx_word' id='word_1_259' title='bbox 1862 2186 1902 2219; x_wconf 92' lang='lat' dir='ltr'><strong>et</strong></span> <span class='ocrx_word' id='word_1_260' title='bbox 1928 2179 2020 2231; x_wconf 89' lang='lat' dir='ltr'><strong>igne</strong></span> <span class='ocrx_word' id='word_1_261' title='bbox 2044 2179 2231 2220; x_wconf 89' lang='lat' dir='ltr'><strong>atrociter</strong></span> 
     </span>
     <span class='ocr_line' id='line_1_28' title="bbox 195 2240 2229 2296; baseline -0.001 -12"><span class='ocrx_word' id='word_1_262' title='bbox 195 2256 285 2284; x_wconf 66' lang='lat' dir='ltr'><strong>aese</strong></span> <span class='ocrx_word' id='word_1_263' title='bbox 303 2243 520 2296; x_wconf 87' lang='lat' dir='ltr'><strong>punienda,</strong></span> <span class='ocrx_word' id='word_1_264' title='bbox 542 2245 615 2284; x_wconf 88' lang='lat' dir='ltr'><strong>sed</strong></span> <span class='ocrx_word' id='word_1_265' title='bbox 634 2243 718 2284; x_wconf 91' lang='lat' dir='ltr'><strong>iure</strong></span> <span class='ocrx_word' id='word_1_266' title='bbox 737 2250 776 2284; x_wconf 94' lang='lat' dir='ltr'><strong>et</strong></span> <span class='ocrx_word' id='word_1_267' title='bbox 795 2242 998 2295; x_wconf 87' lang='lat' dir='ltr'><strong>aequitate</strong></span> <span class='ocrx_word' id='word_1_268' title='bbox 1023 2250 1292 2295; x_wconf 89' lang='lat' dir='ltr'><strong>temperanter</strong></span> <span class='ocrx_word' id='word_1_269' title='bbox 1314 2242 1566 2283; x_wconf 87' lang='lat' dir='ltr'><strong>vindicanda.</strong></span> <span class='ocrx_word' id='word_1_270' title='bbox 1627 2241 1776 2282; x_wconf 89' lang='lat' dir='ltr'><strong>Merito</strong></span> <span class='ocrx_word' id='word_1_271' title='bbox 1799 2240 1927 2293; x_wconf 89' lang='lat' dir='ltr'><strong>igitur,</strong></span> <span class='ocrx_word' id='word_1_272' title='bbox 1949 2241 2121 2294; x_wconf 89' lang='lat' dir='ltr'><strong>exempli</strong></span> <span class='ocrx_word' id='word_1_273' title='bbox 2147 2249 2229 2281; x_wconf 90' lang='lat' dir='ltr'><strong>tarn</strong></span> 
     </span>
     <span class='ocr_line' id='line_1_29' title="bbox 196 2303 2230 2356; baseline -0.001 -9"><span class='ocrx_word' id='word_1_274' title='bbox 196 2306 315 2347; x_wconf 79' lang='lat' dir='ltr'><strong>fausti</strong></span> <span class='ocrx_word' id='word_1_275' title='bbox 339 2306 381 2347; x_wconf 90' lang='lat' dir='ltr'><strong>in</strong></span> <span class='ocrx_word' id='word_1_276' title='bbox 407 2306 654 2356; x_wconf 91' lang='lat' dir='ltr'><strong>memoriam,</strong></span> <span class='ocrx_word' id='word_1_277' title='bbox 675 2307 717 2347; x_wconf 91' lang='lat' dir='ltr'><strong>in</strong></span> <span class='ocrx_word' id='word_1_278' title='bbox 744 2307 895 2346; x_wconf 89' lang='lat' dir='ltr'><strong>Senatu</strong></span> <span class='ocrx_word' id='word_1_279' title='bbox 916 2305 1149 2346; x_wconf 88' lang='lat' dir='ltr'><strong>Britannico</strong></span> <span class='ocrx_word' id='word_1_280' title='bbox 1174 2307 1361 2345; x_wconf 89' lang='lat' dir='ltr'><strong>alumnus</strong></span> <span class='ocrx_word' id='word_1_281' title='bbox 1387 2313 1524 2345; x_wconf 91' lang='lat' dir='ltr'><strong>noster</strong></span> <span class='ocrx_word' id='word_1_282' title='bbox 1542 2303 1707 2345; x_wconf 89' lang='lat' dir='ltr'><strong>honoris</strong></span> <span class='ocrx_word' id='word_1_283' title='bbox 1736 2317 1857 2344; x_wconf 88' lang='lat' dir='ltr'><strong>causa</strong></span> <span class='ocrx_word' id='word_1_284' title='bbox 1882 2303 1962 2344; x_wconf 89' lang='lat' dir='ltr'><strong>iam</strong></span> <span class='ocrx_word' id='word_1_285' title='bbox 1988 2304 2144 2356; x_wconf 91' lang='lat' dir='ltr'><strong>pridem</strong></span> <span class='ocrx_word' id='word_1_286' title='bbox 2171 2311 2230 2344; x_wconf 90' lang='lat' dir='ltr'><strong>est</strong></span> 
     </span>
     <span class='ocr_line' id='line_1_30' title="bbox 197 2367 2227 2421; baseline -0.003 -10"><span class='ocrx_word' id='word_1_287' title='bbox 197 2370 449 2411; x_wconf 87' lang='lat' dir='ltr'><strong>nominatus⁷</strong></span> <span class='ocrx_word' id='word_1_288' title='bbox 457 2385 469 2420; x_wconf 84' lang='lat'>3</span> <span class='ocrx_word' id='word_1_289' title='bbox 506 2371 650 2411; x_wconf 89' lang='lat' dir='ltr'><strong>merito</strong></span> <span class='ocrx_word' id='word_1_290' title='bbox 682 2370 803 2418; x_wconf 90' lang='lat' dir='ltr'><strong>idem,</strong></span> <span class='ocrx_word' id='word_1_291' title='bbox 835 2369 955 2410; x_wconf 88' lang='lat' dir='ltr'><strong>etiam</strong></span> <span class='ocrx_word' id='word_1_292' title='bbox 985 2377 1123 2410; x_wconf 90' lang='lat' dir='ltr'><strong>nostro</strong></span> <span class='ocrx_word' id='word_1_293' title='bbox 1154 2370 1195 2409; x_wconf 92' lang='lat' dir='ltr'><strong>in</strong></span> <span class='ocrx_word' id='word_1_294' title='bbox 1227 2371 1388 2418; x_wconf 90' lang='lat' dir='ltr'><strong>Senatu,</strong></span> <span class='ocrx_word' id='word_1_295' title='bbox 1420 2368 1624 2421; x_wconf 86' lang='lat' dir='ltr'><strong>dignitatis</strong></span> <span class='ocrx_word' id='word_1_296' title='bbox 1653 2368 1738 2408; x_wconf 93' lang='lat' dir='ltr'><strong>iure</strong></span> <span class='ocrx_word' id='word_1_297' title='bbox 1767 2367 1881 2407; x_wconf 90' lang='lat' dir='ltr'><strong>vobis</strong></span> <span class='ocrx_word' id='word_1_298' title='bbox 1909 2369 2227 2408; x_wconf 90' lang='lat' dir='ltr'><strong>commendatur.</strong></span> 
     </span>
     <span class='ocr_line' id='line_1_31' title="bbox 196 2430 2228 2487; baseline -0.002 -13"><span class='ocrx_word' id='word_1_299' title='bbox 196 2434 279 2474; x_wconf 87' lang='lat' dir='ltr'><strong>Sed</strong></span> <span class='ocrx_word' id='word_1_300' title='bbox 297 2433 397 2485; x_wconf 91' lang='lat' dir='ltr'><strong>quid</strong></span> <span class='ocrx_word' id='word_1_301' title='bbox 416 2442 610 2483; x_wconf 90' lang='lat' dir='ltr'><strong>nostrum,</strong></span> <span class='ocrx_word' id='word_1_302' title='bbox 628 2434 727 2487; x_wconf 91' lang='lat' dir='ltr'><strong>quid</strong></span> <span class='ocrx_word' id='word_1_303' title='bbox 748 2432 978 2473; x_wconf 89' lang='lat' dir='ltr'><strong>Britanniae</strong></span> <span class='ocrx_word' id='word_1_304' title='bbox 997 2432 1120 2473; x_wconf 91' lang='lat' dir='ltr'><strong>totius</strong></span> <span class='ocrx_word' id='word_1_305' title='bbox 1140 2434 1332 2473; x_wconf 91' lang='lat' dir='ltr'><strong>Senatum</strong></span> <span class='ocrx_word' id='word_1_306' title='bbox 1352 2433 1662 2473; x_wconf 88' lang='lat' dir='ltr'><strong>commemoro?</strong></span> <span class='ocrx_word' id='word_1_307' title='bbox 1719 2432 1835 2470; x_wconf 90' lang='lat' dir='ltr'><strong>Iuvat</strong></span> <span class='ocrx_word' id='word_1_308' title='bbox 1854 2443 1998 2471; x_wconf 89' lang='lat' dir='ltr'><strong>omnes</strong></span> <span class='ocrx_word' id='word_1_309' title='bbox 2015 2431 2144 2471; x_wconf 91' lang='lat' dir='ltr'><strong>bonos</strong></span> <span class='ocrx_word' id='word_1_310' title='bbox 2159 2430 2228 2482; x_wconf 89' lang='lat' dir='ltr'><strong>qui</strong></span> 
     </span>
     <span class='ocr_line' id='line_1_32' title="bbox 198 2492 2227 2548; baseline -0.002 -12"><span class='ocrx_word' id='word_1_311' title='bbox 198 2495 350 2548; x_wconf 88' lang='lat' dir='ltr'><strong>ubique</strong></span> <span class='ocrx_word' id='word_1_312' title='bbox 382 2503 486 2546; x_wconf 89' lang='lat' dir='ltr'><strong>sunt,</strong></span> <span class='ocrx_word' id='word_1_313' title='bbox 519 2495 854 2548; x_wconf 90' lang='lat' dir='ltr'><strong>quotiescumque</strong></span> <span class='ocrx_word' id='word_1_314' title='bbox 888 2507 1037 2535; x_wconf 91' lang='lat' dir='ltr'><strong>nomen</strong></span> <span class='ocrx_word' id='word_1_315' title='bbox 1072 2494 1171 2534; x_wconf 90' lang='lat' dir='ltr'><strong>illud</strong></span> <span class='ocrx_word' id='word_1_316' title='bbox 1208 2494 1395 2546; x_wconf 89' lang='lat' dir='ltr'><strong>gentibus</strong></span> <span class='ocrx_word' id='word_1_317' title='bbox 1433 2494 1530 2534; x_wconf 92' lang='lat' dir='ltr'><strong>olim</strong></span> <span class='ocrx_word' id='word_1_318' title='bbox 1569 2500 1651 2533; x_wconf 88' lang='lat' dir='ltr'><strong>tam</strong></span> <span class='ocrx_word' id='word_1_319' title='bbox 1689 2506 1838 2540; x_wconf 90' lang='lat' dir='ltr'><strong>carum,</strong></span> <span class='ocrx_word' id='word_1_320' title='bbox 1873 2500 1956 2532; x_wconf 90' lang='lat' dir='ltr'><strong>tam</strong></span> <span class='ocrx_word' id='word_1_321' title='bbox 1990 2492 2227 2542; x_wconf 88' lang='lat' dir='ltr'><strong>venerabile,</strong></span> 
     </span>
     <span class='ocr_line' id='line_1_33' title="bbox 198 2555 1536 2607; baseline -0.002 -10"><span class='ocrx_word' id='word_1_322' title='bbox 198 2557 410 2598; x_wconf 87' lang='lat' dir='ltr'><strong>hominum</strong></span> <span class='ocrx_word' id='word_1_323' title='bbox 437 2570 575 2598; x_wconf 85' lang='lat' dir='ltr'><strong>amore</strong></span> <span class='ocrx_word' id='word_1_324' title='bbox 603 2565 643 2598; x_wconf 92' lang='lat' dir='ltr'><strong>et</strong></span> <span class='ocrx_word' id='word_1_325' title='bbox 671 2556 890 2598; x_wconf 86' lang='lat' dir='ltr'><strong>reverentia</strong></span> <span class='ocrx_word' id='word_1_326' title='bbox 918 2557 1054 2596; x_wconf 91' lang='lat' dir='ltr'><strong>denuo</strong></span> <span class='ocrx_word' id='word_1_327' title='bbox 1083 2555 1250 2607; x_wconf 89' lang='lat' dir='ltr'><strong>dignum</strong></span> <span class='ocrx_word' id='word_1_328' title='bbox 1280 2555 1536 2596; x_wconf 86' lang='lat' dir='ltr'><strong>existimatur.</strong></span> 
     </span>
    </p>

    <p class='ocr_par' dir='ltr' id='par_1_7' title="bbox 198 2616 2229 2793">
     <span class='ocr_line' id='line_1_34' title="bbox 306 2616 2229 2674; baseline -0.003 -12"><span class='ocrx_word' id='word_1_329' title='bbox 306 2621 468 2662; x_wconf 85' lang='lat' dir='ltr'><strong>Talium</strong></span> <span class='ocrx_word' id='word_1_330' title='bbox 501 2623 682 2674; x_wconf 87' lang='lat' dir='ltr'><strong>profecto</strong></span> <span class='ocrx_word' id='word_1_331' title='bbox 714 2620 888 2660; x_wconf 88' lang='lat' dir='ltr'><strong>virorum</strong></span> <span class='ocrx_word' id='word_1_332' title='bbox 922 2619 1127 2659; x_wconf 90' lang='lat' dir='ltr'><strong>laboribus</strong></span> <span class='ocrx_word' id='word_1_333' title='bbox 1161 2619 1282 2659; x_wconf 89' lang='lat' dir='ltr'><strong>verba</strong></span> <span class='ocrx_word' id='word_1_334' title='bbox 1315 2618 1383 2658; x_wconf 90' lang='lat' dir='ltr'><strong>illa</strong></span> <span class='ocrx_word' id='word_1_335' title='bbox 1413 2631 1525 2659; x_wconf 86' lang='lat' dir='ltr'><strong>sacra</strong></span> <span class='ocrx_word' id='word_1_336' title='bbox 1549 2616 1769 2669; x_wconf 90' lang='lat' dir='ltr'><strong>antiquitus</strong></span> <span class='ocrx_word' id='word_1_337' title='bbox 1800 2617 2068 2669; x_wconf 86' lang='lat' dir='ltr'><strong>pronuntiata,</strong></span> <span class='ocrx_word' id='word_1_338' title='bbox 2099 2616 2229 2657; x_wconf 90' lang='lat' dir='ltr'><strong>indies</strong></span> 
     </span>
     <span class='ocr_line' id='line_1_35' title="bbox 198 2679 2229 2733; baseline -0.003 -9"><span class='ocrx_word' id='word_1_339' title='bbox 198 2683 317 2724; x_wconf 87' lang='lat' dir='ltr'><strong>nobis</strong></span> <span class='ocrx_word' id='word_1_340' title='bbox 345 2683 498 2725; x_wconf 90' lang='lat' dir='ltr'><strong>veriora</strong></span> <span class='ocrx_word' id='word_1_341' title='bbox 528 2685 750 2725; x_wconf 88' lang='lat' dir='ltr'><strong>redduntur</strong></span> <span class='ocrx_word' id='word_1_342' title='bbox 765 2682 1033 2723; x_wconf 76' lang='lat' dir='ltr'><strong>z—Dominus</strong></span> <span class='ocrx_word' id='word_1_343' title='bbox 1071 2689 1233 2733; x_wconf 73' lang='lat' dir='ltr'><strong>regnat,</strong></span> <span class='ocrx_word' id='word_1_344' title='bbox 1270 2682 1420 2721; x_wconf 88' lang='lat' dir='ltr'><strong>exultet</strong></span> <span class='ocrx_word' id='word_1_345' title='bbox 1458 2681 1498 2720; x_wconf 90' lang='lat' dir='ltr'><strong>in</strong></span> <span class='ocrx_word' id='word_1_346' title='bbox 1532 2680 1601 2720; x_wconf 91' lang='lat' dir='ltr'><strong>illo</strong></span> <span class='ocrx_word' id='word_1_347' title='bbox 1634 2687 1825 2720; x_wconf 86' lang='lat' dir='ltr'><strong>terrarum</strong></span> <span class='ocrx_word' id='word_1_348' title='bbox 1856 2680 1974 2728; x_wconf 92' lang='lat' dir='ltr'><strong>orbis,</strong></span> <span class='ocrx_word' id='word_1_349' title='bbox 2010 2679 2229 2719; x_wconf 89' lang='lat' dir='ltr'><strong>insularum</strong></span> 
     </span>
     <span class='ocr_line' id='line_1_36' title="bbox 198 2745 786 2793; baseline -0.002 -7"><span class='ocrx_word' id='word_1_350' title='bbox 198 2745 416 2786; x_wconf 88' lang='lat' dir='ltr'><strong>multitudo</strong></span> <span class='ocrx_word' id='word_1_351' title='bbox 443 2746 484 2785; x_wconf 92' lang='lat' dir='ltr'><strong>in</strong></span> <span class='ocrx_word' id='word_1_352' title='bbox 509 2745 582 2793; x_wconf 38' lang='lat' dir='ltr'><strong>‚illo</strong></span> <span class='ocrx_word' id='word_1_353' title='bbox 610 2746 786 2786; x_wconf 84' lang='lat' dir='ltr'><strong>exultet⁸.</strong></span> 
     </span>
    </p>

    <p class='ocr_par' dir='ltr' id='par_1_8' title="bbox 198 2805 2228 2912">
     <span class='ocr_line' id='line_1_37' title="bbox 306 2805 2228 2862; baseline -0.004 -12"><span class='ocrx_word' id='word_1_354' title='bbox 306 2809 435 2850; x_wconf 91' lang='lat' dir='ltr'><strong>Vobis</strong></span> <span class='ocrx_word' id='word_1_355' title='bbox 472 2816 684 2862; x_wconf 90' lang='lat' dir='ltr'><strong>praesento</strong></span> <span class='ocrx_word' id='word_1_356' title='bbox 719 2807 966 2849; x_wconf 87' lang='lat' dir='ltr'><strong>Melanesiae</strong></span> <span class='ocrx_word' id='word_1_357' title='bbox 998 2807 1246 2859; x_wconf 90' lang='lat' dir='ltr'><strong>episcopum,</strong></span> <span class='ocrx_word' id='word_1_358' title='bbox 1282 2806 1410 2846; x_wconf 89' lang='lat' dir='ltr'><strong>virum</strong></span> <span class='ocrx_word' id='word_1_359' title='bbox 1448 2806 1671 2846; x_wconf 90' lang='lat' dir='ltr'><strong>admodum</strong></span> <span class='ocrx_word' id='word_1_360' title='bbox 1710 2806 1984 2853; x_wconf 89' lang='lat' dir='ltr'><strong>reverendum,</strong></span> <span class='ocrx_word' id='word_1_361' title='bbox 2022 2805 2228 2845; x_wconf 66' lang='lat' dir='ltr'><strong>Iomnm</strong></span> 
     </span>
     <span class='ocr_line' id='line_1_38' title="bbox 198 2871 707 2912; baseline -0.006 -1"><span class='ocrx_word' id='word_1_362' title='bbox 198 2872 487 2912; x_wconf 70' lang='lat' dir='ltr'><strong>chnARDSON</strong></span> <span class='ocrx_word' id='word_1_363' title='bbox 516 2871 707 2911; x_wconf 69' lang='lat' dir='ltr'><strong>smwvn.</strong></span> 
     </span>
    </p>
   </div>
   <div class='ocr_carea' id='block_1_7' title="bbox 189 2964 2235 3233">
    <p class='ocr_par' dir='ltr' id='par_1_9' title="bbox 189 2964 2235 3233">
     <span class='ocr_line' id='line_1_39' title="bbox 287 2964 2235 3013; baseline -0.003 -10"><span class='ocrx_word' id='word_1_364' title='bbox 287 2969 299 2990; x_wconf 91' lang='lat'>¹</span> <span class='ocrx_word' id='word_1_365' title='bbox 322 2970 479 3013; x_wconf 69' lang='lat' dir='ltr'><strong>Iiymnal</strong></span> <span class='ocrx_word' id='word_1_366' title='bbox 497 2971 703 3013; x_wconf 78' lang='lat' dir='ltr'><strong>Companz&#39;on</strong></span> <span class='ocrx_word' id='word_1_367' title='bbox 719 2975 751 3002; x_wconf 85' lang='lat' dir='ltr'><strong>to</strong></span> <span class='ocrx_word' id='word_1_368' title='bbox 765 2970 819 3002; x_wconf 82' lang='lat' dir='ltr'><strong>the</strong></span> <span class='ocrx_word' id='word_1_369' title='bbox 832 2970 922 3003; x_wconf 85' lang='lat' dir='ltr'><strong>Book</strong></span> <span class='ocrx_word' id='word_1_370' title='bbox 937 2970 978 3012; x_wconf 76' lang='lat' dir='ltr'><strong>qs</strong></span> <span class='ocrx_word' id='word_1_371' title='bbox 990 2969 1147 3002; x_wconf 87' lang='lat' dir='ltr'><strong>Common</strong></span> <span class='ocrx_word' id='word_1_372' title='bbox 1165 2969 1304 3010; x_wconf 85' lang='lat' dir='ltr'><strong>Prayer,</strong></span> <span class='ocrx_word' id='word_1_373' title='bbox 1330 2968 1422 3009; x_wconf 88' lang='lat'><strong>1870,</strong></span> <span class='ocrx_word' id='word_1_374' title='bbox 1446 2965 1537 3007; x_wconf 82' lang='lat'><strong>1876,</strong></span> <span class='ocrx_word' id='word_1_375' title='bbox 1558 2971 1621 2999; x_wconf 86' lang='lat' dir='ltr'><strong>etc.</strong></span> <span class='ocrx_word' id='word_1_376' title='bbox 1769 2964 1784 2986; x_wconf 79' lang='lat'>²</span> <span class='ocrx_word' id='word_1_377' title='bbox 1809 2966 1986 3006; x_wconf 80' lang='lat' dir='ltr'><strong>Yesterday,</strong></span> <span class='ocrx_word' id='word_1_378' title='bbox 2007 2965 2143 3007; x_wconf 84' lang='lat' dir='ltr'><strong>To-day,</strong></span> <span class='ocrx_word' id='word_1_379' title='bbox 2159 2966 2235 2998; x_wconf 86' lang='lat' dir='ltr'><strong>and</strong></span> 
     </span>
     <span class='ocr_line' id='line_1_40' title="bbox 189 3006 2230 3058; baseline -0.003 -11"><span class='ocrx_word' id='word_1_380' title='bbox 189 3014 254 3058; x_wconf 83' lang='lat' dir='ltr'><strong>sor</strong></span> <span class='ocrx_word' id='word_1_381' title='bbox 267 3015 370 3052; x_wconf 80' lang='lat' dir='ltr'><strong>Ever,</strong></span> <span class='ocrx_word' id='word_1_382' title='bbox 393 3013 485 3054; x_wconf 84' lang='lat'><strong>¹866,</strong></span> <span class='ocrx_word' id='word_1_383' title='bbox 504 3020 569 3047; x_wconf 86' lang='lat' dir='ltr'><strong>etc.</strong></span> <span class='ocrx_word' id='word_1_384' title='bbox 702 3013 716 3033; x_wconf 76' lang='lat'>³</span> <span class='ocrx_word' id='word_1_385' title='bbox 738 3014 804 3056; x_wconf 83' lang='lat' dir='ltr'><strong>Ep.</strong></span> <span class='ocrx_word' id='word_1_386' title='bbox 827 3024 879 3053; x_wconf 71' lang='grc' dir='ltr'><strong>αι,</strong></span> <span class='ocrx_word' id='word_1_387' title='bbox 906 3014 1036 3045; x_wconf 84' lang='grc' dir='ltr'>Μοῦσαι</span> <span class='ocrx_word' id='word_1_388' title='bbox 1058 3014 1124 3054; x_wconf 70' lang='grc' dir='ltr'><strong><em>’γὰρ</em></strong></span> <span class='ocrx_word' id='word_1_389' title='bbox 1144 3014 1237 3045; x_wconf 81' lang='grc' dir='ltr'><strong><em>ὅσους</em></strong></span> <span class='ocrx_word' id='word_1_390' title='bbox 1259 3013 1325 3044; x_wconf 74' lang='grc' dir='ltr'>ἴδον</span> <span class='ocrx_word' id='word_1_391' title='bbox 1349 3012 1470 3050; x_wconf 83' lang='grc' dir='ltr'>ὄμματι</span> <span class='ocrx_word' id='word_1_392' title='bbox 1492 3010 1610 3042; x_wconf 68' lang='grc' dir='ltr'>παῖδας</span> <span class='ocrx_word' id='word_1_393' title='bbox 1630 3008 1635 3052; x_wconf 86' lang='grc' dir='ltr'>Ι</span> <span class='ocrx_word' id='word_1_394' title='bbox 1653 3011 1700 3050; x_wconf 85' lang='grc' dir='ltr'><strong>μὴ</strong></span> <span class='ocrx_word' id='word_1_395' title='bbox 1722 3006 1818 3050; x_wconf 70' lang='grc' dir='ltr'><strong>λοξῷ,</strong></span> <span class='ocrx_word' id='word_1_396' title='bbox 1840 3010 1971 3041; x_wconf 75' lang='grc' dir='ltr'>πολιοὺς</span> <span class='ocrx_word' id='word_1_397' title='bbox 1993 3011 2050 3042; x_wconf 83' lang='grc' dir='ltr'><strong>οὐκ</strong></span> <span class='ocrx_word' id='word_1_398' title='bbox 2070 3007 2230 3042; x_wconf 76' lang='grc' dir='ltr'>ἀπέθεντο</span> 
     </span>
     <span class='ocr_line' id='line_1_41' title="bbox 200 3050 2230 3099; baseline -0.003 -8"><span class='ocrx_word' id='word_1_399' title='bbox 200 3059 325 3099; x_wconf 72' lang='grc' dir='ltr'><strong>φίλους.</strong></span> <span class='ocrx_word' id='word_1_400' title='bbox 436 3056 451 3077; x_wconf 86' lang='lat'><strong>⁴</strong></span> <span class='ocrx_word' id='word_1_401' title='bbox 474 3057 576 3098; x_wconf 86' lang='lat' dir='ltr'><strong>Ovid,</strong></span> <span class='ocrx_word' id='word_1_402' title='bbox 596 3058 679 3091; x_wconf 79' lang='lat' dir='ltr'><strong>Mel.</strong></span> <span class='ocrx_word' id='word_1_403' title='bbox 696 3058 729 3090; x_wconf 89' lang='lat' dir='ltr'><strong>ix</strong></span> <span class='ocrx_word' id='word_1_404' title='bbox 746 3057 785 3096; x_wconf 87' lang='lat'><strong>6;</strong></span> <span class='ocrx_word' id='word_1_405' title='bbox 813 3057 895 3099; x_wconf 81' lang='lat'>1864</span> <span class='ocrx_word' id='word_1_406' title='bbox 910 3057 978 3089; x_wconf 86' lang='lat' dir='ltr'><strong>and</strong></span> <span class='ocrx_word' id='word_1_407' title='bbox 998 3055 1092 3089; x_wconf 93' lang='lat'><strong>1866.</strong></span> <span class='ocrx_word' id='word_1_408' title='bbox 1207 3055 1221 3075; x_wconf 82' lang='lat'><em>⁶</em></span> <span class='ocrx_word' id='word_1_409' title='bbox 1244 3056 1378 3098; x_wconf 87' lang='lat' dir='ltr'><strong>George</strong></span> <span class='ocrx_word' id='word_1_410' title='bbox 1395 3056 1566 3097; x_wconf 86' lang='lat' dir='ltr'><strong>Augustus</strong></span> <span class='ocrx_word' id='word_1_411' title='bbox 1583 3053 1719 3095; x_wconf 88' lang='lat' dir='ltr'><strong>Selwyn</strong></span> <span class='ocrx_word' id='word_1_412' title='bbox 1737 3052 1994 3095; x_wconf 82' lang='lat'><strong>(1809—1878).</strong></span> <span class='ocrx_word' id='word_1_413' title='bbox 2104 3050 2118 3072; x_wconf 82' lang='lat'><strong>⁶</strong></span> <span class='ocrx_word' id='word_1_414' title='bbox 2139 3053 2230 3095; x_wconf 88' lang='lat' dir='ltr'><strong>John</strong></span> 
     </span>
     <span class='ocr_line' id='line_1_42' title="bbox 199 3096 2230 3144; baseline -0.003 -9"><span class='ocrx_word' id='word_1_415' title='bbox 199 3101 312 3136; x_wconf 86' lang='lat' dir='ltr'><strong>Coleri</strong></span> <span class='ocrx_word' id='word_1_416' title='bbox 359 3111 378 3134; x_wconf 91' lang='lat' dir='ltr'><strong>e</strong></span> <span class='ocrx_word' id='word_1_417' title='bbox 396 3101 554 3134; x_wconf 82' lang='lat' dir='ltr'><strong>Patteson</strong></span> <span class='ocrx_word' id='word_1_418' title='bbox 572 3100 831 3144; x_wconf 84' lang='lat'><strong>(1827—1871).</strong></span> <span class='ocrx_word' id='word_1_419' title='bbox 1006 3099 1019 3121; x_wconf 86' lang='lat'><strong><em>⁷</em></strong></span> <span class='ocrx_word' id='word_1_420' title='bbox 1043 3101 1093 3142; x_wconf 93' lang='lat' dir='ltr'><strong>By</strong></span> <span class='ocrx_word' id='word_1_421' title='bbox 1111 3100 1167 3132; x_wconf 88' lang='lat' dir='ltr'><strong>Mr</strong></span> <span class='ocrx_word' id='word_1_422' title='bbox 1182 3099 1381 3142; x_wconf 81' lang='lat' dir='ltr'><strong>Trevelyan,</strong></span> <span class='ocrx_word' id='word_1_423' title='bbox 1399 3098 1488 3135; x_wconf 86' lang='lat' dir='ltr'><strong>who,</strong></span> <span class='ocrx_word' id='word_1_424' title='bbox 1505 3108 1549 3130; x_wconf 91' lang='lat' dir='ltr'><strong>on</strong></span> <span class='ocrx_word' id='word_1_425' title='bbox 1566 3107 1607 3139; x_wconf 81' lang='lat'><strong>23</strong></span> <span class='ocrx_word' id='word_1_426' title='bbox 1624 3097 1714 3140; x_wconf 83' lang='lat' dir='ltr'><strong>Aug.</strong></span> <span class='ocrx_word' id='word_1_427' title='bbox 1738 3098 1832 3137; x_wconf 89' lang='lat'><strong>1881,</strong></span> <span class='ocrx_word' id='word_1_428' title='bbox 1850 3097 1960 3129; x_wconf 81' lang='lat' dir='ltr'><strong>stated</strong></span> <span class='ocrx_word' id='word_1_429' title='bbox 1976 3096 2048 3129; x_wconf 84' lang='lat' dir='ltr'><strong>that</strong></span> <span class='ocrx_word' id='word_1_430' title='bbox 2066 3100 2074 3115; x_wconf 89' lang='lat'>‘</span> <span class='ocrx_word' id='word_1_431' title='bbox 2087 3096 2230 3139; x_wconf 84' lang='lat' dir='ltr'><strong>nothing</strong></span> 
     </span>
     <span class='ocr_line' id='line_1_43' title="bbox 199 3140 2233 3188; baseline -0.003 -9"><span class='ocrx_word' id='word_1_432' title='bbox 199 3145 291 3178; x_wconf 77' lang='lat' dir='ltr'><strong>short</strong></span> <span class='ocrx_word' id='word_1_433' title='bbox 313 3155 334 3178; x_wconf 93' lang='lat' dir='ltr'><strong>o</strong></span> <span class='ocrx_word' id='word_1_434' title='bbox 369 3145 536 3188; x_wconf 81' lang='lat' dir='ltr'><strong>gratitude</strong></span> <span class='ocrx_word' id='word_1_435' title='bbox 559 3155 627 3178; x_wconf 81' lang='lat' dir='ltr'><strong>was</strong></span> <span class='ocrx_word' id='word_1_436' title='bbox 646 3145 713 3178; x_wconf 89' lang='lat' dir='ltr'><strong>due</strong></span> <span class='ocrx_word' id='word_1_437' title='bbox 733 3150 770 3177; x_wconf 85' lang='lat' dir='ltr'><strong>to</strong></span> <span class='ocrx_word' id='word_1_438' title='bbox 793 3144 920 3187; x_wconf 89' lang='lat' dir='ltr'><strong>Bishop</strong></span> <span class='ocrx_word' id='word_1_439' title='bbox 941 3142 1096 3186; x_wconf 81' lang='lat' dir='ltr'><strong>Selwyn&#39;</strong></span> <span class='ocrx_word' id='word_1_440' title='bbox 1113 3143 1164 3176; x_wconf 82' lang='lat' dir='ltr'><strong>for</strong></span> <span class='ocrx_word' id='word_1_441' title='bbox 1186 3143 1244 3176; x_wconf 89' lang='lat' dir='ltr'><strong>the</strong></span> <span class='ocrx_word' id='word_1_442' title='bbox 1262 3153 1337 3184; x_wconf 87' lang='lat' dir='ltr'><strong>way</strong></span> <span class='ocrx_word' id='word_1_443' title='bbox 1356 3142 1390 3174; x_wconf 91' lang='lat' dir='ltr'><strong>in</strong></span> <span class='ocrx_word' id='word_1_444' title='bbox 1412 3141 1522 3174; x_wconf 86' lang='lat' dir='ltr'><strong>which</strong></span> <span class='ocrx_word' id='word_1_445' title='bbox 1543 3141 1586 3174; x_wconf 87' lang='lat' dir='ltr'><strong>he</strong></span> <span class='ocrx_word' id='word_1_446' title='bbox 1607 3140 1674 3173; x_wconf 90' lang='lat' dir='ltr'><strong>had</strong></span> <span class='ocrx_word' id='word_1_447' title='bbox 1694 3140 1786 3173; x_wconf 83' lang='lat' dir='ltr'><strong>dealt</strong></span> <span class='ocrx_word' id='word_1_448' title='bbox 1802 3140 1884 3174; x_wconf 86' lang='lat' dir='ltr'><strong>with</strong></span> <span class='ocrx_word' id='word_1_449' title='bbox 1907 3140 1965 3173; x_wconf 89' lang='lat' dir='ltr'><strong>the</strong></span> <span class='ocrx_word' id='word_1_450' title='bbox 1987 3140 2175 3173; x_wconf 82' lang='lat' dir='ltr'><strong>murderers</strong></span> <span class='ocrx_word' id='word_1_451' title='bbox 2194 3140 2233 3173; x_wconf 78' lang='lat' dir='ltr'><strong>of</strong></span> 
     </span>
     <span class='ocr_line' id='line_1_44' title="bbox 201 3185 1522 3233; baseline -0.003 -11"><span class='ocrx_word' id='word_1_452' title='bbox 201 3188 310 3223; x_wconf 86' lang='lat' dir='ltr'><strong>Lieut.</strong></span> <span class='ocrx_word' id='word_1_453' title='bbox 331 3189 451 3222; x_wconf 87' lang='lat' dir='ltr'><strong>Bower</strong></span> <span class='ocrx_word' id='word_1_454' title='bbox 468 3188 652 3233; x_wconf 85' lang='lat' dir='ltr'><strong>(Hansard,</strong></span> <span class='ocrx_word' id='word_1_455' title='bbox 670 3188 738 3221; x_wconf 91' lang='lat' dir='ltr'><strong>vol.</strong></span> <span class='ocrx_word' id='word_1_456' title='bbox 756 3187 831 3230; x_wconf 81' lang='lat'><strong>265,</strong></span> <span class='ocrx_word' id='word_1_457' title='bbox 851 3199 884 3231; x_wconf 87' lang='lat' dir='ltr'><strong>p.</strong></span> <span class='ocrx_word' id='word_1_458' title='bbox 907 3186 994 3230; x_wconf 82' lang='lat'><strong>722).</strong></span> <span class='ocrx_word' id='word_1_459' title='bbox 1217 3185 1231 3206; x_wconf 68' lang='grc' dir='ltr'><strong>Β</strong></span> <span class='ocrx_word' id='word_1_460' title='bbox 1254 3187 1369 3219; x_wconf 86' lang='lat' dir='ltr'><strong>Psalm</strong></span> <span class='ocrx_word' id='word_1_461' title='bbox 1387 3185 1474 3218; x_wconf 86' lang='lat' dir='ltr'><strong>xcvii</strong></span> <span class='ocrx_word' id='word_1_462' title='bbox 1495 3196 1522 3218; x_wconf 85' lang='lat'><strong>1.</strong></span> 
     </span>
    </p>
   </div>
   <div class='ocr_carea' id='block_1_8' title="bbox 307 3266 2118 3310">
    <p class='ocr_par' dir='ltr' id='par_1_10' title="bbox 307 3266 2118 3310">
     <span class='ocr_line' id='line_1_45' title="bbox 307 3266 2118 3310; baseline 0.003 -8"><span class='ocrx_word' id='word_1_463' title='bbox 307 3272 382 3302; x_wconf 88' lang='lat' dir='ltr'><strong>s.s.</strong></span> <span class='ocrx_word' id='word_1_464' title='bbox 1193 3272 1245 3310; x_wconf 84' lang='lat'><strong>49</strong></span> <span class='ocrx_word' id='word_1_465' title='bbox 2097 3266 2118 3307; x_wconf 80' lang='lat'><strong>7</strong></span> 
     </span>
    </p>
   </div>
  </div>
 </body>
</html>
