2704 3770
680 317 871 367 Robert
906 316 1218 381 Stephenson.
1294 315 1391 364 Sir
1418 315 1474 363 E
1475 315 1670 364 dmund
1697 317 1926 366 Monson.

291 467 487 517 admirati,
509 481 618 508 nunc
637 469 802 508 demum
827 469 982 509 honore
1010 467 1080 508 diu
1106 465 1245 507 debito
1271 467 1522 507 decoramus.
1582 466 1745 505 Abhinc
1771 478 1900 504 annos
1926 465 2106 516 quinque
2133 473 2172 506 et
2201 466 2325 517 quad-

292 530 445 583 raginta
481 530 796 571 consuetudines
836 530 1071 572 Mexicanas
1107 528 1294 581 antiquas
1333 528 1544 580 diligenter
1586 526 1815 578 exploravit.
1886 526 2048 567 Deinde
2094 528 2147 567 de
2192 527 2324 578 prisco

292 591 504 633 hominum
542 594 665 641 cultu,
699 605 821 645 opere
857 592 900 633 in
938 592 1114 633 maximo
1147 599 1188 633 et
1221 590 1431 632 doctrinae
1467 590 1599 630 variae
1632 589 1878 642 plenissimo,
1914 590 2005 641 plus
2039 602 2160 640 quam
2200 591 2324 630 semel

292 655 520 709 disputavit.
579 658 657 697 Illo
694 670 788 698 vero
825 657 868 697 in
905 670 1038 710 opere,
1077 655 1301 696 animarum
1339 653 1571 707 praesertim
1606 653 1647 693 in
1682 666 1805 705 regno
1839 653 2119 704 perlustrando
2156 652 2324 693 aliorum

291 727 526 761 antecursor
551 720 806 770 constitutus,
828 719 1126 761 successoribus
1151 718 1340 759 omnibus
1366 719 1496 758 facem
1520 716 1776 770 splendidam
1802 715 2000 768 praetulit.
2060 715 2248 767 Denique
2274 717 2326 755 de

292 781 600 835 anthropologia
623 782 808 823 universa
830 782 986 835 egregie
1012 781 1210 830 disseruit,
1231 780 1442 821 hominum
1468 780 1647 832 ipsorum
1669 778 1848 819 studium
1872 776 2106 817 hominibus
2131 776 2326 828 imprimis

292 843 496 897 proprium
526 857 614 885 esse
642 844 727 885 iure
753 844 910 896 optimo
937 844 1160 885 arbitratus.
1219 844 1354 883 Nemo
1383 843 1551 882 fortasse
1579 841 1706 893 magis
1735 840 1879 881 merito
1907 839 2187 880 liberalitatem
2217 839 2325 878 illam

291 905 577 947 Terentianam
606 919 702 958 prae
730 920 774 947 se
802 907 902 946 ferre
930 912 1064 958 potest
1079 909 1157 946 :—-‘
1170 906 1296 946 homo
1325 918 1426 953 sum,
1458 903 1626 944 humani
1654 903 1712 943 nil
1739 916 1763 942 a
1792 915 1857 942 me
1886 901 2064 941 alienum
2093 899 2246 952 puto'¹.

402 970 523 1009 Duco
547 969 600 1009 ad
619 982 692 1009 vos
717 969 1050 1021 anthropologiae
1075 969 1343 1021 professorem
1371 966 1659 1014 Oxoniensem,
1681 964 1810 1006 virum
1834 964 1914 1004 iam
1938 963 2095 1016 pridem
2122 963 2326 1013 illustrem,

294 1031 554 1071 Enwmuu
574 1032 788 1071 BURNETT
805 1031 987 1071 TvL0R2.

1110 1158 1170 1206 25
1208 1143 1340 1208 May
1383 1157 1507 1206 1905

401 1262 518 1315 (415)
574 1263 826 1304 Comi-uus
879 1262 1221 1316 Cantabrigiensis
1267 1263 1310 1303 in
1357 1270 1470 1315 parte
1518 1261 1822 1315 septentrionali
1869 1259 2072 1312 regionem
2122 1260 2326 1311 quandam

290 1325 612 1377 pulcherrimam,
653 1325 756 1366 inter
792 1326 1010 1366 arundines
1048 1327 1264 1378 ulvamque
1301 1328 1519 1377 palustrem
1553 1325 1737 1376 positam,
1779 1331 1819 1364 et
1857 1324 2000 1363 florum
2039 1329 2079 1362 et
2115 1322 2249 1362 avium
2288 1331 2328 1363 et

291 1386 541 1440 papilionum
568 1388 759 1428 rariorum
785 1389 894 1428 velut
918 1389 1072 1440 asylum
1096 1389 1306 1440 quoddam
1329 1401 1354 1428 a
1377 1402 1510 1428 rerum
1531 1396 1672 1427 natura
1692 1387 1901 1434 seclusam,
1924 1398 2051 1436 nuper
2069 1384 2141 1424 viri
2160 1385 2328 1426 huiusce

291 1449 440 1492 amdlio
468 1449 664 1502 integram
695 1457 735 1490 et
768 1449 1001 1490 inviolatam
1032 1458 1309 1491 conservatam
1343 1463 1431 1491 esse
1465 1450 1654 1490 constat³.
1713 1450 1819 1500 Ipse,
1849 1447 1892 1495 in
1925 1447 2015 1487 vico
2043 1447 2215 1498 regionis
2244 1455 2326 1487 tam

292 1513 483 1565 pulchrae
505 1511 766 1565 propinquo⁴‚
789 1512 891 1564 agris
920 1514 1000 1553 late
1028 1513 1210 1553 colendis
1237 1512 1306 1553 diu
1333 1512 1507 1562 deditus,
1529 1513 1651 1552 etiam
1679 1510 1867 1552 Concilio
1892 1508 2143 1549 Academico
2168 1510 2220 1550 de
2244 1509 2327 1561 agri

292 1577 472 1617 culturae
495 1575 637 1616 studiis
663 1576 894 1626 constituto,
917 1576 1140 1617 studiorum
1167 1576 1327 1616 illorum
1352 1589 1445 1616 curn
1472 1577 1602 1615 fructu
1626 1587 1784 1626 magno,
1807 1586 1935 1626 nuper
1960 1572 2147 1612 interfuit.
2208 1573 2325 1613 Idem

293 1639 521 1681 Comitatus
554 1640 677 1681 totius
708 1640 895 1682 Concilio
928 1654 999 1693 per
1029 1653 1158 1680 annos
1192 1641 1420 1692 complures
1449 1638 1712 1692 praepositus,
1743 1637 1865 1678 etiam
1899 1637 1951 1677 de
1984 1635 2132 1676 scholis
2162 1643 2326 1688 sumptu

293 1702 458 1755 publico
483 1702 756 1752 aedificandis,
784 1711 825 1744 et
848 1704 900 1744 de
925 1703 1060 1743 liberis
1083 1702 1316 1752 educandis,
1343 1703 1430 1743 sine
1457 1703 1541 1742 ullo
1566 1700 1740 1753 partium
1770 1699 1906 1740 studio
1934 1700 2136 1751 praeclare
2162 1699 2326 1739 meritus

293 1772 365 1806 est.
426 1765 611 1814 Habetis,
646 1765 894 1814 Academici,
930 1768 1133 1818 exemplar
1170 1765 1242 1806 viri
1274 1765 1317 1805 in
1350 1764 1521 1817 negotiis
1554 1762 1721 1816 agendis
1751 1762 1912 1812 strenui,
1948 1761 2021 1802 viri
2053 1760 2254 1813 aequitate
2288 1769 2328 1802 et

292 1828 490 1881 sapientia
525 1830 756 1882 praesertim
794 1829 1012 1882 conspicui,
1049 1829 1118 1880 qui
1157 1830 1327 1869 salutem
1361 1827 1502 1880 populi
1535 1839 1762 1878 supremam
1798 1827 1928 1877 legem
1963 1838 2050 1865 esse
2082 1823 2325 1872 arbitratus⁶,

292 1891 433 1944 populi
452 1892 621 1932 salutem
641 1891 758 1943 saluti
778 1905 874 1932 suae
893 1891 1090 1944 praetulit.
1149 1891 1263 1932 Nihil
1282 1898 1418 1931 autem
1438 1889 1581 1931 melius
1601 1888 1724 1929 hodie
1744 1895 1932 1940 exoptare
1955 1900 2181 1940 possumus,
2204 1900 2325 1939 quam

291 1961 337 1995 ut
356 1954 512 1996 Cereris
532 1961 572 1994 et
593 1954 801 1994 Minervae
820 1954 965 1995 cultori
983 1962 1066 1994 tam
1087 1954 1252 1995 assiduo
1272 1954 1322 1994 sit
1341 1953 1538 2006 propitius
1557 1950 1832 2003 Aesculapius.

403 2018 522 2059 Duco
541 2018 595 2059 ad
613 2030 685 2058 vos
706 2019 952 2058 ROBERTUM
972 2019 1290 2059 STEPHENSON⁶.

1151 2269 1209 2314 14
1233 2252 1377 2320 June
1421 2266 1544 2315 1905

404 2370 520 2424 (416)
555 2372 966 2411 FRANCOGALLORUM
1000 2371 1291 2424 rempublicam
1323 2370 1551 2419 maximam,
1585 2369 1683 2410 mari
1721 2377 1892 2422 angusto
1929 2382 1954 2409 a
1992 2367 2110 2409 nobis
2144 2366 2326 2416 divisam,

293 2436 489 2476 laetamur
513 2447 655 2475 omnes
678 2448 788 2475 nunc
813 2436 980 2475 demum
1006 2435 1248 2476 concordiae
1273 2433 1442 2474 vinculis
1467 2433 1674 2473 artissimis
1701 2432 1915 2473 nobiscum
1939 2445 2026 2472 esse
2055 2430 2327 2471 coniunctam.

297 2496 374 2537 Rei
397 2504 532 2537 autem
556 2504 639 2536 tam
664 2510 853 2549 prospere
878 2504 1014 2548 gestae
1034 2497 1096 2550 (ut
1122 2496 1361 2537 meministis
1387 2494 1548 2547 omnes)
1569 2496 1740 2535 multum
1765 2495 1854 2534 Rex
1873 2501 2019 2541 noster,
2042 2494 2214 2532 multum
2240 2491 2328 2543 ipse

294 2558 539 2613 reipublicae
565 2561 741 2609 Praeses,
772 2561 944 2599 multum
978 2561 1098 2599 etiam
1130 2559 1331 2611 utrimque
1357 2558 1429 2598 viri
1454 2557 1631 2610 primarii
1657 2564 1697 2597 et
1723 2556 1843 2609 legati
1871 2555 2013 2608 optimi
2042 2553 2329 2595 contulerunt⁷.

295 2621 423 2674 Atqui
460 2622 811 2674 Francogallorum
850 2621 1016 2673 quidem
1054 2622 1230 2674 legatum
1267 2622 1472 2669 illustrem,
1513 2619 1640 2660 virum
1678 2619 1829 2670 patriae
1872 2617 2161 2666 fidelissimum,
2202 2615 2330 2656 virum

297 2683 498 2725 Britannis
523 2684 859 2738 acceptissimum,
881 2685 1004 2726 hodie
1029 2686 1238 2726 absentem
1266 2684 1570 2725 desideramus⁸.
1628 2683 1708 2724 Sed
1738 2682 1890 2735 ‘primo
1918 2684 2057 2722 avolso
2084 2695 2168 2721 non
2195 2680 2333 2721 deficit

295 2748 445 2789 alter'⁹.
503 2749 633 2790 Adest
651 2749 760 2790 enim
780 2751 933 2802 legatus
952 2750 1052 2790 alter
1073 2748 1252 2802 insignis,
1275 2748 1344 2800 qui
1368 2749 1539 2789 Scholae
1563 2746 1780 2787 Etonensis
1803 2747 2011 2798 quondam
2038 2744 2269 2797 discipulus,
2292 2751 2334 2785 et

384 2862 398 2884 ¹
421 2865 581 2905 Terence,
600 2864 724 2898 Heaut.
748 2874 799 2908 77.
1096 2864 1111 2886 ²
1133 2865 1268 2899 Author
1284 2865 1323 2898 of
1333 2865 1467 2900 Mcxico
1481 2865 1555 2897 and
1565 2865 1620 2897 tlte
1634 2864 1834 2903 Alexicans;
1859 2862 2054 2896 Researches
2069 2862 2140 2895 into
2155 2861 2210 2894 the
2222 2860 2334 2903 Early

298 2908 440 2950 History
460 2907 503 2951 qs
523 2909 717 2948 Mankind3
753 2910 935 2943 primitive
967 2910 1130 2950 Culture3
1166 2910 1233 2943 and
1265 2910 1523 2952 Anthropology.
1574 2908 1708 2951 Degree
1736 2907 1889 2940 deferred
1918 2907 2003 2939 from
2036 2917 2075 2939 αα
2107 2906 2196 2948 Aug.
2236 2915 2329 2948 ¹904·

296 2951 312 2973 ⁸
334 2952 391 2985 Mr
406 2951 619 2995 Stephenson
634 2953 794 2996 formerly
808 2953 929 2987 owned
945 2965 988 2987 an
1008 2965 1087 2987 area
1101 2954 1140 2987 of
1158 2954 1261 2987 about
1287 2962 1328 2995 70
1346 2964 1439 2986 acres
1452 2954 1487 2985 in
1505 2952 1649 2985 Wicken
1672 2952 1755 2992 Fen,
1775 2951 1886 2983 which
1909 2951 1952 2983 he
1973 2950 2047 2982 sold
2071 2950 2173 2982 about
2194 2958 2278 2992 ¹904
2298 2954 2334 2981 to

298 2997 356 3029 Mr
377 2995 420 3029 G.
439 2996 488 3028 Η.
505 2996 636 3047 Verrall
659 2997 698 3030 of
716 2997 947 3049 NewmarlffeJ,
966 2998 1047 3031 with
1068 3009 1089 3031 a
1109 2998 1195 3031 view
1217 3003 1254 3031 to
1277 2999 1334 3031 the
1354 2998 1426 3031 Fen
1448 2997 1551 3048 being
1572 2996 1762 3038 ultimately
1782 2995 1918 3046 handed
1941 3004 2025 3057 overt'³
2043 2999 2080 3026 to
2102 2994 2262 3043 Trustees
2284 2992 2336 3025 for

297 3049 339 3117 gi:
348 3083 406 3134 the
421 3042 1021 3128 Cgitxilbsirdgiessliirrffglciuffirydgdffncil
1037 3041 1104 3118 and
1121 3040 1850 3123 ciiuigeElllducatignCCffrrrgiriggeliegaiibdl{aiii
1864 3040 2020 3114 iiiember
2035 3037 2340 3114 offltliecffoaalidnatii

297 3128 428 3205 effi?
419 3127 630 3215 &31¹3ss
633 3139 692 3205 'ri'
707 3172 790 3206 1³21ss
803 3173 958 3207 cmo„
978 3129 1089 3207 ⁷11²?oe
1098 3130 1354 3217 ᾆὲῗῆἰωω
1366 3128 1644 3216 ῧὲῑῧῗῗέῑιῦῗὲἑ
1660 3127 1789 3213 ¹3?ng
1805 3126 1872 3160 ²³⁶¹
1889 3124 2047 3165 F¹²¹¹⁰⁶’‘
2064 3126 2085 3158 ⁸
2102 3124 2213 3168 Apffl’
2237 3134 2331 3168 ¹⁹⁰⁴·

680 3196 689 3205 .
968 3185 978 3214 ς
1048 3198 1057 3207 .
1074 3188 1094 3217 4
1155 3186 1166 3206 ι
1254 3198 1262 3206 .
1542 3196 1552 3213 ,
1648 3194 1656 3204 .
1791 3193 1800 3202 .

1288 3247 1363 3297 189
