2704 3770
207 321 306 372 Sir
334 322 519 372 Robert
551 323 791 372 Herbert.
863 323 960 372 Sz'r
993 323 1207 372 Thomas
1241 323 1456 372 Francis
1497 323 1657 373 Wade.
1729 323 2002 374 Frederz'ck
2025 325 2230 390 McCoy.

202 469 308 512 vitae
325 470 554 512 communis
573 471 706 512 officio
726 479 921 520 strenuus,
943 478 1164 523 promptus,
1183 469 1324 510 fidelis.
1374 469 1457 521 Qui
1476 482 1723 522 quamquam
1738 482 1871 521 neque
1886 470 2060 511 fluminis
2080 471 2233 523 paterni

200 533 464 574 aestuarium¹
482 547 615 586 neque
629 533 820 575 Sabrinae
835 548 930 575 suae
950 535 1095 574 fluctus
1115 532 1372 581 obliviscitur,
1390 545 1637 585 quamquam
1657 544 1790 584 neque
1810 531 2099 573 Scandinaviae
2118 533 2234 573 litora

201 607 335 648 neque
364 595 504 637 Italiae
533 597 652 638 urbes
674 596 942 650 inexploratas
968 595 1136 649 reliquit,
1165 603 1314 645 tamen,
1342 594 1418 635 nisi
1445 595 1570 643 fallor,
1596 593 1713 635 Carni
1742 593 1803 634 sui
1828 593 1944 646 ripas,
1974 596 2142 648 Collegii
2172 597 2233 636 sui

201 656 456 699 victoriarum
480 672 552 712 per
574 666 634 700 tot
659 672 788 700 annos
814 658 996 700 conscias
1008 658 1033 708 ²,
1054 665 1148 699 ante
1167 657 1305 699 omnia
1330 656 1477 698 dilexit.
1538 657 1632 708 Ipse
1651 669 1784 696 rerum
1803 656 2095 697 cotidianarum
2115 657 2234 699 undis

201 719 273 761 diu
300 719 469 762 iactatus
497 729 538 763 et
566 729 726 774 portum
755 724 959 775 quendam
988 721 1304 774 tranquilliorem
1334 719 1562 773 nuperrime
1588 726 1742 769 nactus,
1764 733 1848 760 non
1874 719 2077 772 dignitatis
2106 734 2234 762 novae

199 781 398 824 illecebris
427 783 528 825 vires
561 783 747 836 pristinas
780 791 938 837 torpere
967 784 1150 836 patietur,
1186 785 1258 824 sed
1292 782 1461 835 Collegii
1495 782 1557 822 sui
1585 782 1856 834 gubernacula
1887 782 2040 823 fortiter
2068 783 2232 833 tenebit,

202 858 509 900 nonnumquam
538 847 650 888 navis
678 847 811 888 cursui
839 847 958 888 nimis
989 847 1155 888 incitato
1183 860 1256 899 pro
1287 845 1500 899 prudentia
1528 860 1601 887 sua
1628 847 1920 894 moderaturus,
1947 848 2020 888 sed
2050 846 2170 896 idem,
2201 846 2235 887 si

201 910 368 962 quando
396 923 500 963 opus
529 909 655 960 fuerit,
685 910 817 951 socios
846 924 951 959 suos,
982 909 1088 951 viros
1116 909 1303 962 optimos,
1334 908 1464 950 verbis
1493 908 1688 962 promptis
1717 910 1945 950 hortaturus
1959 925 2024 950 :—

638 986 781 1034 ‘nunc,
811 997 837 1025 o
866 986 970 1026 lecta
997 997 1152 1033 manus,
1183 983 1325 1025 validis
1353 983 1576 1024 incumbite
1604 983 1722 1024 remis
1735 984 1774 1022 '⁸.

312 1059 431 1099 Duco
449 1059 503 1100 ad
522 1072 593 1100 vos
613 1058 741 1100 virum
760 1060 1037 1109 reverendum,
1061 1061 1305 1100 HENRICUM
1326 1060 1584 1100 ARTHURUM
1606 1059 1812 1099 MORGAN.

310 1183 426 1240 (113)
459 1188 595 1238 Quem
622 1187 851 1229 valetudine
879 1187 1018 1240 iniqua
1045 1187 1285 1241 impeditum
1314 1186 1384 1228 illo
1414 1188 1481 1228 die
1513 1185 1839 1236 desideravimus,
1870 1199 1953 1239 quo
1986 1185 2233 1228 coloniarum

201 1254 426 1289 nostrarum
446 1256 506 1290 tot
525 1249 630 1290 viros
649 1249 858 1302 primarios
877 1250 994 1291 titulo
1013 1257 1151 1290 nostro
1171 1248 1432 1298 ornavimus⁴‚
1450 1249 1625 1289 eundem
1645 1248 1768 1290 hodie
1788 1249 1940 1289 salvum
1961 1248 2235 1302 sospitemque

200 1308 372 1352 libenter
407 1312 636 1352 salutamus.
709 1308 937 1353 Salutamus
979 1312 1225 1353 Academiae
1264 1311 1506 1353 Oxoniensis
1544 1312 1764 1360 alumnum,
1804 1310 1933 1352 virum
1976 1319 2016 1352 et
2058 1312 2152 1352 iuris
2195 1320 2235 1353 et

199 1372 419 1416 litterarum
446 1376 731 1417 humaniorum
760 1376 902 1417 studiis
932 1376 1028 1417 olim
1057 1375 1267 1428 insignem,
1290 1375 1332 1415 in
1360 1389 1442 1415 una
1470 1389 1519 1416 ex
1547 1374 1770 1415 Australiae
1794 1374 1964 1416 coloniis
1992 1375 2234 1428 reipublicae

200 1436 542 1479 administrandae
561 1439 768 1491 quondam
792 1438 1093 1491 praepositum⁵.
1154 1439 1271 1478 Idem
1291 1445 1432 1490 postea
1451 1438 1634 1478 omniurn
1654 1436 1903 1478 coloniarum
1931 1444 2156 1479 nostrarum
2182 1439 2235 1479 ad

201 1497 333 1551 ipsum
361 1501 583 1551 πρυτανεῖον
609 1507 786 1550 vocatus,
814 1507 854 1541 et
882 1513 1008 1552 prope
1036 1499 1168 1552 ipsum
1197 1501 1335 1540 focum
1362 1498 1633 1551 μητροπόλεως
1660 1498 1825 1551 positus,
1853 1501 1943 1552 plus
1972 1514 2093 1552 quarn
2122 1500 2236 1553 quin-

201 1560 335 1602 decim
366 1575 496 1604 annos
526 1563 687 1616 ignibus
719 1562 795 1603 illis
827 1563 1011 1603 fovendis
1044 1562 1197 1603 studuit
1230 1562 1310 1614 qui,
1346 1562 1484 1602 talium
1519 1560 1694 1602 virorum
1725 1560 1885 1611 auxilio,
1920 1561 2024 1604 inter
2055 1562 2235 1604 colonias

201 1623 486 1671 remotissimas
514 1633 555 1667 et
583 1627 711 1679 ipsam
739 1624 907 1678 patriam
935 1638 1115 1665 amorem
1145 1624 1274 1665 indies
1303 1623 1597 1677 flagrantiorem
1625 1625 1854 1664 accendunt
1865 1622 1890 1664 ⁸.

312 1689 432 1730 Duco
451 1690 505 1731 ad
523 1703 595 1730 vos
614 1688 792 1742 equitem
811 1688 1015 1737 illustrem,
1038 1690 1285 1728 ROBERTUM
1307 1689 1534 1728 HERBERT.

312 1807 428 1862 (114)
457 1810 684 1865 Salutamus
713 1808 905 1861 deinceps
933 1808 1061 1849 virum
1090 1808 1287 1861 insignem
1317 1808 1387 1861 qui
1415 1808 1663 1849 iuventutem
1692 1807 1824 1858 armis,
1855 1815 2028 1850 aetatem
2058 1810 2234 1852 mediam

200 1869 350 1920 litteris,
389 1884 518 1912 annos
557 1879 734 1912 maturos
771 1870 1029 1921 Academiae,
1070 1871 1192 1912 vitam
1230 1884 1326 1911 vero
1363 1878 1490 1912 totam
1532 1870 1682 1924 patriae
1724 1870 1934 1912 dedicavit.
2008 1873 2235 1915 Salutamus

201 1934 376 1986 legatum
396 1933 601 1984 illustrem,
622 1933 736 1974 cuius
756 1935 850 1974 fidei
870 1941 909 1974 et
929 1935 1077 1975 tutelae
1096 1933 1253 1986 imperii
1280 1933 1499 1974 Britannici
1526 1947 1656 1982 causa,
1678 1933 1719 1973 in
1746 1941 1924 1974 extrema
1948 1934 2124 1976 Orientis
2153 1950 2232 1986 ora,

201 1995 305 2038 inter
332 1998 448 2038 Seras
475 1997 564 2038 illos
593 2004 781 2045 remot05‚
811 1996 998 2049 auspiciis
1027 1996 1190 2049 optimis
1219 1996 1315 2037 olim
1345 1996 1489 2037 tradita
1517 2003 1588 2037 est.
1647 1996 1874 2037 Salutamus
1903 1997 2079 2050 denique
2107 1998 2234 2039 virum

200 2059 492 2111 doctissimum,
527 2060 597 2113 qui
635 2059 922 2100 bibliothecam
956 2068 1133 2101 nostram
1167 2060 1366 2101 beneficio
1399 2060 1508 2101 auxit
1542 2059 1742 2112 singulari,
1777 2061 1996 2113 sapientiae
2033 2063 2235 2103 orientalis

200 2123 359 2174 divitiis,
390 2138 491 2177 quas
521 2137 616 2165 cura
641 2123 797 2164 infinita
827 2137 898 2176 per
921 2131 981 2164 tot
1007 2138 1136 2164 annos
1170 2132 1434 2177 congesserat,
1465 2124 1711 2165 Academiae
1740 2132 1899 2166 nostrae
1927 2125 1968 2166 in
1997 2134 2235 2179 perpetuum

200 2187 371 2229 donatis.
429 2187 552 2229 Tanti
570 2201 664 2228 vero
683 2187 857 2228 muneris
877 2195 916 2228 et
936 2195 1076 2228 auctor
1095 2195 1134 2228 et
1154 2187 1347 2240 interpres
1368 2195 1407 2229 et
1427 2195 1562 2229 custos
1586 2188 1850 2229 Academiam
1877 2196 2055 2230 nostram
2080 2189 2234 2231 utinam

199 2249 394 2303 plurimos
419 2250 462 2291 in
486 2264 616 2291 annos
642 2258 806 2292 exornet
819 2265 830 2300 ς
859 2250 1010 2303 quique
1035 2250 1231 2291 orientem
1260 2264 1387 2303 prope
1413 2252 1552 2300 solem,
1573 2251 1715 2292 aetatis
1734 2251 1875 2304 prioris
1894 2251 1936 2292 in
1962 2253 2062 2302 luce,
2085 2252 2235 2306 patriae

200 2328 351 2356 nomen
370 2314 558 2356 illustrius
577 2314 764 2364 reddidit,
778 2314 887 2355 idem
907 2314 1010 2355 inter
1028 2314 1275 2355 Academiae
1291 2322 1450 2355 nostrae
1465 2313 1726 2356 occidentalis
1741 2314 1914 2365 umbras,
1932 2324 2236 2369 vesperascente

200 2377 343 2419 leniter
360 2377 465 2418 vitae
483 2377 561 2427 die,
582 2378 730 2429 hospes
749 2377 970 2417 honoratus
989 2375 1213 2417 diutissime
1233 2376 1415 2429 supersit.

690 2450 815 2502 αστῆρ
842 2467 882 2493 ος
910 2450 999 2502 πρὶν
1028 2451 1195 2501 ἔλαμπες
1223 2451 1322 2503 ἑῷος,
1352 2449 1506 2503 πατρίδι
1534 2450 1691 2528 φέγγος,

745 2504 867 2556 λάμπ’
895 2504 1145 2556 Ἀκαδημείας
1173 2504 1334 2556 ἕσπερος
1360 2504 1572 2556 ἤμετέραςῖ

312 2583 432 2623 Duco
459 2582 513 2622 ad
542 2595 613 2622 vos
643 2580 772 2622 virum
806 2582 857 2621 de
890 2580 1029 2621 litteris
1062 2579 1323 2621 orientalibus
1356 2581 1557 2633 praeclare
1586 2579 1784 2629 meritum,
1816 2580 1993 2633 equitem
2022 2581 2231 2634 insignem,

202 2647 401 2687 THOMAM
431 2646 710 2685 FRAncrsctm
739 2646 888 2684 WADE.

311 2776 426 2830 (115)
457 2778 492 2817 E
511 2776 778 2818 remotissima
796 2775 863 2816 illa
883 2775 1106 2816 Australiae
1126 2775 1331 2828 provincia
1350 2788 1454 2827 quae
1474 2774 1651 2815 Victoria
1675 2783 1941 2828 nuncupatur,
1964 2789 2091 2828 nuper
2117 2778 2235 2819 nobis

201 2840 381 2883 redditus
414 2846 475 2881 est
502 2839 560 2880 vir
588 2840 640 2880 de
670 2838 890 2892 Geologiae
923 2852 1028 2891 quae
1056 2846 1221 2879 vocatur
1249 2838 1417 2879 scientia
1444 2837 1596 2890 optime
1626 2838 1799 2887 meritus,
1831 2838 1900 2890 qui
1928 2838 2077 2879 abhinc
2105 2853 2234 2880 annos

201 2905 283 2946 fere
310 2902 470 2956 triginta
498 2916 592 2943 cum
613 2903 786 2943 Nestore
810 2902 880 2942 illo
906 2909 1056 2952 nostro,
1077 2901 1146 2954 qui
1167 2900 1375 2942 scientiam
1395 2900 1504 2941 illam
1525 2899 1627 2940 inter
1647 2907 1807 2941 nosmet
1826 2901 1935 2953 ipsos
1955 2908 2037 2941 tam
2058 2901 2127 2943 diu
2148 2915 2236 2954 pro-

299 3035 313 3057 ¹
335 3035 411 3069 The
437 3035 524 3069 river
547 3034 709 3079 Conway.
874 3035 888 3056 ²
913 3035 1037 3069 ‘Head
1062 3035 1101 3068 of
1121 3035 1180 3068 the
1210 3035 1345 3075 River’,
1381 3036 1462 3077 1875
1491 3039 1526 3067 to
1559 3035 1652 3076 1885.
1815 3033 1830 3054 ²³
1852 3034 1973 3078 Virgil,
1997 3037 2084 3069 Aen.
2112 3047 2132 3069 x
2157 3047 2232 3081 294.

199 3080 257 3126 ⁴9
270 3079 349 3131 July
369 3079 463 3113 1886.
662 3078 676 3099 ³
700 3080 847 3114 Premier
863 3080 902 3113 of
913 3078 1330 3122 Queensland‚1860—65.
1526 3079 1541 3099 ⁶
1565 3079 1765 3111 Permanent
1785 3078 1918 3112 Under·
1907 3079 2097 3122 ·Secretary
2111 3080 2163 3113 for
2178 3081 2236 3114 the

201 3123 557 3167 Colonies‚1871—92.
729 3123 742 3147 7
762 3122 887 3167 Ἀστὴρ
909 3126 983 3166 πρὶν
1007 3125 1066 3164 μὲν
1089 3125 1234 3163 ἔλαμπες
1256 3088 1315 3156 ἐνὶ5
1328 3123 1456 3163 ζωοῖσιν
1479 3121 1568 3163 ἑῷος·
1595 3121 1600 3165 Ι
1619 3124 1675 3155 νῦν
1698 3122 1732 3155 δε
1756 3124 1861 3155 θανὼν
1884 3123 2023 3163 λάμπεις
2046 3125 2180 3166 ἕσπερος
2201 3128 2236 3158 ἐν

197 3168 379 3210 φθιμένοις.
427 3167 524 3200 Plato
547 3167 583 3200 in
605 3167 712 3200 Anile.
740 3168 817 3200 Pal.
840 3168 887 3201 vii
910 3167 987 3210 670.

1190 3253 1241 3292 59
2019 3243 2123 3280 8—-2
