2704 3770
667 319 724 387 J.
764 338 855 370 von
889 320 1067 371 Fodor.
1141 320 1215 371 H.
1264 320 1339 371 W.
1390 321 1643 371 Yeatman.
1715 321 1774 370 F.
1826 320 1897 371 W.
1937 321 2210 370 Maz'tland.

442 463 567 505 felicis
586 477 706 504 omen
725 464 953 516 accipimus.
1013 466 1289 506 Recordamur
1307 464 1482 516 denique
1501 470 1662 516 poetam
1675 464 1884 516 antiquum
1904 464 2012 504 urbis
2026 472 2210 505 aeternae
2223 465 2275 505 de
2289 463 2454 504 nomine

443 525 505 566 his
525 528 605 567 sere
623 526 753 567 verbis
773 540 854 567 non
875 527 1009 579 inepte
1028 541 1116 568 esse
1135 527 1344 580 gloriatum
1359 541 1423 566 :—-

1119 602 1251 640 Roma
1278 607 1372 640 ante
1401 601 1621 640 Romulum
1650 599 1748 650 fuit3

1117 668 1199 695 non
1228 655 1294 694 ille
1322 668 1471 694 nomen
1500 654 1656 701 indidit,

1117 710 1189 748 sed
1217 708 1308 748 diva
1337 709 1436 748 flava
1461 715 1501 748 et
1529 709 1713 757 candida,

1118 764 1262 811 Roma,
1294 762 1507 814 Aesculapi
1536 762 1646 802 filia1.

553 837 671 877 Duco
690 837 742 876 ad
761 849 831 876 vos
851 835 1063 887 Aesculapi
1083 835 1307 875 ministrum
1326 835 1612 883 fidelissimum,
1636 838 1903 875 ALPHONSUM
1924 837 2136 877 CORRAm.

550 946 664 999 (183)
699 947 800 997 Quis
824 946 950 987 nescit
973 947 1113 986 urbem
1136 946 1456 987 florentissimam
1475 947 1586 998 quod
1607 947 1839 999 Hungariae
1867 954 1986 999 caput
2012 954 2081 996 est,
2105 945 2268 986 nomine
2287 945 2454 998 bilingui

444 1017 727 1062 nuncupatam,
763 1009 937 1049 fluminis
976 1009 1154 1049 Danubii
1184 1009 1226 1048 in
1256 1017 1423 1061 utraque
1453 1009 1538 1061 ripa
1570 1023 1656 1050 esse
1686 1010 1890 1061 positam?
1946 1011 2048 1061 Quis
2086 1024 2168 1050 non
2207 1009 2301 1050 inde
2338 1009 2456 1050 nobis

442 1071 606 1112 feliciter
623 1072 834 1111 advectum
855 1084 942 1110 esse
956 1071 1103 1122 gaudet
1123 1070 1257 1110 salutis
1277 1070 1462 1122 publicae
1480 1072 1742 1122 professorem
1764 1072 1970 1124 insignem,
1988 1072 2114 1112 virum
2135 1071 2257 1111 titulis
2276 1070 2454 1123 plurimis

443 1136 700 1183 cumulatum,
732 1134 800 1186 qui
828 1134 948 1174 etiam
977 1135 1028 1174 de
1056 1134 1224 1185 Angliae
1252 1133 1480 1173 salubritate
1509 1147 1610 1185 opus
1637 1137 1836 1186 egregium
1865 1135 2145 1186 conscripsit2?
2200 1136 2326 1183 Idem,
2348 1134 2454 1174 velut

442 1198 540 1236 alter
574 1196 852 1248 Hippocrates,
884 1197 936 1235 de
965 1201 1065 1243 aere,
1097 1194 1210 1247 aquis
1237 1202 1275 1234 et
1303 1195 1401 1235 locis
1434 1197 1633 1246 praeclare
1661 1195 1874 1236 disseruit⁸.
1932 1196 2039 1237 Olim
2072 1195 2341 1247 Hippocrates
2369 1195 2454 1246 ipse

443 1270 592 1297 corona
616 1270 735 1297 aurea
757 1256 1061 1297 Atheniensium
1081 1256 1122 1295 in
1142 1257 1297 1296 theatro
1323 1257 1495 1296 donatus
1522 1256 1624 1296 est⁴:
1658 1270 1732 1296 nos
1760 1257 2018 1309 Hippocratis
2041 1259 2243 1297 aemulum
2263 1257 2453 1297 illustrem

443 1320 576 1358 laurea
595 1326 729 1358 nostra
748 1318 1029 1369 qualicumque
1048 1317 1089 1356 in
1109 1318 1187 1356 hoc
1207 1319 1356 1369 templo
1376 1317 1538 1357 honoris
1557 1317 1727 1357 libenter
1745 1331 1944 1358 ornamus.

554 1382 671 1420 Duco
690 1382 742 1421 ad
760 1394 831 1421 vos
852 1379 1156 1431 bacteriologiae
1176 1382 1370 1420 cultorem
1388 1380 1635 1429 acerrimum,
1658 1382 1882 1421 IOSEPHUM
1904 1394 1960 1421 DE
1981 1384 2140 1422 FoDOR.

1256 1568 1312 1612 19
1347 1553 1478 1601 Nov.
1525 1555 1644 1614 1891

551 1656 666 1710 (184)
700 1658 855 1700 NOSTIS
874 1671 1014 1698 omnes
1034 1656 1203 1708 Angliae
1221 1658 1447 1698 scholarum
1467 1671 1699 1709 magnarum
1719 1655 2048 1707 antiquissimam,
2069 1669 2173 1707 quae
2191 1655 2243 1695 ab
2265 1654 2456 1708 episcopo

444 1720 587 1773 insigni
607 1722 782 1770 fundata,
800 1734 927 1760 annos
947 1722 1028 1761 fere
1047 1720 1286 1773 quingentos
1301 1722 1423 1761 verba
1436 1721 1502 1761 illa
1521 1723 1628 1761 velut
1647 1721 1806 1761 titulum
1822 1734 1915 1772 prae
1931 1734 1973 1760 se
1993 1719 2104 1760 tulit:
2134 1733 2253 1759 mores
2265 1721 2454 1770 cuiusque,

442 1785 477 1824 is
503 1789 559 1823 est
582 1784 766 1834 quisque&
826 1782 965 1823 Hodie
996 1796 1090 1823 vero
1120 1783 1354 1835 episcopum
1387 1785 1604 1824 salutamus
1633 1784 1736 1823 tituli
1764 1783 1867 1823 illius
1898 1796 1980 1823 non
2011 1783 2298 1831 immemorem,
2328 1774 2455 1823 virum

442 1853 481 1886 et
494 1858 650 1885 morum
666 1844 912 1884 humanitate
925 1858 1081 1885 summa
1100 1845 1323 1896 praeditum
1339 1852 1379 1885 et
1394 1845 1533 1885 morali
1552 1845 1592 1884 in
1609 1845 1772 1885 scientia
1786 1847 1960 1885 lauream
1975 1853 2152 1885 nostram
2166 1844 2315 1885 abhinc
2327 1856 2456 1884 annos

443 1915 630 1960 quattuor
659 1915 699 1948 et
728 1907 863 1959 viginti
887 1909 1090 1959 adeptum.
1150 1909 1266 1948 Idem
1296 1908 1487 1959 episcopo
1515 1922 1607 1948 cum
1637 1909 1739 1948 un0⁶
1766 1909 1956 1948 affinitate
1986 1908 2235 1956 coniunctus,
2266 1907 2456 1959 episcopo

442 1970 573 2010 alteri⁷
597 1969 754 2010 adiutor
779 1977 1032 2009 consecratus
1058 1976 1132 2018 est,
1154 1968 1193 2008 in
1218 1970 1317 2009 urbe
1341 1969 1521 2017 maxima,
1543 1969 1655 2008 cuius
1679 1969 1720 2008 in
1744 1983 1831 2009 rure
1855 1970 2085 2010 suburbano
2108 1983 2191 2009 non
2217 1969 2302 2009 sine
2326 1970 2455 2008 fructu

443 2034 698 2081 laboraverat,
719 2031 921 2071 laboribus
941 2031 1053 2071 novis
1073 2045 1236 2083 operam
1256 2032 1431 2071 daturus.
1488 2031 1638 2072 Videor
1662 2032 1759 2071 mihi
1781 2032 1918 2072 audire
1943 2046 2083 2073 vocem
2107 2040 2214 2072 trans
2237 2030 2455 2071 Thamesin

444 2096 594 2135 flumen
622 2108 645 2134 a
673 2094 757 2145 ripa
784 2093 994 2133 remotiore
1023 2092 1230 2133 clamantis
1258 2100 1297 2132 et
1324 2093 1512 2133 auxilium
1535 2093 1807 2144 implorantis:
1836 2096 2096 2145 transgredere
2120 2099 2157 2133 et
2183 2107 2251 2133 nos
2276 2093 2454 2132 adiuva&

444 2156 596 2196 Videor
627 2155 725 2195 mihi
756 2155 890 2195 videre
922 2154 1036 2203 viros,
1069 2154 1278 2194 hominum
1309 2168 1445 2195 amore
1478 2154 1615 2195 divino
1648 2155 1870 2205 instinctos,
1901 2155 2074 2195 fluminis
2107 2155 2286 2195 eiusdem
2318 2167 2343 2195 a
2371 2154 2456 2206 ripa

445 2218 619 2258 feliciore
647 2216 865 2269 transgredi
893 2224 1061 2268 paratos,

942 2290 1234 2340 tendentesque
1262 2303 1403 2330 manus
1432 2289 1538 2342 ripae
1567 2290 1761 2330 ulterioris
1789 2290 1953 2331 amore⁹.

555 2368 673 2406 Duco
692 2367 744 2406 ad
763 2378 834 2405 vos
855 2365 1023 2417 Collegii
1045 2365 1317 2404 Emmanuelis
1337 2366 1540 2416 quondam
1562 2366 1793 2414 scholarem,
1814 2365 1991 2417 episcopi
2004 2365 2205 2405 Roffensis
2218 2365 2454 2413 adiutorem,

446 2429 572 2470 virum
591 2429 813 2468 admodum
833 2428 1109 2475 reverendum,
1130 2428 1315 2466 HUYSHE
1335 2428 1545 2466 WOLCOTT
1564 2429 1776 2467 YEATMAN
1785 2428 1822 2468 ¹⁰.

1275 2556 1301 2603 3
1339 2542 1457 2590 Dec.
1506 2544 1623 2602 1891

551 2649 664 2703 (185)
693 2650 803 2699 QUIS
831 2647 958 2688 nescit
983 2646 1190 2687 Societatis
1218 2647 1481 2687 Seldenianae
1514 2649 1637 2688 decus
1663 2650 1931 2700 columenque
1943 2663 1955 2698 ς
1992 2647 2086 2687 iuris
2114 2647 2273 2699 Anglici
2300 2647 2453 2700 antiqui

445 2712 699 2763 interpretem
736 2709 916 2758 felicem3
957 2708 1051 2748 iuris
1087 2708 1271 2748 hodierni
1307 2709 1427 2749 etiam
1465 2709 1506 2748 in
1544 2710 1821 2750 controversiis
1858 2710 1959 2750 fictis
1997 2709 2172 2749 iudicem
2204 2722 2377 2760 aequum
2414 2717 2455 2749 et

532 2789 545 2810 ¹
568 2789 652 2822 Line
671 2801 684 2822 1
703 2788 731 2821 is
745 2788 824 2821 here
838 2787 985 2820 restored
1000 2786 1086 2819 from
1102 2787 1325 2830 Philargyrius
1340 2787 1383 2819 ad
1398 2788 1492 2830 Virg.
1510 2788 1583 2820 Ecl.
1600 2788 1610 2820 i
1630 2799 1680 2831 19,
1702 2790 1826 2821 ‘Roma
1845 2794 1877 2820 et
1900 2792 1976 2820 ante
1997 2788 2181 2819 Romulum
2193 2788 2282 2829 fuit,
2301 2793 2334 2820 et
2354 2797 2375 2819 a
2392 2787 2456 2820 dea

446 2844 521 2866 eam
536 2833 599 2866 sibi
615 2843 737 2865 nomen
752 2831 934 2874 adquisisse
950 2830 1122 2862 Marianus
1139 2831 1411 2872 Lupercaliorum
1427 2835 1527 2873 poeta
1542 2832 1588 2863 sic
1604 2832 1748 2865 ostendit
1761 2832 1768 2846 ’
1785 2832 1879 2872 (then
1894 2831 2008 2863 follow
2023 2830 2107 2863 lines
2123 2841 2141 2872 3
2157 2831 2224 2862 and
2241 2842 2261 2871 4
2276 2830 2342 2863 and
2362 2831 2456 2864 three

446 2877 558 2909 others
573 2877 608 2909 in
622 2887 642 2909 a
657 2880 791 2917 corrupt
805 2874 915 2916 form).
964 2874 1049 2906 Line
1066 2884 1083 2906 ἰ
1100 2874 1128 2906 is
1142 2874 1286 2906 inserted
1301 2874 1408 2906 above
1426 2885 1462 2906 as
1482 2885 1501 2906 a
1517 2885 1689 2917 necessary
1703 2875 1879 2907 transition
1896 2880 1930 2907 to
1949 2874 2033 2906 lines
2055 2884 2073 2915 3
2094 2874 2162 2906 and
2182 2886 2214 2915 4,
2231 2884 2268 2906 as
2285 2873 2455 2907 corrected

446 2921 491 2962 by
506 2921 563 2952 the
577 2919 697 2953 critics.
742 2918 852 2951 These
867 2918 930 2950 last
945 2922 1011 2950 two
1027 2917 1110 2950 lines
1125 2917 1209 2949 form
1225 2917 1281 2949 the
1296 2918 1481 2959 beginning
1491 2917 1530 2950 of
1548 2918 1605 2950 the
1619 2928 1771 2960 passage,
1789 2929 1825 2950 as
1846 2917 1977 2960 printed
1993 2917 2028 2949 in
2049 2917 2228 2955 Baehrens,
2244 2918 2345 2960 Frag.
2364 2918 2454 2950 Poet.

447 2964 525 2996 Lat.
544 2963 656 3004 (1886)
673 2973 705 3005 p.
728 2963 800 3004 384.
965 2959 978 2980 ²
1001 2961 1116 2992 Public
1131 2960 1252 2992 Health
1269 2961 1308 2993 in
1322 2961 1489 3002 England
1501 2960 1548 3002 (in
1566 2960 1788 3003 Hungarian),
1805 2961 1986 3003 Budapest,
2009 2961 2102 3001 1870.
2255 2959 2269 2980 ³
2291 2961 2455 3002 Hygzeme

446 3007 701 3048 Investzgrations
722 3016 764 3038 on
787 3004 840 3036 tlte
862 3006 892 3036 A
898 3004 942 3041 ir,
959 3004 1037 3043 Soil,
1057 3004 1130 3035 and
1156 3004 1267 3036 Water
1284 3004 1322 3036 in
1342 3004 1482 3036 relation
1501 3008 1534 3036 to
1552 3004 1724 3046 Epidemic
1741 3005 1895 3036 Diseases
1911 3004 1958 3043 (in
1984 3003 2183 3045 Hungarian
2197 3004 2265 3036 and
2281 3002 2454 3046 German).

447 3050 461 3070 ⁴
488 3050 594 3092 Opera
609 3049 772 3089 (Geneva,
791 3047 898 3089 1657),
915 3058 948 3089 p.
969 3057 1062 3089 1²9¹·
1172 3046 1185 3066 ⁶
1208 3047 1367 3079 Manners
1381 3047 1518 3079 maketh
1533 3057 1622 3079 man.
1733 3046 1747 3067 ⁶
1770 3047 1895 3090 Bishop
1910 3047 1949 3080 os
1960 3046 2136 3079 Lichfield.
2243 3045 2256 3067 ⁷
2279 3047 2405 3097 Bishop
2419 3046 2458 3079 of

448 3093 643 3126 Rochester.
753 3090 767 3112 ⁸
789 3092 875 3123 Acta
890 3093 1003 3132 Apost.
1019 3090 1075 3122 xvi
1091 3099 1122 3132 9.
1253 3088 1267 3109 ⁹
1288 3090 1406 3132 Virgil,
1425 3092 1509 3123 Aen.
1530 3091 1563 3122 vi
1580 3101 1653 3132 314,
1674 3091 1940 3133 ‘tendebantque
1956 3089 2091 3123 manus'
2108 3094 2172 3122 etc.
2305 3089 2334 3112 ¹⁰
2357 3090 2456 3124 Since

446 3136 574 3178 Bishop
589 3135 626 3168 of
638 3134 837 3167 Worcester.

1379 3213 1431 3251 94
