2704 3770
1114 325 1344 380 Hallam,
1385 325 1533 373 Lord
1569 325 1837 389 Tennyson.

470 471 586 509 sedes
611 469 846 521 episcopalis
873 483 999 521 nuper
1021 469 1236 509 constituta
1264 476 1348 519 est,
1376 469 1553 521 episcopi
1575 477 1709 510 autem
1737 470 1853 521 primi
1875 470 1916 510 in
1940 472 2073 511 locum
2102 485 2205 511 unus
2232 485 2281 512 ex
2307 470 2478 512 alumnis

471 533 613 572 nostris
646 533 870 584 nuperrime
902 541 1155 573 consecratus
1187 539 1257 572 est.
1317 534 1434 572 Pater
1463 532 1546 572 eius
1580 532 1676 572 olim
1710 534 1761 573 de
1793 532 1970 573 iudicum
2003 541 2228 574 nostrorum
2261 534 2349 574 vitis
2386 547 2479 574 con-

471 594 688 634 scribendis
710 596 812 634 bene
832 594 993 634 meritus
1013 593 1112 634 erat¹
1128 609 1139 643 3
1167 594 1261 645 ipse,
1284 601 1323 633 et
1342 593 1444 634 inter
1465 593 1773 634 Marlburienses
1793 601 1831 634 et
1851 594 1953 634 inter
1976 595 2319 647 Cantabrigienses
2341 594 2479 636 litteris

471 658 770 698 humanioribus
817 660 1004 706 excultus,
1045 657 1193 698 Christi
1234 671 1256 697 e
1297 657 1476 708 Collegio
1514 659 1724 708 profectus,
1770 658 1922 697 Christi
1959 659 2215 697 Imitationem
2253 658 2323 711 (ne
2367 659 2480 710 plura

470 719 800 773 commemorem)
819 719 860 758 in
880 719 1055 770 linguam
1074 718 1310 770 Japonicam
1330 718 1513 767 reddidit,
1535 726 1574 758 et
1593 732 1720 758 annos
1740 720 1828 770 plus
1848 732 1969 771 quam
1989 719 2126 771 viginti
2145 719 2346 760 laboribus
2361 718 2480 759 sacris

469 781 509 821 in
537 782 696 833 regione
719 781 785 820 illa
808 788 959 820 remota
984 780 1134 820 fortiter
1158 780 1371 820 tolerandis
1395 780 1649 820 consecravit.
1709 782 1824 820 Iuvat
1851 795 1943 820 eum
1973 781 2052 832 qui,
2073 781 2187 827 annis
2216 782 2295 821 fere
2323 779 2480 832 triginta

469 845 625 893 exactis,
648 844 831 896 discipuli
850 844 911 883 sui
929 844 1173 884 docilitatem
1196 843 1509 894 suavitatemque
1532 844 1665 883 adhuc
1689 843 1856 883 libenter
1881 844 2117 892 recordatur,
2139 843 2328 895 episcopo
2354 855 2479 894 nuper

469 916 701 948 consecrato
729 907 971 947 Academiae
997 907 1118 947 totius
1146 906 1309 946 nomine
1331 905 1514 957 gratulari
1542 913 1661 957 atque
1687 905 1821 945 omnia
1849 919 2035 957 prospera
2063 905 2182 945 etiam
2209 905 2251 944 in
2276 912 2479 956 posterum

468 971 628 1022 precari.
687 971 798 1010 Faxit
830 973 952 1020 Deus,
971 978 1015 1010 ut
1042 970 1193 1010 alumni
1222 969 1345 1009 nostri
1371 968 1516 1008 auxilio
1545 969 1664 1008 etiam
1692 968 1786 1008 solis
1812 968 1973 1008 orientis
1998 968 2106 1020 regio
2131 967 2328 1020 religionis
2356 979 2477 1020 purae

469 1034 619 1075 lumine
639 1048 744 1074 novo
764 1035 892 1075 indies
913 1034 1036 1085 magis
1056 1033 1278 1073 illustretur.

578 1098 694 1136 Duco
714 1097 766 1136 ad
786 1109 855 1136 vos
877 1098 1120 1135 HENR1cuM
1141 1096 1338 1134 IAcomJM
1359 1095 1472 1141 Foss,
1494 1093 1726 1144 episcopum
1747 1093 2006 1133 Osakensem.

578 1208 692 1260 (308)
713 1208 849 1248 Hodie
870 1208 1068 1259 paulisper
1086 1208 1274 1248 reducem
1294 1208 1510 1246 salutamus
1530 1205 1699 1257 Collegii
1719 1205 2018 1245 Marlburiensis
2037 1205 2288 1257 discipulum,
2309 1204 2477 1257 Collegii

468 1272 671 1311 Trinitatis
690 1273 908 1318 alumnum,
930 1271 1054 1310 filium
1075 1269 1248 1320 denique
1268 1272 1410 1320 poetae
1429 1268 1532 1308 illius
1551 1268 1724 1316 laureati,
1747 1282 1868 1319 quem
1888 1281 1969 1308 non
1990 1269 2113 1308 modo
2135 1270 2342 1308 Musarum
2361 1269 2477 1308 sedes

469 1343 602 1374 nostra
621 1336 692 1375 sed
712 1335 830 1374 etiam
851 1334 1060 1386 imperium
1080 1340 1208 1373 toturn
1230 1331 1502 1371 Britannicum
1522 1331 1623 1371 inter
1642 1332 1786 1371 decora
1805 1344 1876 1371 sua
1901 1331 2112 1382 praecipua
2134 1330 2254 1370 fuisse
2277 1329 2473 1382 gloriatur.

468 1398 630 1436 Nomen
655 1396 783 1445 amici,
810 1395 921 1435 cuius
947 1395 989 1434 in
1015 1394 1248 1434 memoriam
1277 1393 1443 1432 naeniae
1472 1392 1699 1443 multiplicis
1728 1392 1956 1431 varietatem
1985 1399 2135 1431 tantam
2163 1405 2245 1432 uno
2272 1391 2315 1431 in
2341 1391 2477 1432 libello

466 1464 584 1509 poeta
603 1458 772 1505 inclusit,
794 1458 914 1498 etiam
933 1457 1003 1497 filii
1022 1457 1062 1497 in
1086 1456 1344 1508 praenomine
1366 1463 1562 1507 superstes
1586 1455 1691 1495 vivit.
1750 1457 1824 1495 Illa
1846 1468 1939 1495 vero
1962 1455 2177 1495 litterarum
2203 1462 2475 1503 monumenta,

466 1520 508 1559 in
531 1520 675 1570 quibus
700 1520 820 1572 patris
849 1520 927 1559 vita
953 1519 1022 1558 filii
1049 1518 1196 1570 pietate
1224 1517 1388 1557 feliciter
1415 1524 1570 1557 narrata
1589 1524 1660 1565 est,
1690 1530 1783 1557 cum
1811 1522 1954 1568 poetae
1982 1517 2103 1568 ipsius
2132 1519 2237 1557 fama
2264 1515 2479 1557 immortali

466 1590 581 1621 erunt
599 1581 639 1620 in
659 1593 895 1633 perpetuum
914 1580 1152 1621 consociata.
1213 1579 1314 1619 Filio
1333 1593 1416 1619 non
1436 1579 1567 1619 minus
1587 1592 1707 1631 quam
1726 1578 1826 1630 patri
1846 1591 1962 1618 curae
1982 1578 2054 1618 fuit
2070 1578 2270 1619 Gordonis
2285 1578 2478 1619 memoria

466 1652 506 1683 et
530 1657 742 1695 puerorum
771 1645 909 1684 schola
937 1642 1006 1683 viri
1034 1650 1116 1682 tarn
1146 1641 1279 1693 magni
1306 1641 1348 1680 in
1377 1643 1571 1682 honorem
1600 1642 1774 1681 condita.
1834 1641 1935 1681 Filio
1964 1655 2045 1681 non
2072 1641 2203 1681 minus
2229 1655 2349 1693 quam
2377 1640 2477 1692 patri

465 1707 611 1758 gaudio
630 1715 670 1747 et
688 1706 940 1747 admirationi
959 1705 1032 1745 fuit
1051 1705 1204 1756 imperii
1225 1704 1442 1744 Britannici
1464 1708 1473 1726 ‘
1485 1713 1665 1756 porrecta
1684 1704 1866 1745 maiestas
1887 1706 1939 1745 ad
1959 1713 2066 1745 ortus
2087 1705 2181 1745 solis
2200 1705 2252 1745 ab
2276 1703 2476 1756 Hesperio

465 1770 637 1810 cubili'2.
698 1772 909 1809 Laetamur
929 1768 1101 1809 nominis
1121 1768 1220 1808 tanti
1239 1768 1376 1808 heredi
1400 1775 1481 1807 tam
1507 1768 1628 1819 digno
1653 1768 1872 1808 Australiae
1894 1769 2139 1820 provinciam
2162 1769 2365 1820 quandam
2388 1780 2475 1808 esse

466 1833 715 1882 destinatam,
737 1847 839 1884 quae
859 1833 996 1872 talium
1015 1832 1187 1871 virorum
1207 1830 1352 1871 auxilio
1372 1844 1453 1870 non
1474 1832 1597 1870 modo
1617 1844 1709 1870 curn
1729 1831 1813 1871 aliis
1833 1831 2031 1883 utrimque
2057 1831 2276 1871 Australiae
2297 1829 2475 1882 partibus

466 1897 537 1935 sed
563 1895 682 1935 etiam
706 1909 798 1935 cum
821 1895 906 1946 ipsa
927 1894 1053 1946 patria
1078 1893 1243 1932 vinculis
1263 1891 1325 1944 (ut
1350 1892 1569 1943 speramus)
1591 1892 1718 1932 indies
1746 1893 1954 1932 artioribus
1983 1893 2055 1932 erit
2083 1893 2123 1932 in
2152 1900 2355 1944 posterum
2383 1905 2476 1931 con-

464 1957 609 1998 iuncta.
669 1959 784 2009 Ergo,
807 1956 960 1996 muneri
986 1963 1067 1995 tam
1091 1968 1236 2006 magno
1263 1955 1501 2005 designatus,
1523 1954 1707 1995 alumnus
1737 1963 1871 1995 noster
1898 1955 1964 1995 die
1991 1956 2162 1996 crastino
2187 1957 2239 1995 ad
2266 1956 2474 1996 Oceanum

465 2019 576 2058 illum
595 2019 857 2070 longinquum
876 2017 1157 2069 proficiscetur,
1179 2016 1249 2056 ubi
1268 2016 1532 2056 Australasiae
1552 2018 1647 2055 litus
1664 2023 1863 2056 resonante
1885 2019 1992 2068 longe
2014 2019 2196 2056 tunditur
2217 2016 2351 2055 unda⁸.
2410 2015 2475 2055 Ibi

466 2082 595 2122 sidera
613 2096 717 2121 nova
736 2081 1079 2132 contemplabitur,
1096 2080 1276 2130 interque
1289 2079 1390 2127 anni
1409 2087 1588 2130 tempora
1606 2079 1750 2119 nostris
1765 2079 1959 2120 contraria
1973 2079 2209 2119 versabitur⁴
2223 2093 2234 2128 ;
2263 2080 2345 2127 sed,
2363 2079 2474 2118 caelo

467 2143 630 2194 quidem
650 2150 813 2189 mutato,
827 2142 1005 2182 animum
1024 2141 1064 2180 in
1085 2154 1178 2181 suos
1198 2154 1418 2191 numquam
1438 2140 1617 2180 mutabit.
1678 2140 1741 2180 Ibi
1761 2142 1927 2181 domurn
1943 2155 2055 2180 suam
2070 2148 2275 2192 paternam
2290 2140 2475 2180 insulam-

467 2218 545 2255 que
565 2207 744 2252 Vectem,
761 2212 800 2243 et
820 2203 979 2243 navium
999 2202 1162 2243 carbasa
1173 2209 1241 2241 aut
1257 2201 1350 2241 hinc
1364 2209 1432 2241 aut
1452 2201 1560 2241 illinc
1580 2201 1806 2242 Britanniae
1821 2202 1935 2242 litora
1949 2201 2294 2253 praetereuntium,
2310 2203 2475 2241 fortasse

468 2280 771 2318 nonnumquam
791 2266 970 2317 requiret.
1030 2267 1146 2305 Idem
1169 2266 1334 2305 fortasse
1362 2278 1666 2316 nonnumquam
1695 2266 1814 2305 etiam
1838 2266 1988 2306 amicos
2011 2279 2104 2306 suos
2130 2265 2474 2317 Cantabrigienses

468 2328 747 2377 recordabitur,
783 2328 851 2379 qui
884 2341 977 2367 eum
1009 2327 1151 2378 ipsum,
1182 2340 1302 2377 quem
1335 2326 1467 2375 hodie,
1502 2326 1686 2378 auspiciis
1719 2327 1879 2379 optimis
1911 2327 2240 2378 proficiscentem,
2274 2336 2357 2367 non
2390 2326 2475 2366 sine

466 2390 663 2430 desiderio
691 2396 991 2441 prosequuntur,
1013 2388 1229 2439 aliquando
1258 2401 1340 2427 non
1365 2387 1451 2428 sine
1476 2390 1607 2428 laurea
1633 2402 1737 2428 nova
1761 2389 1813 2428 ab
1839 2391 1987 2429 Austro
2013 2389 2087 2429 sibi
2113 2388 2313 2429 redditum
2338 2386 2474 2428 animo

467 2452 571 2490 laeto
591 2451 796 2502 excipient.

926 2512 1055 2562 Quale
1083 2510 1196 2549 iubar
1223 2510 1394 2562 primum
1424 2512 1512 2550 velo
1540 2525 1562 2551 e
1591 2513 1787 2551 candente
1816 2511 1969 2551 renidet

927 2565 1036 2604 navis
1065 2566 1216 2604 devexo
1245 2572 1401 2603 nostros
1430 2565 1631 2605 referentis
1660 2566 1711 2605 ab
1742 2568 1888 2605 Austro
1903 2580 1912 2613 3

926 2620 1043 2670 quale
1070 2618 1183 2657 iubar
1211 2631 1411 2657 summum
1441 2632 1552 2658 rosea
1581 2621 1666 2659 face
1694 2619 1856 2659 carbasa
1885 2619 1998 2671 tingit

926 2686 1028 2724 quae
1056 2671 1297 2711 desiderium
1326 2680 1504 2711 nostrum
1533 2673 1608 2712 sub
1637 2687 1832 2712 marmora
1861 2680 2066 2724 mergunt;

926 2734 1007 2766 tam
1036 2728 1182 2765 laetum
1211 2733 1390 2765 actorum
1420 2734 1587 2778 tempus,
1618 2734 1699 2766 tam
1728 2727 1847 2775 triste,
1878 2727 2063 2767 dierum⁵.

576 2802 713 2841 Hodie
741 2814 834 2841 vero
862 2799 1183 2851 intempestivum
1212 2800 1312 2838 foret
1341 2799 1464 2838 tristia
1493 2813 1584 2839 curn
1618 2800 1729 2839 laetis
1758 2800 2027 2840 commiscere.
2086 2802 2209 2850 Quod
2240 2799 2330 2840 felix
2358 2799 2474 2851 igitur

466 2866 718 2914 faustumque
738 2863 798 2911 sit,
820 2864 926 2902 duco
945 2863 998 2901 ad
1020 2875 1090 2901 vos
1113 2860 1334 2900 Australiae
1357 2861 1551 2900 Australis
1576 2861 1797 2911 praesidem
1821 2861 2083 2913 designatum,
2104 2861 2230 2901 virum
2257 2861 2472 2902 litterarum

465 2927 584 2965 laude
602 2925 808 2976 insignem,
831 2922 1003 2963 nominis
1023 2922 1156 2973 magni
1175 2923 1373 2969 heredem,
1398 2924 1611 2961 BARONEM
1632 2924 1879 2961 TENNYsoN.

553 3018 564 3039 ¹
589 3019 734 3051 Edward
750 3019 833 3050 Foss
851 3014 1105 3059 (1787—187o)‚
1123 3016 1243 3047 author
1258 3015 1296 3047 of
1312 3017 1346 3047 T
1341 3016 1381 3047 lte
1385 3016 1513 3058 Judges
1527 3016 1748 3059 qungland,
1772 3017 1926 3057 1848-64.
2040 3015 2053 3035 ²
2078 3017 2223 3054 Horace,
2240 3017 2352 3048 Carm.
2369 3016 2403 3048 iv
2421 3025 2472 3057 15,

471 3072 507 3103 15
521 3062 543 3093 f.
676 3061 689 3082 ⁸
714 3061 824 3102 Partly
840 3061 923 3092 from
941 3060 1101 3097 Catullus,
1123 3060 1154 3090 xi
1172 3070 1202 3100 3.
1333 3058 1347 3077 ⁴¹
1373 3061 1382 3075 ⁴
1396 3059 1496 3090 Katie
1520 3059 1623 3091 walks
1647 3060 1701 3100 By
1722 3060 1774 3091 the
1793 3061 1873 3101 long
1890 3060 1982 3091 waslz
2002 3059 2043 3101 of
2057 3060 2295 3092 Australasian
2316 3069 2385 3091 scas
2406 3059 2472 3090 Far

467 3106 524 3144 off,
543 3106 607 3137 and
624 3105 722 3136 holds
737 3105 796 3136 her
811 3105 895 3136 head
912 3109 947 3135 to
962 3104 1057 3135 other
1073 3108 1166 3138 stars,
1183 3102 1262 3133 And
1279 3102 1431 3134 breathes
1446 3102 1480 3134 in
1496 3113 1653 3134 converse
1668 3103 1828 3135 seasons'.
1882 3104 1947 3135 The
1962 3103 2080 3135 Brook.
2211 3102 2225 3123 ⁵
2246 3103 2279 3135 A
2294 3102 2471 3144 rendering

467 3149 506 3181 of
517 3149 573 3182 the
588 3149 710 3183 second
725 3153 837 3182 stanza
851 3148 889 3179 of
903 3147 1035 3186 ‘Tears,
1053 3146 1119 3178 idle
1135 3145 1248 3182 tears'‚
1266 3145 1350 3177 from
1372 3146 1406 3177 T
1399 3146 1439 3177 lte
1454 3146 1615 3183 Princess;
1640 3157 1692 3188 cp.
1712 3157 1765 3178 no.
1789 3156 1846 3187 155
1862 3152 1975 3192 supra.

1437 3220 1511 3271 146
