2704 3770
757 333 820 383 L.
859 333 919 383 F.
959 333 1024 382 L.
1065 331 1381 397 oppenheim.
1456 331 1595 381 Cecz'l
1635 332 1836 383 Wz'lson.

282 473 491 517 seientiam
530 473 773 519 chemicam*
798 481 999 531 praeclare
1045 479 1259 531 professus.
1320 475 1462 518 Peritis
1504 483 1602 517 nota
1643 483 1737 517 sunt
1774 491 1897 529 opera
1934 478 2020 519 eius
2057 478 2228 530 plurima
2265 480 2318 520 de

279 535 471 578 scientiae
506 539 612 580 illius
650 540 855 592 provincia
893 540 1079 594 organica
1118 539 1180 593 (ut
1217 537 1359 591 aiunt),
1392 539 1526 590 deque
1565 538 1735 579 metallis
1773 546 1813 579 et
1851 539 2042 589 crystallis
2084 541 2313 592 praesertim

279 599 516 652 conscripta.
575 603 692 652 Quae
710 610 848 643 autem
867 602 968 643 ratio
988 602 1210 643 intercedat
1225 601 1329 642 inter
1347 614 1562 653 corporum
1582 608 1766 641 naturam
1786 600 2030 652 pellucidam
2051 610 2091 642 et
2110 602 2316 654 primordi-

279 672 394 700 orum
424 676 447 703 e
475 663 622 715 quibus
650 677 819 716 corpora
847 664 914 704 illa
942 671 1129 705 constent
1157 663 1477 716 dispositionem,
1499 662 1651 715 primus
1674 662 1857 703 omnium
1879 662 1972 713 (nisi
1999 663 2128 714 fallor)
2148 664 2309 713 detexit,

278 731 319 764 et
345 725 556 777 sulphuris,
578 726 728 775 selenii,
751 726 883 767 stanni
902 726 1134 779 praesertim
1154 726 1194 766 in
1215 725 1418 778 particulis
1438 724 1702 777 inaequaliter
1725 724 1947 766 distributis
1967 726 2190 765 luculenter
2208 725 2314 766 illus-

276 787 423 828 travit¹.
482 789 622 830 Hodie
641 802 736 830 vero
755 789 874 830 nobis
894 789 958 830 vix
977 802 1142 830 necesse
1169 796 1230 829 est
1256 790 1356 829 haec
1382 787 1521 828 omnia
1546 786 1732 827 subtilius
1759 786 1957 839 persequi.
2016 786 2119 827 Satis
2144 787 2185 826 in
2205 788 2314 828 hunc

276 853 386 894 diem
415 852 499 902 erit,
521 852 554 892 si
582 853 796 906 professori
824 860 963 894 nostro
991 866 1100 894 novo
1129 866 1276 893 munus
1304 865 1422 892 suum
1452 851 1619 892 feliciter
1646 850 1855 903 auspicato
1884 849 2021 889 omnia
2049 863 2239 902 prospera
2267 864 2315 890 ex

276 914 415 954 animo
433 922 680 967 exoptamus.

385 979 504 1019 Duco
536 980 589 1019 ad
619 992 691 1020 vos
723 981 1002 1020 WILLELMUM
1035 980 1231 1030 JAcxson
1266 979 1392 1027 Pon,
1424 976 1616 1018 scientiae
1649 975 1856 1016 chemicae
1884 975 2152 1027 professorem
2186 988 2314 1028 nuper

276 1041 542 1082 nominatum.

383 1165 500 1219 (504)
520 1166 606 1207 Viri
634 1167 788 1219 optimi,
810 1167 882 1207 viri
904 1166 1000 1207 iuris
1022 1165 1273 1219 peritissimi²
1299 1167 1340 1205 in
1366 1165 1507 1214 vicem,
1529 1165 1624 1205 iuris
1652 1165 1832 1217 gentium
1860 1164 2059 1216 professor
2085 1164 2312 1216 nuperrime

273 1230 426 1270 electus
444 1236 505 1270 est
523 1229 619 1270 iuris
639 1231 782 1270 doctor
801 1229 1112 1282 Goettingensis,
1130 1229 1199 1281 qui
1219 1228 1393 1281 primum
1412 1228 1515 1268 inter
1536 1228 1753 1276 Badenses,
1771 1227 1919 1267 deinde
1939 1226 2042 1266 inter
2058 1226 2308 1273 Basilienses‚

273 1291 451 1344 denique
478 1291 582 1332 inter
610 1291 916 1340 Londinienses,
947 1291 989 1331 in
1018 1291 1103 1332 iure
1132 1291 1321 1331 docendo
1349 1291 1551 1343 praeclare
1581 1297 1642 1330 est
1675 1296 1862 1329 versatus.
1923 1289 2152 1329 Salutamus
2180 1288 2307 1329 virum

230 1375 232 1377 ·
273 1353 564 1404 doctissimum,
586 1355 657 1407 qui
676 1355 773 1395 olim
794 1356 1088 1396 Germanorum
1108 1354 1150 1394 in
1173 1354 1309 1406 lingua
1333 1367 1455 1406 opera
1477 1355 1648 1406 plurima
1672 1353 1767 1393 iuris
1791 1352 2026 1405 prudentiae
2050 1352 2310 1404 explicandae

273 1429 344 1469 per
362 1418 606 1458 decennium
626 1417 837 1465 dedicavit,
859 1418 1010 1470 quique
1029 1431 1158 1470 nuper
1177 1417 1461 1457 Britannorum
1482 1416 1523 1456 in
1544 1430 1729 1457 sermone
1749 1417 1801 1456 de
1821 1416 1905 1456 iure
1923 1415 2115 1467 gentium,
2133 1417 2185 1456 de
2202 1417 2309 1457 bello

273 1486 314 1519 et
332 1492 444 1531 paee,
460 1492 562 1532 opus
578 1480 719 1532 ingens
734 1480 829 1520 iuris
844 1480 885 1519 in
905 1479 1070 1520 historia
1084 1479 1356 1531 comparativa
1377 1479 1438 1532 (ut
1457 1478 1588 1530 aiunt)
1607 1479 1831 1527 fundatum,
1854 1485 1894 1518 et
1913 1477 2105 1529 exemplis
2120 1477 2306 1530 antiquis,

273 1541 467 1593 exemplis
486 1542 691 1583 hodiernis
710 1542 961 1590 instructum,
984 1541 1072 1582 orbi
1091 1549 1283 1581 terrarum
1304 1541 1378 1581 toti
1398 1541 1593 1581 donavit³.
1653 1542 1771 1580 Haec
1793 1547 1928 1579 autem
1953 1539 2086 1580 studia
2108 1542 2310 1592 praeclara

273 1604 473 1655 professor
484 1612 621 1645 noster
631 1618 761 1645 novus
773 1617 856 1644 non
869 1604 972 1645 inter
983 1604 1176 1644 terminos
1187 1605 1352 1644 artiores
1364 1603 1553 1652 includet,
1569 1604 1654 1651 sed,
1667 1603 1847 1654 gentium
1861 1602 1964 1642 inter
1976 1615 2063 1642 sese
2078 1603 2307 1644 foederibus

274 1667 505 1720 mutuisque
519 1668 771 1708 commerciis
791 1668 964 1717 adscitis,
983 1668 1069 1708 sine
1088 1668 1215 1708 dubio
1235 1669 1277 1708 in
1292 1681 1413 1708 sensu
1428 1666 1567 1707 latiore
1582 1667 1790 1719 magisque
1804 1666 1958 1707 liberali
1972 1666 2305 1719 interpretabitur.

274 1732 381 1784 Ergo
400 1740 701 1785 praeceptorem
720 1733 823 1773 inter
843 1733 1068 1773 Germanos
1087 1739 1228 1772 natum
1247 1739 1369 1784 atque
1388 1733 1617 1781 educatum,
1639 1731 1819 1784 gentium
1843 1731 2042 1771 comitatis
2066 1744 2187 1771 causa
2213 1731 2307 1772 iuris

271 1794 452 1846 gentium
475 1797 739 1847 professorem
764 1803 945 1836 nostrum
973 1803 1239 1847 congruenter
1263 1795 1532 1844 nominamus,
1554 1795 1765 1847 virumque
1790 1794 1949 1834 civitate
1973 1793 2203 1834 Britannica
2226 1795 2306 1834 iam

271 1864 391 1897 antea
409 1857 617 1906 donatum,
639 1858 810 1898 Senatus
830 1857 955 1897 nostri
974 1857 1106 1898 ordini
1126 1858 1297 1898 libenter
1315 1857 1514 1898 addimus.

381 1920 503 1960 Duco
526 1921 580 1960 ad
605 1933 677 1960 vos
702 1919 797 1960 iuris
822 1919 1002 1972 gentium
1031 1921 1297 1972 professorem
1323 1927 1516 1968 nostrum,
1540 1920 1675 1960 LASSA
1701 1919 1983 1959 FRANClSCUM
2012 1920 2307 1960 LAURENTmM

271 1982 549 2024 Orrnmmu.

1103 2129 1119 2160 1
1134 2129 1158 2161 2
1196 2112 1332 2161 Nov.
1377 2114 1502 2173 1908

378 2229 492 2283 (505)
514 2232 795 2271 SPECTANDUS
824 2230 921 2271 olim
950 2230 992 2270 in
1022 2230 1241 2271 certamine
1270 2229 1495 2282 campestri,
1524 2230 1639 2270 adest
1667 2228 1725 2269 vir
1754 2228 1795 2268 in
1826 2227 2009 2280 Collegio
2036 2229 2130 2269 Iesu
2158 2228 2309 2269 abhinc

267 2307 398 2334 annos
420 2294 719 2347 duodetriginta
743 2294 917 2335 tirocinii
942 2294 1004 2334 sui
1027 2293 1256 2334 rudimenta
1280 2293 1410 2345 prima
1435 2300 1631 2345 expertus,
1654 2292 1723 2344 qui
1742 2291 1915 2332 triennio
1935 2291 2038 2332 inter
2057 2305 2132 2331 nos
2152 2300 2305 2342 exacto,

268 2356 416 2409 Anglia
433 2356 475 2396 in
495 2356 671 2397 Australi
690 2370 761 2409 per
779 2370 908 2396 annos
929 2364 1022 2397 octo
1044 2356 1248 2408 probatus,
1270 2357 1374 2395 ultra
1399 2355 1624 2395 Australiae
1649 2354 1820 2394 insulam
1845 2367 2032 2406 magnam
2061 2354 2308 2395 Melanesiae

268 2419 322 2459 ad
349 2417 510 2468 insulas,
541 2418 796 2472 episcopatus
825 2431 991 2459 munere
1019 2425 1194 2466 ornatus,
1225 2418 1374 2458 abhinc
1404 2431 1533 2457 annos
1567 2415 1889 2468 quattuordecim
1923 2416 2068 2456 missus
2098 2424 2169 2456 est.
2230 2417 2304 2466 Ibi,

267 2481 311 2522 in
342 2481 549 2523 laboribus
577 2482 697 2523 sacris
726 2482 796 2522 diu
826 2489 1058 2534 occupatus,
1089 2480 1265 2521 habebat
1299 2494 1457 2533 semper
1485 2487 1580 2520 ante
1608 2480 1749 2519 oculos
1778 2486 1818 2518 et
1848 2478 2095 2519 Melanesiae
2126 2479 2306 2531 episcopi

268 2544 406 2598 primi*
433 2552 473 2585 et
501 2544 708 2597 utriusque
737 2545 903 2596 Selwyn‚
925 2552 965 2585 et
994 2543 1136 2596 patris⁵
1164 2551 1204 2584 et
1233 2543 1332 2594 filii⁶‚
1359 2542 1586 2584 venerabile
1614 2543 1828 2594 exemplar.
1888 2542 1963 2592 Ibi,
1986 2543 2143 2583 labores
2163 2556 2303 2593 novos,

267 2607 425 2648 labores
444 2607 574 2649 indies
593 2607 835 2648 difficiliores
853 2619 1072 2659 aggressus,
1094 2605 1324 2658 provinciae
1347 2619 1442 2646 suae
1466 2604 1845 2657 septentrionalibus
1868 2604 2101 2655 praesertim
2124 2604 2303 2645 terminis

267 2669 418 2712 insulas
436 2670 628 2722 plurimas
647 2670 805 2712 additas
826 2670 935 2711 vidit.
995 2671 1113 2710 Idem
1136 2669 1232 2709 anni
1258 2669 1453 2721 cuiusque
1478 2682 1550 2721 per
1573 2682 1731 2708 menses
1755 2675 1849 2708 octo
1872 2681 2032 2720 gregem
2053 2682 2170 2708 suum
2195 2675 2303 2709 trans

266 2746 466 2775 oceanum
485 2735 564 2775 late
583 2734 808 2787 dispersum
828 2734 1052 2774 identidem
1071 2733 1278 2782 invisebat,
1301 2734 1413 2773 caelo
1433 2733 1510 2773 sub
1530 2732 1704 2773 Australi
1724 2732 1765 2772 in
1786 2731 1944 2783 navigio
1960 2732 2064 2773 bene
2079 2731 2300 2781 nominato,

267 2795 408 2838 Crucis
427 2796 623 2837 Australis
639 2797 714 2837 sub
730 2797 865 2846 tutela,
884 2795 1002 2839 maris
1018 2795 1194 2848 pericula
1208 2808 1430 2848 perpessus.
1490 2796 1601 2834 Dum
1616 2793 1769 2834 alumni
1785 2793 1910 2834 nostri
1925 2793 2067 2834 itinera
2082 2794 2302 2847 longinqua

266 2858 369 2900 inter
387 2860 537 2900 insulas
556 2860 643 2901 illas
662 2860 815 2900 fortiter
833 2860 1000 2900 tolerata
1019 2860 1286 2908 recordamur,
1306 2858 1406 2898 vatis
1423 2857 1603 2898 Hebraei
1618 2858 1740 2898 verba
1754 2857 1821 2897 illa
1836 2871 1948 2897 sacra
1962 2859 2099 2898 denuo
2114 2858 2301 2898 exaudire

265 2923 383 2964 nobis
406 2923 590 2965 videmur
604 2927 682 2964 :—‘
696 2925 867 2964 Cantate
896 2921 1078 2962 Domino
1105 2921 1307 2962 canticum
1335 2934 1499 2970 novum,
1527 2922 1614 2961 laus
1640 2920 1726 2961 eius
1754 2920 1806 2960 ab
1833 2920 2018 2960 extremis
2046 2927 2172 2960 terrae
2185 2934 2196 2969 3
2231 2920 2299 2972 qui

352 3032 365 3053 ²
389 3033 590 3066 Discoverer
611 3033 650 3066 of
667 3033 725 3066 the
749 3032 892 3076 ‘optical
913 3033 1054 3075 activity
1069 3033 1135 3065 due
1158 3037 1194 3065 to
1217 3031 1436 3074 asymmetry'
1453 3030 1493 3064 os
1515 3031 1572 3064 the
1592 3035 1701 3064 atoms
1724 3030 1763 3063 of
1781 3029 1930 3072 sulphur,
1955 3029 2128 3069 selenium,
2148 3029 2209 3067 tin,
2233 3033 2298 3062 etc.

263 3075 278 3097 ²
302 3076 472 3110 Professor
487 3077 672 3118 Westlake,
691 3087 746 3111 no.
768 3087 832 3120 239
847 3081 963 3120 supra.
1081 3076 1095 3096 ³
1119 3087 1136 3109 2
1154 3076 1253 3115 vols.‚
1271 3077 1373 3108 Peuce
1390 3075 1516 3118 (1905),
1541 3075 1626 3108 War
1639 3075 1713 3107 and
1724 3074 1919 3116 Neutrality
1935 3072 2058 3116 (1906).
2171 3071 2186 3092 ⁴
2206 3073 2299 3116 John

265 3121 444 3164 Coleridge
461 3122 632 3154 Patteson.
758 3119 773 3142 ⁵
795 3121 929 3163 George
945 3121 1119 3163 Augustus
1137 3120 1272 3162 Selwyn
1289 3118 1356 3162 (cp.
1375 3129 1432 3151 no.
1453 3118 1517 3162 15).
1647 3117 1661 3138 θ
1681 3118 1772 3162 John
1790 3117 2000 3150 Richardson
2017 3116 2164 3159 Selwyn‚
2180 3127 2238 3150 no.
2256 3127 2299 3160 90

265 3169 380 3208 supra.

375 3247 407 3277 s.
430 3247 460 3276 s.
1236 3248 1312 3288 ²²5
2140 3246 2189 3283 29
