2704 3770
982 341 1273 406 Unz'versz'ty
1306 341 1371 405 of
1399 340 1595 390 OviedO.

273 489 483 530 alumnum
507 496 701 539 nostrum,
723 490 827 530 inter
849 489 1080 530 conditores
1107 501 1201 528 suos
1226 488 1439 535 numerat1,
1462 500 1566 539 quae
1590 486 1778 527 Willelmi
1803 487 2045 536 Cavendish,
2068 488 2306 530 Cancellarii

273 551 410 601 nostri,
438 551 737 593 munificentiae
765 559 806 593 et
833 551 1035 593 officinam
1064 550 1319 603 splendidam
1349 557 1388 589 et
1417 548 1781 602 experimentorum
1808 548 1990 588 omnium
2017 551 2305 602 supellectilem

271 615 449 667 amplam
476 615 557 656 iam
585 617 742 656 dudum
771 615 943 656 debuit'.
1002 613 1297 654 Cancellarium
1326 614 1507 661 alterum,
1539 611 1779 653 Cancellarii
1806 611 1911 651 illius
1942 612 2067 652 filium
2098 613 2304 663 illustrem,

272 676 401 718 virum
421 678 474 718 de
493 678 611 719 nobis
631 679 832 731 praeclare
852 677 1039 717 meritum
1059 690 1187 729 nuper
1205 675 1423 724 amisimus,
1446 675 1516 727 qui
1535 674 1664 727 qualis
1684 673 1725 714 in
1742 674 2007 714 Academiam
2027 682 2067 715 et
2082 675 2123 715 in
2137 676 2305 727 patriam

271 739 496 782 universam
516 749 772 794 quantusque
792 741 850 781 vir
869 740 996 790 suerit,
1012 754 1094 780 non
1115 747 1175 781 est
1195 740 1307 791 quod
1327 738 1485 791 longius
1505 738 1608 779 inter
1626 737 1775 790 peritos
1796 752 2071 791 exsequamur.
2121 741 2182 780 Te
2197 753 2303 787 vero,

272 804 429 845 muneri
465 804 522 845 illi
559 804 704 857 insigni
742 803 934 856 suffragiis
972 803 1118 844 nostris
1156 802 1357 844 unanimis
1396 802 1614 855 designate,
1650 802 1777 842 virum
1817 803 2036 843 salutamus
2075 810 2115 843 et
2154 803 2305 855 Regiae

273 865 496 907 Maiestatis
535 866 708 908 concilio
746 866 900 919 privato
938 874 979 906 et
1016 866 1191 907 virorum
1229 864 1382 917 optime
1420 865 1652 905 meritorum
1691 863 1824 905 ordini
1860 864 2118 917 adscriptum,
2156 865 2307 917 Regiae

271 929 482 970 Societatis
516 931 758 980 Praesidem,
794 929 1050 970 scientiarum
1088 929 1130 970 in
1164 929 1370 982 republica
1408 929 1642 982 principem,
1679 928 1748 981 qui
1786 927 1886 968 lucis
1924 928 2162 981 sonitusque
2199 930 2306 982 leges

270 991 431 1045 penitus
455 992 665 1046 indagasti‚
691 992 761 1045 qui
787 991 845 1032 vis
871 992 1080 1033 electricae
1106 994 1295 1033 modulos
1323 992 1621 1034 accuratissime
1647 991 1934 1041 determinasti,
1961 991 2030 1044 qui
2055 991 2156 1032 aeris
2182 992 2306 1044 ipsius

267 1063 423 1108 partem
451 1055 620 1097 inertem
648 1055 758 1096 illam
783 1055 892 1107 prius
920 1055 1100 1108 ignotam
1129 1056 1345 1104 detexistiss,
1368 1056 1438 1109 qui
1467 1056 1724 1097 scientiarum
1754 1055 2009 1108 physicarum
2033 1054 2072 1095 in
2101 1055 2306 1108 provincia

267 1118 491 1172 praemium
519 1119 607 1159 orbi
635 1126 826 1160 terrarum
856 1119 930 1160 toti
958 1119 1210 1172 propositum
1239 1121 1350 1161 haud
1378 1120 1433 1160 ita
1462 1120 1618 1172 pridem
1647 1120 1853 1172 adeptus⁴,
1881 1119 2077 1171 pecuniae
2106 1132 2305 1160 summam

268 1196 457 1236 magnam
485 1195 569 1223 non
597 1181 767 1223 inertem
796 1182 999 1235 reliquisti,
1022 1184 1095 1224 sed
1124 1183 1265 1224 Matris
1292 1186 1436 1224 Almae
1466 1184 1507 1224 in
1535 1198 1678 1224 manus
1706 1191 1831 1224 totam
1855 1182 2073 1232 collocasti,
2099 1190 2139 1224 et
2164 1183 2305 1224 Matris

267 1244 450 1287 eiusdem
470 1245 560 1287 filiis
579 1245 769 1287 omnibus
788 1245 1035 1286 liberalitatis
1054 1248 1257 1299 exemplar
1276 1247 1542 1299 conspicuum
1557 1247 1787 1300 praebuisti.
1847 1247 2087 1289 Cancellarii
2102 1255 2238 1288 autem
2252 1248 2305 1288 ad

266 1308 445 1350 officium
474 1308 598 1350 hodie
630 1308 840 1358 admissus,
874 1308 961 1349 sine
991 1309 1118 1350 dubio
1149 1309 1235 1350 iura
1265 1318 1305 1350 et
1339 1310 1544 1362 privilegia
1577 1317 1713 1351 nostra
1751 1310 1888 1350 omnia
1918 1310 1959 1350 in
1994 1311 2161 1351 tutelam
2194 1317 2305 1351 tuam

266 1372 422 1422 tradita,
443 1371 477 1414 si
503 1373 668 1425 quando
691 1386 794 1425 opus
818 1372 945 1422 fuerit,
972 1373 1125 1414 fortiter
1147 1375 1353 1415 defendes.
1413 1376 1517 1423 Tuo,
1543 1381 1587 1415 ut
1613 1388 1832 1427 speramus,
1858 1375 1934 1415 sub
1958 1374 2192 1427 patrocinio,
2222 1388 2305 1415 non

267 1434 522 1477 scientiarum
543 1435 668 1475 modo
692 1434 825 1475 studia
848 1435 1060 1484 florebunt,
1083 1437 1155 1476 sed
1181 1436 1313 1485 etiam,
1336 1436 1522 1488 praemiis
1545 1451 1569 1477 a
1595 1436 1846 1478 Cancellario
1872 1436 1961 1488 ipso
1984 1436 2182 1477 iuventuti
2205 1438 2306 1477 Aca-

267 1497 450 1539 demicae
477 1496 694 1550 quotannis
722 1496 948 1549 propositis,
975 1505 1015 1538 et
1044 1497 1137 1538 iuris
1167 1506 1206 1538 et
1235 1498 1453 1539 litterarum
1482 1500 1738 1548 Graecarum,
1765 1498 2009 1549 Latinarum,
2032 1499 2302 1551 Anglicarum,

265 1575 390 1611 amor,
421 1561 525 1602 sicut
552 1568 682 1611 antea,
713 1562 967 1602 accendetur.
1028 1563 1138 1601 Dum
1166 1562 1310 1614 gratias
1340 1562 1413 1602 tibi
1442 1562 1564 1602 hodie
1593 1575 1736 1602 omnes
1766 1576 1814 1602 ex
1841 1561 1978 1602 animo
2006 1562 2172 1614 agimus,
2204 1562 2304 1602 nihil

265 1625 438 1678 amplius
467 1633 588 1666 restat
621 1639 744 1678 quam
778 1633 822 1666 ut
851 1625 936 1675 tibi,
971 1625 1030 1665 vir
1062 1625 1382 1674 honoratissime,
1420 1625 1659 1667 Cancellarii
1688 1625 1730 1665 in
1764 1639 1930 1666 munere
1961 1639 2109 1678 magno
2138 1625 2306 1667 feliciter

265 1688 470 1739 obeundo,
500 1702 631 1730 annos
660 1702 873 1742 prosperos
902 1702 1024 1741 quam
1054 1689 1248 1741 plurimos
1278 1697 1525 1742 exoptemus.

644 1840 924 1881 Universitatzk
950 1840 1192 1880 Litterariae
1223 1840 1421 1880 Ovetensis
1448 1841 1609 1880 Rectori
1631 1845 1670 1879 et
1695 1841 1930 1880 Doctort'bus

839 1912 881 1952 S.
912 1914 959 1952 P.
991 1913 1048 1951 D.
1090 1912 1338 1952 Universitas
1371 1912 1718 1963 Cantabmgiensis.

373 1993 489 2048 (585)
528 1996 817 2035 LITTERARUM
853 1994 1087 2035 Latinarum
1125 2009 1196 2047 per
1226 1995 1515 2035 commercium
1549 1995 1673 2036 hodie
1711 1994 1836 2044 vobis,
1873 1995 1944 2035 viri
1981 1994 2215 2046 doctissimi,
2250 2008 2300 2036 eo

259 2058 450 2101 libentius
478 2058 770 2112 coniungimur,
795 2059 970 2112 primum
999 2059 1111 2111 quod
1140 2059 1389 2100 ‘Cantabros
1418 2067 1458 2100 et
1481 2061 1659 2108 Astures,
1685 2066 1825 2111 gentes
1853 2058 2103 2099 valdissimas
2117 2058 2156 2108 ’⁵‚
2182 2072 2297 2111 quae,

261 2121 455 2164 libertatis
482 2121 524 2163 in
552 2124 664 2175 asylo
693 2124 873 2175 quodam
902 2123 1005 2163 inter
1034 2130 1193 2163 montes
1223 2130 1262 2163 et
1292 2136 1401 2163 mare
1430 2124 1620 2171 seclusae,
1651 2123 1833 2165 Caesaris
1863 2122 2034 2174 Augusti
2064 2123 2229 2163 demum
2258 2122 2300 2163 in

261 2187 423 2228 saeculo
443 2188 723 2228 Romanorum
742 2187 911 2240 imperio
931 2195 1044 2228 erant
1063 2187 1238 2234 additae,
1260 2187 1364 2227 inter
1383 2187 1553 2227 maiores
1569 2194 1721 2227 vestros
1742 2187 1863 2227 fuisse
1878 2185 2122 2239 gloriamini3
2151 2186 2299 2227 deinde

260 2251 373 2304 quod
392 2250 578 2292 Asturiae
600 2251 847 2304 provinciam
874 2251 1082 2303 antiquam
1109 2250 1294 2299 incolitis,
1317 2250 1431 2290 cuius
1458 2264 1608 2291 nornen
1632 2250 1782 2290 abhinc
1805 2263 1934 2290 annos
1961 2248 2100 2301 viginti
2124 2256 2163 2289 et
2186 2249 2300 2302 quin-

259 2321 413 2366 gentos,
448 2314 622 2366 primum
657 2315 785 2355 Ducis
820 2315 1051 2362 Britannici,
1090 2314 1217 2354 Ducis
1250 2313 1499 2355 celeberrimi
1534 2314 1860 2362 Lancastriensis,
1896 2321 2047 2366 rogatu,
2082 2313 2299 2354 iuventutis

261 2375 471 2428 Hispanae
502 2376 688 2428 Principi‚
724 2376 834 2428 regni
865 2377 988 2417 totius
1022 2376 1172 2426 heredi,
1208 2377 1348 2416 datum
1383 2377 1487 2425 est⁶3
1526 2376 1704 2428 denique
1742 2378 1865 2428 quod,
1899 2390 1981 2416 non
2017 2377 2142 2416 modo
2174 2376 2297 2428 Regis

259 2437 472 2490 Alphonsi,
509 2438 632 2490 Regis
669 2438 711 2478 in
750 2438 964 2478 Britannos
1002 2437 1245 2487 amicissimi,
1281 2439 1353 2478 sed
1391 2438 1513 2478 etiam
1553 2438 1748 2489 Principis
1786 2437 1915 2485 vestri,
1955 2437 2154 2478 amicitiae
2192 2438 2297 2479 illius

259 2501 436 2555 pignoris
468 2502 747 2555 acceptissimi,
784 2502 860 2542 sub
893 2501 1114 2554 auspiciis⁷‚
1146 2501 1428 2546 Universitatis
1462 2509 1626 2549 vestrae,
1662 2500 1981 2542 Universitatum
2021 2501 2295 2552 Hispanarum

259 2564 443 2605 omnium
471 2564 590 2606 nobis
618 2564 833 2618 proximae,
861 2578 990 2604 annos
1020 2571 1220 2604 trecentos
1250 2563 1417 2604 feliciter
1445 2571 1606 2603 exactos
1635 2563 1729 2604 estis
1756 2563 2002 2603 celebraturi.
2062 2563 2295 2604 Conditoris

258 2627 377 2669 vestri
401 2627 716 2680 generosissimi*⁵
738 2641 787 2667 ex
809 2627 923 2667 obitu
947 2640 1075 2678 usque
1098 2627 1152 2667 ad
1176 2625 1456 2667 Universitatis
1485 2633 1639 2666 vestrae
1668 2633 1800 2666 ortum
1823 2626 2106 2677 auspicatum1⁹,
2133 2634 2296 2679 propter

257 2690 348 2732 lites
373 2690 550 2731 infinitas
578 2692 668 2742 plus
697 2703 819 2742 quam
843 2689 1108 2741 quadraginta
1132 2702 1331 2729 annorum
1360 2702 1492 2729 moras
1518 2688 1707 2741 perpessi,
1736 2687 1815 2728 iam
1845 2688 1941 2729 inde
1969 2702 2018 2728 ex
2045 2696 2134 2729 ortu
2163 2696 2295 2730 vestro

257 2752 591 2805 iurisprudentiae
609 2752 864 2805 potissimum
884 2751 1026 2792 studiis
1046 2751 1277 2792 excolendis
1302 2751 1477 2791 maximo
1500 2764 1594 2791 cum
1618 2752 1749 2791 fructu
1773 2750 2021 2791 incubuistis.
2081 2752 2296 2792 Laetamur

256 2815 451 2868 imprimis
479 2817 591 2868 quod
617 2814 849 2857 Conditoris
880 2814 999 2854 vestri
1029 2813 1246 2854 memoriae
1275 2815 1472 2854 honorem
1505 2821 1660 2854 statuae
1689 2812 1933 2863 decrevistis,
1965 2827 2069 2866 quae
2100 2821 2140 2855 et
2168 2813 2293 2866 ipsius

257 2880 474 2933 imaginem
507 2894 640 2921 veram
678 2879 900 2933 posteritati
938 2879 1078 2928 tradet,
1114 2885 1154 2919 et
1186 2885 1362 2918 vestrum
1395 2877 1579 2918 omnium
1612 2876 1770 2917 animos
1803 2883 1936 2929 gratos
1973 2876 2015 2917 in
2053 2885 2291 2929 perpetuum

345 2975 358 2997 ²
381 2977 501 3020 Henry
518 2976 710 3011 Cavendish
718 2975 781 3040 (17
787 2974 986 3018 31—1810)
1005 2975 1044 3008 of
1057 2975 1272 3013 Peterhouse,
1288 2974 1421 3007 natural
1436 2974 1667 3018 philosopher,
1684 2974 1855 3016 grandson
1871 2974 1910 3007 of
1926 2973 1983 3007 the
1998 2974 2123 3007 second
2140 2974 2242 3008 Duke
2258 2975 2298 3007 of

259 3021 481 3055 Devonshire.
718 3019 822 3053 9Νο.
842 3029 906 3062 533
922 3025 1036 3062 supra.
1278 3017 1292 3038 ⁸
1314 3020 1446 3061 Argon.
1678 3017 1693 3037 ⁴
1716 3018 1791 3051 The
1815 3018 1928 3050 Nobel
1951 3018 2041 3061 prize
2066 3018 2118 3050 for
2141 3018 2292 3060 Physics.

255 3063 271 3086 ⁸
295 3065 427 3103 Florus,
443 3065 468 3097 ii
485 3075 538 3108 33,
556 3064 609 3106 46.
850 3063 865 3084 ⁶
888 3064 963 3096 The
978 3063 1052 3096 title
1068 3063 1130 3095 of‘
1140 3063 1259 3096 Prince
1276 3062 1315 3095 of
1326 3062 1500 3095 Asturias'
1517 3073 1586 3094 was
1603 3062 1672 3095 first
1689 3062 1862 3095 conferred
1879 3067 1913 3094 at
1929 3062 1986 3094 the
2003 3067 2135 3104 request
2151 3061 2190 3094 of
2197 3062 2290 3105 John

256 3109 296 3143 of
313 3109 439 3147 Gaium,
458 3109 560 3142 Duke
583 3108 620 3142 of
640 3108 834 3148 Lancaster,
853 3107 888 3141 in
913 3108 1007 3150 1388,
1024 3107 1124 3140 when
1142 3107 1195 3139 his
1214 3107 1380 3157 daughter
1399 3107 1591 3140 Constance
1607 3117 1675 3138 was
1691 3106 1835 3139 married
1852 3111 1888 3138 to
1904 3106 1962 3139 the
1977 3106 2083 3138 eldest
2099 3116 2160 3138 son
2175 3106 2214 3138 os
2233 3105 2290 3139 the

256 3153 351 3196 King
365 3153 404 3186 of
414 3152 543 3187 Castile
558 3153 626 3186 and
643 3153 750 3185 Leon.
920 3151 934 3173 ⁷
958 3151 1033 3184 The
1050 3152 1169 3184 Prince
1185 3150 1223 3184 of
1235 3150 1391 3184 Asturias
1407 3161 1476 3183 was
1491 3150 1577 3183 born
1597 3160 1637 3184 ιο
1654 3150 1735 3192 May
1755 3158 1850 3193 1907.
2012 3147 2027 3169 ⁸
2049 3150 2078 3182 F
2080 3150 2229 3183 ernaudo
2244 3150 2288 3183 de

253 3195 381 3231 Valdes
397 3195 445 3241 (d.
463 3207 483 3242 9
500 3195 954 3240 Dec-1568),Archbishop
970 3195 1009 3229 of
1020 3195 1146 3230 Seville
1162 3195 1228 3228 and
1246 3195 1364 3229 Grand
1381 3194 1565 3238 Inquisitor
1579 3194 1686 3227 under
1703 3194 1816 3237 Philip
1834 3191 1993 3226 11.⁹
2016 3204 2054 3227 21
2074 3193 2287 3237 Sept-1608.

1231 3279 1305 3318 271
