2704 3770
779 318 1067 384 Universz'ty
1100 318 1165 383 of
1187 318 1400 367 Illz'noz‘s.
1485 317 1772 382 Unz'versz'ty
1805 317 1871 381 qf
1895 317 2198 368 Melbourne.

477 461 658 502 omnium
683 464 864 503 dolorem
887 463 1011 504 voluit
1035 463 1285 515 aliquatenus
1308 464 1448 511 levare,
1471 469 1510 502 et
1536 461 1741 503 doctrinae
1764 461 1850 502 sedi
1869 469 1951 502 tam
1971 462 2203 513 praeclarae,
2226 467 2285 502 tot
2303 473 2487 513 praecep-

476 531 608 565 torum
627 524 840 578 insignium
860 525 1090 566 nominibus
1109 525 1333 575 illustratae,
1355 525 1490 566 omnia
1509 538 1697 578 prospera
1716 524 1757 564 in
1777 532 1981 576 posterum
2001 531 2198 576 exoptare.
2255 525 2407 564 Valete.

584 605 740 644 Datum
765 606 1040 656 Cantabrigiae

693 660 832 699 mensis
851 660 1006 699 Martii
1019 660 1080 698 die
1097 659 1233 709 quinto

800 714 852 754 A.
874 713 913 752 S.
938 719 1108 753 MCM1v0.

635 862 862 902 Provinciae
889 861 1143 901 Illinoisensis
1179 861 1439 900 Universitati
1463 861 1504 900 S.
1535 862 1581 900 P.
1613 861 1670 899 D.
1709 862 1952 901 Universitas
1986 862 2320 912 Cantabrigr'ensit.

585 943 700 997 (571)
726 946 936 984 L1TTERAS
964 951 1122 992 vestras,
1153 942 1223 983 viri
1252 943 1463 983 nobiscum
1492 944 1713 984 studiorum
1743 944 2018 984 communium
2050 944 2239 985 societate
2269 944 2485 994 coniuncti,

475 1007 643 1048 libenter
661 1007 898 1059 accepimus,
916 1007 957 1047 in
977 1007 1122 1058 quibus
1138 1006 1343 1047 auctumni
1358 1006 1526 1058 proximi
1541 1007 1626 1047 dies
1643 1007 1819 1047 Praesidi
1834 1015 1963 1047 vestro
1978 1007 2253 1058 inaugurando
2267 1007 2486 1048 destinatos

476 1069 733 1110 Universitati
769 1077 927 1109 nostrae
964 1068 1150 1116 indicitis,
1183 1081 1348 1120 nosque,
1384 1075 1428 1108 ut
1465 1068 1520 1108 rei
1557 1076 1639 1108 tam
1678 1071 1804 1109 laetae
1841 1069 1881 1108 in
1915 1070 2109 1109 honorem
2146 1070 2296 1121 legatos
2332 1070 2385 1109 ad
2415 1077 2486 1109 vos

476 1131 690 1180 mittamus,
729 1139 811 1172 tam
849 1131 1021 1183 benigne
1058 1130 1215 1182 rogatis.
1271 1130 1449 1170 Primum
1487 1130 1603 1182 igitur
1640 1130 1753 1170 vobis
1791 1130 1978 1170 omnibus
2013 1138 2221 1182 propterea
2257 1129 2486 1182 praesertim

474 1196 725 1246 gratulamur,
747 1195 857 1245 quod
876 1193 917 1233 in
937 1193 1013 1233 alia
1031 1193 1237 1234 doctrinae
1257 1194 1352 1233 sede
1373 1195 1535 1234 Praeses
1555 1201 1682 1234 vester
1701 1193 1929 1246 designatus
1952 1207 2034 1233 non
2058 1195 2182 1234 modo
2207 1193 2485 1234 oeconomiam

474 1255 676 1307 publicam
703 1257 901 1308 praeclare
930 1262 990 1295 est
1017 1256 1227 1306 professus,
1251 1256 1322 1295 sed
1350 1254 1470 1295 etiam
1500 1255 1695 1299 Praesidis
1723 1255 1846 1307 ipsius
1875 1255 1916 1295 in
1942 1269 2106 1296 munere
2132 1265 2191 1296 est
2218 1263 2418 1308 spectatus
2445 1262 2487 1296 et

474 1319 693 1370 probatus1.
752 1319 847 1358 Non
878 1318 1058 1369 ignotum
1088 1324 1223 1357 autem
1257 1317 1388 1366 nobis,
1418 1317 1459 1357 in
1492 1318 1696 1369 republica
1728 1326 1855 1359 vestra
1888 1318 2069 1368 maxima,
2105 1326 2164 1359 tot
2197 1319 2362 1359 vinculis
2392 1332 2485 1359 cum

475 1380 679 1421 Britannia
703 1388 838 1421 nostra
862 1380 1101 1429 consociata,
1131 1379 1411 1421 Universitatis
1436 1380 1629 1432 cuiusque
1652 1383 1815 1421 Praeses
1839 1388 1987 1433 quanta
2015 1381 2207 1433 dignitate
2235 1388 2397 1421 ornatus
2421 1380 2482 1431 sit,

475 1455 596 1494 quam
633 1455 787 1493 magna,
828 1455 949 1493 quam
992 1441 1179 1482 diuturna
1221 1442 1369 1481 fruatur
1410 1443 1654 1482 auctoritate.
1725 1443 1841 1493 Ergo,
1880 1442 2076 1482 voluntati
2121 1449 2274 1483 vestrae
2318 1441 2488 1482 libenter

473 1505 664 1554 obsecuti,
685 1506 938 1545 alumnorum
958 1513 1185 1545 nostrorum
1205 1518 1228 1544 e
1247 1517 1415 1544 numero
1435 1506 1650 1544 nonnullos
1669 1505 1833 1545 honoris
1853 1518 1973 1545 causa
1996 1504 2300 1553 nominavimus,
2323 1504 2392 1556 qui
2413 1505 2487 1545 has

472 1568 618 1609 litteras
637 1569 690 1609 ad
710 1582 779 1608 vos
799 1570 1007 1620 perferant,
1029 1575 1068 1608 et
1087 1574 1267 1608 nostrum
1287 1567 1468 1607 omnium
1488 1567 1652 1607 nomine
1671 1567 1765 1607 novi
1784 1568 1891 1608 velut
1910 1567 2020 1620 regni
2039 1567 2152 1608 initio
2171 1566 2487 1619 auspicatissimo

472 1630 682 1671 intersint2.
741 1631 828 1671 Nos
856 1629 1013 1670 interim
1042 1642 1114 1681 pro
1148 1628 1416 1670 Universitate
1450 1636 1588 1677 vestra,
1623 1642 1725 1680 quae
1758 1636 1868 1669 tanta
1901 1628 2186 1681 discipulorum
2216 1630 2330 1670 floret
2359 1627 2490 1669 multi·
2537 1647 2542 1652 ·

473 1693 641 1742 tudine³,
671 1700 782 1733 tanta
815 1692 1036 1733 studiorum
1066 1692 1252 1732 varietate
1282 1691 1480 1743 gloriatur,
1511 1692 1610 1731 nihil
1643 1692 1783 1732 melius
1816 1700 2002 1744 exoptare
2034 1692 2244 1745 possimus,
2279 1705 2400 1744 quam
2430 1698 2485 1740 ut,

474 1755 670 1795 Praesidis
702 1755 796 1795 novi
827 1755 1016 1807 auspicio,
1049 1756 1171 1795 finem
1204 1754 1318 1795 vobis
1351 1755 1403 1794 ab
1434 1754 1584 1805 origine
1617 1762 1745 1795 vestra
1777 1754 2026 1806 propositum
2056 1755 2176 1795 etiam
2213 1754 2255 1794 in
2284 1760 2487 1806 posterum

474 1816 694 1857 identidem
717 1816 943 1868 respiciatis,
966 1824 1005 1857 et
1031 1817 1222 1869 plurimos
1247 1829 1317 1868 per
1339 1829 1467 1856 annos
1495 1816 1615 1856 etiam
1643 1824 1757 1865 artes,
1779 1830 1882 1868 quae
1907 1818 1959 1857 ad
1982 1815 2217 1857 industriam
2243 1822 2282 1856 et
2309 1815 2487 1856 laborem

473 1879 682 1930 pertinent,
704 1878 920 1919 litterarum
941 1886 980 1918 et
1000 1878 1255 1919 scientiarum
1276 1877 1426 1917 lumine
1446 1877 1675 1918 illustretis⁴.
1734 1880 1888 1918 Valete.

581 1959 738 1997 Datum
762 1958 1035 2007 Cantabrtgiae

690 2013 829 2051 mensis
851 2012 964 2052 Iunii
978 2012 1039 2050 die
1057 2018 1125 2051 xv⁰

798 2066 850 2104 A.
873 2066 913 2105 S.
936 2077 1070 2105 MCMv.

751 2231 1010 2270 Universitati
1032 2230 1320 2269 Melburm‘ensi
1343 2231 1385 2270 S.
1415 2231 1461 2270 P.
1493 2231 1548 2268 D.
1588 2229 1831 2269 Um‘versitas
1865 2229 2205 2279 Cantabrtgr‘enstk.

586 2311 698 2364 (572)
728 2314 937 2352 LirTERAs
961 2320 1119 2361 vestras,
1142 2313 1213 2351 viri
1236 2312 1448 2352 nobiscum
1472 2319 1511 2352 et
1535 2311 1756 2351 studiorum
1781 2311 2056 2351 communium
2076 2318 2115 2351 et
2133 2310 2287 2363 generis
2306 2310 2486 2351 eiusdem

476 2376 640 2416 vinculis
674 2376 999 2425 coniunctissimi,
1031 2376 1200 2415 libenter
1232 2375 1471 2427 accepimus,
1506 2375 1547 2414 in
1581 2375 1737 2426 quibus,
1773 2388 1970 2414 annorum
2004 2373 2291 2426 quinquaginta
2322 2372 2487 2413 feliciter

474 2446 700 2479 exactorum
738 2438 971 2479 memoriam
1005 2438 1248 2488 celebraturi,
1285 2439 1403 2478 etiam
1437 2446 1595 2478 nosmet
1628 2438 1735 2488 ipsos
1768 2437 1902 2489 gaudii
1934 2437 2052 2478 vestri
2084 2437 2124 2477 in
2158 2444 2311 2489 partem
2343 2448 2485 2477 vocare

474 2502 664 2542 voluistis.
722 2503 782 2540 Ex
806 2501 941 2541 animo
967 2501 1083 2552 igitur
1108 2501 1222 2541 vobis
1245 2501 1433 2541 omnibus
1455 2502 1706 2553 gratulamur,
1728 2500 1807 2540 iam
1832 2508 1890 2540 tot
1913 2514 2041 2541 annos
2065 2508 2123 2540 tot
2147 2499 2350 2551 discipulis
2373 2505 2485 2539 tanto

473 2577 565 2603 cum
584 2565 712 2603 fructu
732 2563 925 2603 docendis
946 2562 1151 2603 dedicatos
1173 2562 1430 2603 Universitati
1449 2570 1600 2602 vestrae
1615 2570 1697 2602 tam
1712 2575 1897 2614 prospere
1917 2563 2167 2613 processisse.
2226 2562 2482 2612 Quamquam

476 2628 583 2666 enim
612 2626 790 2678 ‘penitus
824 2634 910 2667 toto
939 2626 1087 2666 divisos
1121 2627 1260 2666 orbe'⁶
1288 2639 1358 2666 vos
1392 2640 1414 2666 e
1446 2625 1667 2677 longinquo
1695 2626 2022 2676 contemplamur,
2052 2623 2206 2676 generis
2234 2631 2368 2663 tamen
2400 2634 2487 2674 pro-

474 2689 695 2740 pinquitate
720 2689 895 2738 adducti,
921 2689 1029 2729 orbis
1053 2688 1245 2728 Australis
1274 2688 1485 2728 Britannos
1514 2701 1597 2727 non
1625 2688 1711 2727 sine
1737 2687 1921 2739 superbia
1944 2688 2117 2739 quadam
2141 2688 2367 2734 salutamus,
2389 2685 2486 2726 orbe

474 2759 559 2791 toto
587 2765 611 2791 a
638 2751 751 2791 vobis
780 2751 959 2803 separati,
981 2752 1102 2790 corde
1131 2758 1217 2790 toto
1245 2750 1454 2790 vobiscum
1482 2750 1696 2789 coniuncti.
1756 2751 1948 2790 Nostrum
1973 2757 2107 2789 autem
2136 2747 2317 2788 omnium
2344 2746 2387 2787 in
2414 2759 2485 2787 vos

561 2863 574 2884 ¹
598 2864 756 2897 Edmund
778 2865 810 2906 J.
824 2865 948 2907 James,
967 2864 1091 2901 Ph.D.,
1107 2864 1264 2906 formerly
1286 2864 1455 2896 Professor
1477 2864 1512 2895 in
1532 2863 1590 2895 the
1607 2862 1827 2896 Universities
1842 2862 1881 2894 of
1901 2861 2142 2904 Pennsylvania
2157 2861 2223 2893 and
2240 2860 2399 2903 Chicago,
2418 2859 2486 2892 and

477 2908 648 2940 President
663 2908 701 2940 of
712 2908 768 2940 the
785 2908 1068 2940 North-Western
1087 2908 1287 2950 University.
1451 2907 1465 2926 ²
1487 2906 1562 2939 The
1579 2907 1672 2938 Hon.
1687 2906 1742 2937 W.
1762 2906 1909 2943 Everett,
1927 2906 2037 2945 M.A.,
2057 2904 2204 2946 Trinity;
2231 2904 2278 2936 H.
2297 2904 2340 2935 T.
2357 2904 2481 2945 Bovey,

477 2952 587 2990 M.A.,
614 2950 772 2993 Queens',
797 2951 967 2984 Professor
989 2951 1028 2983 of
1047 2951 1284 3013 Engineering,
1310 2950 1497 2989 Montreal;
1520 2950 1586 2982 and
1611 2950 1652 2982 R.
1677 2949 1721 2982 G.
1748 2949 1916 2988 Moulton‚
1944 2949 2056 2988 M.A.,
2083 2947 2233 2987 Christ’s,
2260 2946 2428 2980 Professor
2442 2946 2486 2997 ὀί

477 2998 485 3012 ‘
498 2994 683 3027 Literature
698 2995 732 3026 in
753 2994 893 3036 English
905 2994 925 3033 ’‚
941 2994 1102 3036 Chicago.
1289 2993 1375 3036 3006
1390 3004 1467 3026 men
1483 2993 1550 3025 and
1567 3001 1605 3034 72
1611 3004 1629 3034 3
1645 3002 1789 3028 women,
1806 2992 1840 3024 in
1860 3001 1997 3035 1904—5.
2158 2991 2173 3011 ⁴
2195 2991 2269 3023 The
2287 2989 2485 3022 ‘Industnal

478 3038 671 3080 University
683 3038 702 3075 ’,
719 3038 866 3070 founded
881 3042 917 3069 at
934 3038 1072 3070 Urbana
1087 3038 1122 3070 in
1142 3036 1281 3079 1867—8,
1293 3039 1353 3069 has
1368 3037 1453 3069 been
1469 3036 1605 3075 known,
1623 3036 1714 3068 since
1734 3037 1827 3076 1885,
1842 3045 1878 3067 as
1894 3035 1951 3068 the
1967 3034 2177 3077 ‘University
2191 3034 2231 3067 of
2242 3032 2397 3066 Illinois’.
2436 3033 2486 3065 Its

476 3086 583 3113 motto
599 3082 626 3113 is
643 3081 827 3123 ‘Leaming
841 3082 908 3113 and
925 3081 1037 3113 Labor
1044 3081 1062 3120 ’,
1082 3081 1149 3113 and
1164 3081 1207 3113 its
1222 3080 1331 3123 badge
1347 3091 1389 3112 an
1405 3091 1492 3123 open
1508 3080 1610 3119 book,
1630 3078 1796 3111 inscribed
1818 3079 1900 3111 with
1922 3079 2149 3121 Agriculture,
2167 3078 2293 3110 Science
2311 3077 2386 3109 and
2401 3077 2482 3116 Art,

474 3124 639 3167 shedding
655 3135 728 3166 rays
743 3125 782 3157 of
792 3124 876 3167 light
891 3135 936 3157 on
954 3135 973 3157 a
989 3124 1128 3167 plough,
1143 3135 1163 3156 a
1178 3124 1270 3164 rake,
1285 3134 1305 3156 a
1319 3124 1471 3156 hammer
1485 3123 1552 3155 and
1567 3122 1667 3162 anvil,
1683 3123 1749 3155 and
1764 3133 1784 3155 a
1801 3122 2052 3164 steam-engine.
2141 3120 2155 3141 ⁶
2176 3120 2296 3163 virgil,
2307 3120 2382 3152 Ecl.
2398 3119 2411 3151 i
2429 3117 2484 3162 67.

1446 3198 1524 3235 262
