2704 3770
1062 327 1157 375 Dr
1186 326 1241 375 A
1246 325 1458 376 tkz’nson.

244 473 521 514 observantiae
548 481 589 515 et
615 473 815 516 amicitiae
843 475 1118 517 testificandae
1146 489 1279 523 eausa,
1300 489 1349 515 ex
1376 475 1549 516 alumnis
1575 475 1720 516 nostris
1745 490 1884 526 unum,
1910 476 2036 517 virum
2065 477 2207 518 studiis
2235 485 2276 518 et

244 534 536 576 mathematicis
574 543 614 577 et
650 537 885 590 theologicis
923 539 1136 588 excultum,
1175 536 1404 589 provinciae
1442 537 1645 578 Victoriae
1687 538 2060 590 Archiepiscopum‚
2100 540 2275 591 legatum

244 604 426 638 nostrum
460 598 766 649 nominavimus,
798 599 867 652 qui
896 599 1208 642 Universitatem
1237 607 1414 640 nostram
1443 601 1553 652 apud
1582 613 1653 640 vos
1681 613 1729 640 ea
1757 613 1862 652 quae
1889 614 1961 652 par
1994 608 2054 640 est
2084 601 2276 653 dignitate

244 668 524 713 repraesentet,
546 669 586 702 et
606 662 678 702 has
700 661 850 703 litteras
873 661 1002 715 sigillo
1025 669 1164 703 nostro
1187 661 1395 703 communi
1418 662 1648 714 obsignatas
1675 662 1926 703 Cancellario
1949 669 2081 703 vestro
2104 662 2275 704 reddat¹.

244 724 392 765 Vestro
416 738 511 765 vero
539 724 581 765 in
607 725 736 778 sigillo
764 726 960 767 venientis
986 725 1071 767 aevi
1102 724 1326 778 auspicium
1350 725 1550 778 optimum
1578 724 1756 766 indicare
1783 724 1901 766 nobis
1930 724 2086 765 videtur
2109 725 2183 766 Iris
2212 727 2279 767 illa

245 787 448 828 stellarum
468 787 715 828 Australium
734 787 775 828 in
796 789 886 829 luce
906 788 1136 840 conspicua,
1158 789 1272 829 cuius
1293 788 1369 828 sub
1391 787 1564 840 pedibus
1588 787 1688 827 vatis
1713 787 1890 827 Romani
1916 788 2036 828 verba
2061 789 2126 827 illa
2149 789 2278 829 famae

245 848 401 889 futurae
422 849 612 902 praescia,
634 861 824 890 Pos'rERA
849 861 1044 891 eREscAM
1075 862 1230 899 LAUDE,
1251 849 1442 902 inscripta
1467 850 1591 890 sunt2.
1653 850 1770 890 Haec
1795 856 1931 889 autem
1958 849 2138 902 epistola,
2159 850 2279 891 bene-

244 911 445 953 volentiae
464 920 624 954 nostrae
642 913 794 962 nuntia,
817 927 920 965 quae
939 913 1175 966 propediem
1194 915 1248 954 ad
1267 915 1436 954 Austros
1456 913 1580 954 maria
1599 926 1745 965 magna
1764 913 2035 963 transvolabit,
2057 921 2150 954 vota
2169 916 2279 954 nulla

245 974 411 1017 meliora
438 977 492 1018 ad
519 990 591 1018 vos
618 984 752 1029 potest
780 978 963 1029 perferre,
985 991 1107 1030 quam
1136 984 1181 1018 ut
1209 977 1310 1017 caeli
1338 977 1469 1018 sidera
1495 976 1632 1018 omnia
1659 976 1738 1017 sint
1768 989 1925 1029 semper
1952 977 2067 1017 vobis
2094 977 2276 1030 propitia,

244 1035 403 1090 ipsique
420 1038 543 1080 etiam
562 1038 604 1079 in
622 1046 828 1091 posterum
848 1041 968 1080 laude
987 1047 1180 1092 perpetua
1199 1039 1397 1080 crescatis.
1455 1040 1609 1080 Valete.

312 1125 315 1127 ’
352 1119 510 1159 Datum
535 1120 815 1171 Cantabrigiae

463 1174 605 1214 mensis
621 1174 817 1214 Ianuarii
830 1174 892 1214 die
910 1172 1022 1214 xviiio

571 1229 623 1268 A.
646 1228 689 1269 S.
711 1235 882 1269 MCMV10.

963 1390 1052 1429 Viri
1074 1391 1276 1431 reverendo
1303 1394 1341 1429 et
1366 1389 1581 1430 venerabili

842 1459 1124 1502 EDVARDO
1157 1460 1482 1511 ΑΤΚΙΝ8οΝ,
1515 1460 1683 1511 8.Τ.Ρ.,

962 1529 1125 1580 Collegit·
1147 1531 1192 1568 de
1224 1531 1343 1570 Clare
1370 1529 1570 1580 Magistro

710 1595 874 1632 salutem
892 1594 1117 1644 plurimam
1145 1594 1238 1633 dicit
1266 1593 1434 1633 Senatus
1467 1593 1810 1644 Cantabrtg’zlenstk.

352 1675 470 1731 (573)
488 1677 590 1719 CUM
612 1691 740 1729 nuper
758 1691 886 1718 annos
906 1677 1197 1730 quinquaginta
1216 1677 1383 1718 feliciter
1401 1685 1562 1718 exactos
1582 1691 1670 1718 esse
1689 1685 1858 1725 constet,
1876 1691 1925 1718 ex
1944 1691 2026 1729 quo
2047 1677 2216 1730 Collegii
2236 1678 2278 1717 in

241 1739 468 1782 custodiam
487 1747 598 1780 tuam
618 1739 752 1780 traditi
770 1739 958 1791 auspiciis
978 1739 1140 1792 optimis
1166 1740 1357 1792 Magister
1381 1754 1424 1780 es
1447 1741 1610 1788 electus,
1632 1739 1731 1779 nihil
1755 1739 1877 1780 hodie
1902 1739 2166 1792 praestantius
2190 1753 2278 1781 esse

241 1803 478 1845 arbitramur
502 1816 625 1855 quam
647 1810 692 1843 ut
714 1802 799 1851 tibi,
820 1803 879 1842 vir
901 1803 1150 1852 venerabilis,
1172 1811 1211 1843 et
1236 1803 1418 1855 Collegio
1438 1810 1509 1843 tuo
1529 1803 1686 1853 eximio,
1709 1805 1760 1844 de
1781 1817 1822 1844 re
1841 1811 1923 1843 tam
1943 1805 2047 1844 laeta
2066 1818 2115 1844 ex
2140 1803 2277 1844 animo

240 1867 492 1920 gratulemur.
551 1864 716 1905 Abhinc
734 1878 864 1905 annos
884 1873 1072 1917 quattuor
1086 1873 1127 1906 et
1146 1866 1349 1918 sexaginta
1369 1866 1410 1905 in
1425 1865 1565 1906 litteris
1581 1866 1886 1907 humanioribus
1906 1868 2080 1907 honores
2096 1880 2277 1907 summos

240 1931 424 1982 adeptus,
457 1928 694 1980 aequalium·
724 1935 886 1968 tuorum
924 1928 1009 1981 pari
1041 1928 1188 1980 insigni
1225 1928 1428 1980 proximus
1468 1942 1510 1968 es
1543 1928 1804 1978 renuntiatus,
1840 1942 2013 1981 quorum
2051 1930 2150 1970 alter
2182 1929 2277 1970 iuris

241 1991 463 2033 Britannici
485 1992 622 2039 decus,
649 1991 748 2031 alter
773 1990 999 2031 studiorum
1027 1992 1262 2031 Latinorum
1289 1992 1427 2031 lumen
1453 1998 1594 2042 postea
1619 1990 1825 2031 enitebat⁸.
1888 1992 1982 2043 Ipse
2010 1990 2169 2031 interim
2193 2004 2277 2031 non

240 2055 367 2096 modo
392 2052 576 2106 Collegio
598 2060 669 2093 tuo
692 2052 936 2105 praesidium
959 2066 1007 2093 ac
1030 2054 1155 2093 decus
1179 2052 1414 2093 diuturnum
1438 2052 1630 2101 exstitisti,
1653 2053 1725 2093 sed
1749 2052 1870 2093 etiam
1890 2052 2135 2093 Academiae
2155 2053 2278 2094 totius

240 2116 417 2159 consiliis
448 2115 672 2158 identidem
705 2117 843 2156 lumen
880 2116 1058 2156 attulisti.
1118 2118 1194 2157 Per
1226 2130 1356 2156 annos
1389 2115 1583 2168 plurimos
1615 2123 1656 2156 et
1690 2115 1795 2156 Preli
1824 2115 2060 2157 Academici
2093 2116 2277 2168 Syndicis

239 2179 490 2234 praepositus
518 2186 558 2220 et
586 2178 689 2219 inter
717 2178 977 2220 Consiliarios
1006 2186 1165 2219 nostros
1193 2179 1431 2231 praecipuos
1464 2186 1709 2226 numeratus,
1739 2185 1875 2218 nostra
1908 2179 2051 2218 saltem
2084 2179 2278 2219 memoria

239 2243 350 2284 solus
368 2241 552 2284 omnium
571 2241 749 2283 sedecim
768 2254 966 2282 annorum
981 2241 1023 2281 in
1039 2241 1169 2293 spatio
1185 2241 1399 2294 quinquies
1416 2240 1723 2282 Procancellarii
1738 2254 1885 2280 munus
1901 2254 2104 2281 summum
2120 2255 2278 2282 summa

239 2305 444 2360 dignitate,
466 2318 626 2346 summa
650 2303 850 2353 comitate,
876 2318 1035 2344 summa
1060 2318 1219 2345 morum
1243 2304 1468 2357 integritate
1493 2305 1713 2345 ornavisti⁴.
1774 2306 1824 2345 In
1853 2304 2023 2356 negotiis
2052 2318 2147 2345 vero
2175 2307 2277 2346 Aca-

239 2367 409 2411 demicis
437 2369 492 2409 ad
519 2369 643 2408 finem
671 2367 829 2408 felicem
858 2368 1104 2420 perferendis
1133 2368 1350 2420 plurimum
1381 2369 1499 2409 nobis
1527 2369 1676 2421 profuit
1706 2383 1836 2409 rerum
1866 2368 2060 2409 memoria
2088 2369 2165 2418 illa,
2197 2382 2277 2421 qua

239 2431 472 2485 praesertim
508 2429 754 2479 excelluisti3
790 2431 938 2482 profuit
971 2431 1091 2471 etiarn
1130 2431 1172 2471 in
1206 2431 1377 2484 Collegii
1410 2432 1468 2472 tui
1506 2432 1662 2472 statutis
1695 2433 1983 2485 antiquissimis
2015 2434 2178 2473 laudata
2210 2432 2278 2474 illa

243 2498 254 2518 ‘
267 2492 521 2548 experientia,
542 2505 646 2546 quae
666 2506 798 2533 rerum
817 2492 1000 2533 omnium
1020 2500 1081 2533 est
1102 2493 1347 2546 Magistra’⁶.
1407 2495 1514 2546 Ergo
1534 2501 1594 2534 tot
1613 2507 1742 2535 annos
1758 2508 1782 2534 a
1802 2503 1840 2535 te
1857 2494 2038 2547 Magistri
2053 2494 2094 2534 in
2110 2508 2276 2535 munere

239 2557 438 2600 felicitatis
459 2564 677 2610 perpetuae
696 2558 805 2597 velut
824 2570 907 2597 uno
928 2565 1067 2598 tenore
1087 2565 1248 2598 exactos
1269 2557 1341 2598 tibi
1361 2557 1532 2598 libenter
1551 2558 1674 2598 hodie
1696 2560 1950 2611 gratulamur.
2009 2557 2121 2598 Nihil
2139 2566 2275 2599 autem

238 2620 482 2674 auspicatius
501 2619 542 2660 in
563 2618 788 2671 praesentia
807 2627 995 2672 exoptare
1014 2633 1240 2671 possumus,
1258 2633 1380 2672 quam
1399 2627 1443 2660 ut
1463 2619 1505 2659 in
1521 2627 1726 2672 posterum
1743 2620 1792 2661 sit
1811 2620 1895 2670 tibi,
1913 2634 1989 2661 nec
2008 2620 2082 2661 tibi
2101 2620 2188 2669 soli,
2204 2634 2276 2673 per

239 2684 406 2736 longum
438 2681 594 2723 dierum
627 2680 801 2733 spatium
834 2681 994 2733 placida
1026 2689 1066 2722 et
1100 2695 1240 2722 serena
1273 2689 1472 2730 senectus,
1502 2690 1627 2734 utque
1659 2681 1764 2723 vitae
1798 2682 1990 2723 terrestris
2023 2682 2065 2722 in
2094 2690 2275 2735 tempore

237 2746 468 2799 vespertino
497 2747 670 2786 caeleste
698 2746 836 2786 lumen
865 2745 1082 2798 plurimum
1110 2745 1291 2798 supersit.
1350 2746 1463 2786 Vale.

349 2829 508 2868 Datum
527 2841 546 2867 e
566 2828 754 2868 Senaculo

456 2883 596 2923 mensis
614 2881 810 2922 Ianuarii
825 2881 886 2921 die
903 2880 1015 2922 xviii⁰

567 2937 620 2978 A.
643 2937 684 2977 S.
707 2943 878 2977 McMV10.

327 3036 342 3059 ¹
365 3037 486 3080 Henry
501 3037 661 3071 Lowther
676 3037 812 3076 Clarke,
830 3037 940 3076 D.D.‚
957 3049 1014 3071 no.
1032 3037 1096 3081 360
1110 3043 1223 3081 supra.
1419 3037 1433 3059 ²
1457 3039 1607 3076 Horace.
1628 3039 1742 3071 Carm.
1762 3038 1799 3071 iii
1817 3048 1869 3081 30,
1889 3046 1919 3080 7.
2075 3037 2090 3058 ⁸
2112 3038 2275 3073 Classical

239 3081 301 3115 Tri
366 3104 375 3120 ‚
394 3083 495 3123 18423
522 3082 614 3115 Hon.
631 3082 674 3115 G.
695 3082 865 3120 Denman,
887 3082 1004 3122 Trin.;
1029 3083 1164 3122 Mum-o,
1190 3083 1311 3120 Trin.;
1335 3082 1518 3120 Atkinson,
1537 3083 1647 3115 Clare.
1801 3082 1816 3102 ‘¹
1838 3082 2152 3123 Vice-Chancellor‚
2175 3083 2270 3123 1862,

244 3127 284 3160 18
331 3147 340 3164 ,
367 3124 428 3159 186
452 3150 462 3166 ,
484 3125 578 3167 1876,
601 3126 695 3168 1877.
745 3126 797 3158 Dr
820 3125 992 3166 Cookson,
1020 3127 1148 3159 Master
1167 3126 1206 3159 of
1225 3126 1438 3165 Peterhouse‚
1456 3137 1524 3159 was
1545 3126 1611 3160 five
1633 3126 1731 3160 times
1753 3126 2056 3160 Vice·Chancellor
2078 3126 2114 3159 iu
2136 3130 2271 3170 hventy-

237 3169 293 3204 six
306 3178 402 3214 years
437 3168 614 3214 1848-73).
746 3168 761 3190 ³
783 3170 914 3212 Regula
929 3170 1042 3203 Aulae
1057 3171 1096 3203 dc
1114 3171 1213 3204 Clare
1229 3168 1357 3213 (1359),
1374 3170 1398 3203 1.
1417 3181 1446 3213 3.

1221 3245 1297 3293 263
