2704 3770
1015 541 1372 614 Orationes

994 755 1059 803 30
1092 739 1226 790 Nov.
1274 742 1400 802 1876

285 874 347 929 (1)
385 877 647 917 Dxcmssnm
666 876 842 926 domine,
867 876 1043 918 Domine
1063 875 1389 925 Procancellarie,
1410 884 1451 917 et
1470 884 1554 917 tota
1573 877 1796 918 Academia
1813 892 1821 916 z

285 939 327 981 Si
347 941 627 981 Romanorum
646 948 849 981 oratorum
875 940 1071 980 maximus
1098 953 1320 992 numquam
1341 939 1427 980 sine
1447 954 1591 992 magna
1610 940 1734 980 animi
1753 940 2051 992 perturbatione
2071 940 2203 981 dicere

176 1001 405 1056 incipiebat,
430 1011 584 1056 quanto
612 1004 738 1056 magis
761 1018 827 1044 me
855 1017 1020 1044 necesse
1050 1010 1110 1043 est
1129 1003 1387 1050 commoveri,
1412 1003 1482 1055 qui
1510 1004 1632 1044 hodie
1658 1004 1831 1056 primum
1860 1005 1969 1056 apud
1995 1018 2066 1044 vos
2086 1004 2204 1045 vestri

174 1065 342 1107 oratoris
379 1066 512 1107 officio
549 1068 702 1118 fungor,
737 1066 910 1119 vestigiis
947 1065 1134 1106 insistens
1171 1065 1243 1105 viri
1279 1065 1598 1118 eloquentissimi
1634 1066 1704 1118 qui
1737 1074 1939 1107 oratorum
1978 1066 2201 1106 Atticorum

175 1129 412 1170 memoriam
444 1129 548 1171 inter
575 1143 649 1171 nos
675 1129 840 1171 feliciter
867 1128 1110 1178 instauravit,
1143 1128 1257 1169 cuius
1287 1128 1559 1180 eloquentiam
1593 1142 1702 1169 nunc
1735 1129 1908 1169 maxime
1938 1128 2202 1169 desideratis¹.

175 1193 232 1233 At
267 1191 378 1234 enim
414 1200 526 1234 tanta
557 1201 618 1234 est
654 1201 784 1234 vestra
815 1192 1075 1245 indulgentia,
1111 1199 1222 1232 tanta
1254 1199 1294 1233 et
1326 1199 1409 1232 tam
1447 1192 1604 1232 diversa
1636 1192 1739 1233 inter
1768 1206 1811 1233 se
1848 1194 2021 1233 duorum
2058 1193 2203 1232 horum

175 1254 470 1308 philologorum
490 1256 640 1306 merita,
663 1257 733 1309 qui
758 1256 880 1298 hodie
899 1256 941 1296 in
967 1257 1151 1297 ordinem
1181 1256 1458 1308 magistrorum
1481 1255 1523 1296 in
1547 1256 1698 1296 artibus
1726 1263 1976 1307 cooptantur,
1999 1262 2043 1295 ut
2072 1268 2203 1307 neque

175 1317 304 1371 ipsam
324 1318 487 1360 dicendi
501 1319 707 1361 materiem
723 1319 927 1361 difficilem
946 1333 1045 1369 esse,
1068 1333 1200 1371 neque
1220 1333 1291 1360 vos
1312 1319 1411 1359 mihi
1430 1319 1611 1360 difficiles
1630 1321 1714 1359 fore
1733 1318 1907 1359 arbitrer.

286 1381 371 1423 Hic
395 1389 531 1423 autem
557 1382 615 1423 vir
641 1382 683 1422 in
706 1382 845 1423 litteris
875 1382 1089 1423 Hebraicis
1117 1381 1385 1431 doctissimus,
1407 1396 1455 1422 ex
1483 1382 1649 1435 antiqua
1674 1382 1894 1435 propagine
1917 1394 2051 1422 sacrae
2070 1380 2201 1433 gentis

176 1444 381 1497 oriundus,
416 1459 510 1487 cum
547 1446 771 1499 linguarum
809 1453 849 1486 et
886 1445 1167 1499 philosophiae
1205 1445 1347 1485 studiis
1384 1446 1560 1486 maximo
1591 1459 1684 1486 cum
1718 1447 1847 1486 fructu
1885 1459 1974 1486 sese
2011 1444 2200 1493 dedisset,

175 1509 458 1563 philosophiae
476 1511 620 1551 doctor
637 1510 691 1551 ab
710 1509 932 1550 Academia
948 1509 1110 1549 Ienensi
1129 1517 1169 1549 et
1188 1510 1389 1561 professor
1409 1508 1637 1549 Hebraicae
1656 1509 1815 1561 linguae
1834 1516 1874 1549 et
1893 1507 2140 1560 antiquitatis
2159 1507 2201 1547 in

179 1572 388 1626 Hungaria
406 1581 561 1614 creatus
580 1581 649 1614 est.
701 1573 766 1613 Ibi
785 1580 922 1613 exorto
942 1572 1051 1613 bello
1071 1573 1147 1612 sub
1162 1572 1283 1624 signis
1297 1571 1479 1612 acerrimi
1494 1572 1686 1612 libertatis
1698 1572 1914 1619 assertoris,
1933 1571 2200 1612 Kossuthium

178 1635 284 1684 dico,
305 1636 458 1677 fortiter
475 1636 703 1689 proeliatus,
723 1644 815 1688 post
835 1636 964 1676 varios
983 1649 1100 1676 casus
1119 1636 1161 1675 in
1180 1635 1326 1688 Anglia
1345 1643 1491 1684 nostra,
1513 1634 1687 1687 primum
1712 1635 1815 1675 inter
1836 1639 1846 1657 ‘
1858 1636 2013 1674 fumum
2039 1641 2078 1674 et
2102 1647 2200 1686 opes

175 1697 514 1751 strepitumque*
532 1699 754 1749 Mancunii,
776 1713 856 1751 qua
880 1699 922 1739 in
947 1700 1046 1740 urbe
1072 1701 1214 1740 decem
1240 1713 1370 1739 annos
1393 1698 1742 1750 Archisynagogus
1768 1706 1862 1748 erat,
1884 1698 2033 1738 deinde
2059 1699 2100 1737 in
2124 1699 2200 1737 hac

174 1760 449 1814 tranquilliore
478 1763 688 1802 Musarum
717 1763 824 1812 sede,
855 1762 1047 1803 libertatis
1075 1763 1229 1814 asylum
1258 1764 1429 1814 adeptus
1457 1770 1528 1803 est,
1588 1762 1752 1801 Nomen
1780 1761 1852 1801 viri
1879 1760 2005 1801 nostis
2034 1773 2176 1801 omnes
2188 1775 2200 1810 ς

174 1824 298 1876 quod,
333 1837 579 1877 quamquam
613 1825 817 1866 nonnullis
850 1833 1031 1866 nostrum
1065 1838 1148 1877 quo
1181 1825 1436 1878 potissimum
1469 1837 1572 1865 sono
1602 1824 1843 1877 exprimatur
1875 1824 2092 1864 obscurum
2126 1832 2197 1873 est,

175 1887 327 1927 clarum
346 1894 480 1928 tamen
502 1894 542 1928 et
561 1887 711 1928 illustre
729 1887 882 1940 aliquid
901 1887 1125 1940 significare
1143 1888 1394 1940 accepimus3
1422 1890 1616 1929 laetamur
1642 1889 1782 1928 saltem
1809 1889 1918 1927 hunc
1943 1901 2027 1928 non
2051 1887 2131 1927 iam
2159 1887 2199 1926 in

174 1949 274 1991 urbe
292 1963 437 2003 magna
455 1958 641 1992 coactum
661 1965 750 1992 esse
771 1956 780 1972 ‘
793 1965 816 1992 e
836 1952 948 1991 fumo
968 1952 1064 1991 dare
1083 1953 1216 1992 lucem
1229 1952 1268 2001 '³,
1290 1953 1362 1992 sed
1381 1952 1423 1991 in
1443 1953 1519 1991 hac
1538 1951 1761 1992 Academia
1779 1951 1856 1991 illis
1876 1964 1963 1991 esse
1982 1952 2199 2003 ascriptum

173 2013 321 2067 quibus
343 2016 353 2035 ‘
366 2013 462 2054 hinc
479 2015 613 2055 lucem
626 2015 655 2037 ’⁴
673 2014 897 2055 diffundere
917 2021 977 2054 est
996 2015 1258 2067 propositum.

278 2077 468 2129 Namque
486 2077 636 2118 abhinc
654 2091 783 2119 annos
802 2079 944 2118 decem
964 2086 1199 2131 praeceptor
1214 2077 1531 2118 Rabbinicarum
1547 2086 1587 2119 et
1602 2077 1930 2118 Talmudicarum
1943 2076 2159 2117 litterarum
2175 2090 2199 2117 a

172 2138 286 2180 vobis
305 2139 360 2180 ita
379 2140 620 2181 constitutus
639 2149 710 2191 est,
733 2149 787 2191 ut,
810 2155 976 2182 munere
996 2155 1069 2182 suo
1089 2149 1149 2182 ter
1167 2142 1209 2181 in
1229 2149 1363 2182 ternos
1382 2155 1512 2181 annos
1532 2149 1759 2193 prorogato,
1778 2140 1927 2180 deinde
1953 2153 2080 2192 nuper
2105 2154 2198 2180 curn

171 2215 279 2243 novo
298 2203 456 2244 lectoris
475 2204 592 2244 titulo
611 2203 653 2244 in
673 2205 814 2245 decem
835 2218 964 2245 annos
984 2206 1120 2245 denuo
1139 2205 1394 2257 amplificato,
1417 2205 1625 2245 doctrinae
1644 2218 1740 2245 suae
1760 2206 1890 2244 fontes
1911 2217 1993 2244 non
2017 2204 2096 2244 iarn
2122 2204 2198 2243 sibi

171 2279 348 2319 suaeque
376 2267 486 2320 genti
519 2276 744 2317 reservaret,
781 2269 853 2309 sed
890 2276 1048 2309 nostros
1083 2268 1204 2309 etiam
1242 2268 1468 2321 quaesitum
1506 2268 1559 2308 ad
1596 2268 1750 2307 fontem
1788 2268 2017 2316 deduceret,
2052 2266 2197 2306 nostris

170 2334 408 2370 monstraret
435 2329 570 2370 viam‘.
629 2331 834 2371 Praeclare
860 2339 996 2371 autem
1026 2331 1206 2372 Ennius:

665 2397 810 2436 ‘homo
839 2397 908 2449 qui
936 2398 1081 2438 erranti
1109 2398 1278 2439 comiter
1305 2405 1501 2438 monstrat
1528 2397 1646 2446 viam,

687 2451 801 2502 quasi
829 2452 967 2492 lumen
995 2454 1047 2492 de
1076 2466 1150 2493 suo
1178 2452 1330 2493 lumine
1358 2453 1554 2493 accendat
1582 2451 1687 2491 facit.

686 2504 812 2545 nihilo
841 2506 974 2546 minus
1002 2506 1079 2559 ipsi
1107 2509 1225 2556 lucet,
1256 2521 1349 2547 cum
1378 2507 1435 2547 illi
1463 2506 1692 2547 accenderit
1707 2506 1745 2544 '⁸.

280 2567 556 2610 Bibliothecae
576 2570 696 2611 etiam
716 2579 880 2622 vestrae,
902 2586 1023 2625 quam
1047 2573 1128 2613 iarn
1146 2581 1266 2614 antea
1285 2575 1614 2626 frequentaverat,
1636 2574 1726 2625 plus
1752 2586 1873 2624 quam
1899 2573 2041 2613 decem
2067 2586 2196 2613 annos

170 2644 318 2685 magno
336 2632 410 2673 fuit
421 2633 668 2684 adiumento,
683 2642 805 2687 atque
817 2635 993 2676 indicem
1006 2636 1195 2677 codicum
1210 2644 1438 2678 nostrorum
1453 2636 1636 2676 omnium
1653 2635 1948 2676 Hebraicorum
1964 2635 2196 2675 iubentibus

171 2695 347 2748 syndicis
374 2697 514 2738 vestris
543 2698 622 2738 iam
651 2698 721 2739 diu
750 2698 792 2738 in
821 2712 864 2739 se
892 2699 1042 2752 recepit
1070 2700 1382 2747 conficiendum,
1414 2700 1527 2740 cuius
1556 2699 1683 2751 prima
1712 2712 1802 2751 pars
1833 2712 1960 2751 nuper
1990 2698 2032 2738 in
2062 2700 2194 2739 lucem

171 2759 318 2801 emissa
336 2768 407 2810 est,
429 2774 532 2814 opus
551 2762 698 2802 laboris
718 2769 758 2802 et
777 2762 1014 2803 eruditionis
1033 2764 1210 2815 plenum,
1232 2763 1273 2803 in
1294 2777 1376 2815 quo
1396 2763 1526 2815 (quod
1545 2763 1586 2802 in
1606 2762 1752 2802 talibus
1771 2761 1880 2802 libris
1901 2775 1982 2813 quo
2002 2762 2125 2802 rarius
2145 2775 2194 2802 eo

170 2824 296 2875 magis
314 2824 581 2876 laudandum)
601 2824 738 2865 omnia
757 2825 975 2866 litterarum
996 2834 1260 2866 monumenta
1286 2839 1389 2878 quae
1415 2826 1456 2866 in
1481 2839 1562 2866 uno
1588 2837 1751 2876 quoque
1776 2824 1980 2864 volumine
2006 2832 2196 2876 congesta

169 2893 273 2935 sunt,
294 2895 478 2928 accurate
497 2901 581 2928 non
602 2890 726 2929 modo
745 2897 1002 2930 recensentur
1021 2897 1061 2930 et
1080 2889 1390 2943 distinguuntur,
1407 2890 1479 2930 sed
1500 2888 1620 2929 etiam
1641 2900 1759 2938 saepe
1779 2887 2056 2927 exscribuntur
2074 2896 2195 2940 atque

171 2947 426 2990 illustrantur.
486 2951 640 3002 Itaque,
682 2951 758 2991 nisi
795 2953 978 3001 fallimur,
1014 2955 1126 3006 quod
1162 2955 1215 2994 ad
1253 2953 1415 2994 codices
1454 2959 1611 2993 nostros
1652 2950 1877 2991 Hebraicos
1914 2950 2067 3001 attinet,
2103 2958 2195 3002 post

169 3012 356 3054 messoris
383 3013 502 3054 huius
530 3022 695 3067 segetes,
726 3015 792 3056 vix
820 3017 1069 3070 spicilegium
1097 3017 1239 3058 ceteris
1267 3017 1521 3069 relinquetur.

167 3142 184 3166 ⁴
254 3099 267 3121 ¹
292 3101 334 3134 R.
352 3101 391 3135 C.
408 3102 508 3154 Jebb,
526 3103 643 3154 Public
659 3104 794 3145 Orator,
815 3105 976 3150 1869-76.
1146 3105 1160 3126 ²
1185 3107 1331 3144 Horace,
1352 3107 1466 3140 Carm.
1483 3105 1519 3139 iii
1536 3115 1589 3148 ²9·
1610 3115 1657 3138 η.
1831 3103 1845 3125 ⁸
1867 3106 1938 3137 Ars
1954 3105 2095 3144 Pob‘tica,
2120 3115 2191 3147 ¹43·

205 3144 285 3179 Part
299 3145 339 3178 of
351 3146 408 3180 the
426 3147 621 3191 Univers1ty
636 3154 755 3182 motto.
931 3150 945 3171 ⁵
965 3151 1120 3195 Juvenal,
1140 3152 1196 3184 xiv
1215 3161 1332 3193 103-4.
1501 3149 1516 3171 ⁸
1538 3149 1668 3187 Cicero,
1685 3149 1739 3182 De
1756 3149 1891 3194 Officiis,
1907 3149 1919 3182 i
1937 3159 1989 3192 51·

278 3228 363 3258 s.s.
1169 3237 1185 3263 1
2065 3234 2082 3263 1
