2704 3770
431 311 492 377 s.
530 311 602 360 A.
655 309 899 360 Voelcker.
972 310 1213 358 Frederz'c
1261 310 1452 358 Wallz's.
1533 310 1743 359 Charles
1784 310 1838 359 0.
1879 312 1941 359 L.
1983 311 2146 375 Rz’ley.

392 454 508 509 (236)
541 456 706 498 Claudit
739 456 881 497 seriem
914 455 1036 508 patris
1065 455 1108 496 in
1141 455 1308 496 scientia
1334 454 1517 495 chemica
1549 454 1730 495 illustris1
1761 455 1864 495 filius
1898 455 1939 495 in
1973 457 2115 496 eadem
2148 456 2314 497 scientia

283 518 460 572 insignis,
481 518 552 571 qui
576 518 680 560 inter
705 521 930 560 Germanos
955 518 1239 571 Philosophiae
1261 521 1415 559 Doctor
1438 519 1564 558 multa
1583 532 1676 559 cum
1695 519 1816 559 laude
1836 518 2095 567 nominatus2,
2117 521 2237 559 etiam
2261 521 2313 560 de

281 581 365 635 agri
389 582 544 623 cultura
571 581 674 623 inter
703 583 830 623 Indos
855 581 1018 634 publice
1046 581 1226 622 rettulit³.
1286 582 1415 628 Idem,
1442 595 1513 633 per
1540 594 1670 621 annos
1699 594 1845 621 novem
1875 580 2063 621 Societati
2091 589 2243 622 vestrae
2271 581 2312 621 in

283 658 326 686 re
355 644 537 686 chemica
569 644 738 686 consilio
771 646 920 695 dando,
951 644 1072 698 patris
1100 658 1371 686 successorem
1398 658 1487 685 sese
1514 644 1681 697 dignum
1710 644 1913 696 praestitit.
1974 646 2098 696 Quod
2126 645 2314 685 omnibus

283 714 452 760 gratum,
474 706 626 749 nemini
645 715 782 749 tamen
801 707 946 748 mirum
966 707 1040 758 sit;
1068 707 1219 748 etenim
1238 707 1389 760 experti
1408 706 1534 747 nostis
1556 706 1827 747 Horatianum
1846 707 1946 748 illud
1961 722 2026 747 :—

834 785 978 824 ‘fortes
1007 791 1192 824 creantur
1219 783 1387 824 fortibus
1416 790 1456 823 et
1484 782 1629 831 bonis3

856 845 917 900 est
945 838 1204 916 inuiuvencis,
1235 846 1295 879 est
1322 838 1364 878 in
1393 837 1507 890 equis
1535 844 1693 890 patrum

856 900 978 933 virtus
1020 922 1029 931 .

395 970 515 1010 Duco
533 970 587 1010 ad
606 982 677 1010 vos
698 970 903 1009 IOANNEM
924 971 1171 1010 AUGUSTUM
1190 970 1458 1009 VoELcKER⁵.

1114 1203 1143 1249 8
1180 1201 1313 1250 Nov.
1361 1202 1486 1261 1894

394 1327 511 1382 (237)
544 1329 679 1369 ORBIS
711 1334 901 1368 terrarum
936 1329 976 1367 in
1010 1328 1154 1367 eadem
1188 1326 1360 1379 regione,
1392 1326 1495 1367 inter
1527 1326 1676 1367 insulas
1707 1328 1922 1375 Australes,
1954 1328 2058 1367 duae
2086 1325 2315 1378 provinciae

285 1389 534 1443 episcopales
559 1403 684 1442 prope
713 1391 858 1430 eodem
887 1396 1067 1442 tempore
1096 1396 1189 1429 sunt
1217 1389 1469 1438 constitutae,
1497 1396 1664 1441 utraque
1692 1389 2012 1442 presbyterorum
2041 1403 2209 1429 numero
2236 1390 2316 1429 fere

287 1454 433 1495 eodem
470 1453 673 1503 instructa,
708 1460 876 1504 utraque
913 1452 1092 1505 episcopi
1129 1452 1328 1504 praesidio
1361 1460 1542 1504 tempore
1574 1454 1720 1494 eodem
1754 1453 1915 1505 privata,
1948 1459 2115 1504 utraque
2146 1452 2316 1505 Collegii

286 1516 468 1559 eiusdem
486 1519 652 1558 alumno
672 1516 881 1558 destinata.
941 1516 1079 1557 Nostis
1100 1516 1326 1568 Collegium
1345 1515 1445 1556 illud
1464 1516 1652 1566 vicinum,
1675 1517 1786 1568 quod
1810 1516 1912 1557 inter
1930 1515 2061 1556 socios
2082 1529 2176 1556 suos
2195 1515 2316 1555 fuisse

285 1580 475 1633 gloriatur
510 1580 669 1621 Africae
706 1579 902 1620 interioris
939 1579 1185 1632 episcopum,
1227 1580 1417 1621 Carolum
1466 1579 1722 1620 Fredericum
1771 1579 2018 1629 Mackenzie,
2057 1578 2127 1630 qui
2174 1579 2316 1618 Novae

286 1643 526 1686 Zealandiae
550 1644 604 1685 ab
629 1643 820 1696 episcopo
846 1643 991 1695 insigni
1020 1643 1116 1683 olim
1145 1643 1367 1692 excitatus⁶,
1389 1642 1497 1684 orbis
1525 1651 1716 1684 terrarum
1745 1644 1918 1696 spatium
1946 1643 2087 1695 ingens
2115 1655 2314 1690 emensus,

286 1711 395 1747 trans
418 1707 542 1748 maria
564 1719 709 1759 magna
732 1706 881 1747 Christi
906 1707 1058 1758 legatus
1084 1706 1255 1747 libenter
1277 1706 1380 1747 exiit.
1440 1706 1581 1747 Hodie
1605 1720 1700 1747 vero
1723 1706 1892 1759 Collegii
1918 1706 2099 1747 eiusdem
2119 1704 2241 1753 socio,
2262 1705 2316 1744 ad

287 1768 448 1809 Novam
466 1768 724 1810 Zealandiam
743 1768 871 1820 ipsam
891 1768 1170 1820 proficiscenti,
1186 1768 1457 1816 valedicimus,
1479 1768 1563 1809 viro
1582 1776 1622 1809 et
1642 1768 1780 1809 litteris
1799 1767 2102 1809 humanioribus
2115 1774 2155 1808 et
2175 1766 2317 1808 studiis

286 1830 522 1883 theologicis
537 1830 728 1879 exculto⁷,
744 1830 814 1883 qui
829 1843 913 1871 non
928 1831 1052 1870 modo
1067 1830 1109 1870 in
1129 1830 1312 1883 Collegio
1331 1844 1405 1871 suo
1420 1830 1579 1871 lectoris
1598 1838 1639 1871 et
1653 1830 1796 1871 decani
1816 1831 1887 1871 sed
1902 1830 2022 1871 etiam
2038 1829 2080 1869 in
2094 1828 2316 1870 Academia

285 1894 551 1946 procuratoris
570 1894 703 1936 officio
723 1893 893 1935 fideliter
911 1894 1072 1934 functus
1092 1901 1162 1935 est.
1223 1895 1341 1935 Idem
1361 1893 1402 1934 in
1421 1894 1625 1935 laboribus
1645 1894 1765 1935 sacris
1785 1895 1888 1935 inter
1906 1895 2114 1935 castellum
2134 1901 2315 1934 nostrum

285 1957 517 2012 flumenque
538 1961 713 2001 toleratis
736 1966 919 2011 expertus
943 1958 1039 1998 olim
1062 1958 1260 2011 valdeque
1281 1959 1557 2011 approbatusss,
1580 1972 1674 1999 mox
1699 1959 1741 1998 in
1764 1957 2010 2011 provinciam
2030 1971 2143 1998 suam
2164 1956 2317 2009 longin-

284 2033 407 2074 quam
426 2022 609 2064 omnium
629 2024 828 2064 bonorum
849 2022 1046 2075 precibus,
1068 2021 1251 2062 omnium
1271 2021 1493 2062 amicorum
1513 2021 1627 2071 votis,
1649 2021 1863 2063 comitatus
1883 2020 2164 2073 proficiscetur.

396 2086 516 2127 Duco
534 2087 588 2128 ad
606 2100 677 2128 vos
698 2088 987 2126 FREDERICUM
1008 2087 1189 2135 WALL15‚
1211 2084 1460 2138 Episcopum
1481 2084 1865 2138 Wellingtonensem
1885 2083 2149 2136 designatum.

396 2231 511 2285 (238)
543 2232 683 2274 Hodie
713 2233 834 2274 etiam
867 2233 979 2273 alteri
1008 2231 1178 2284 Collegii
1203 2231 1385 2273 eiusdem
1413 2233 1579 2273 alumno
1606 2233 1660 2272 ad
1688 2231 1911 2272 Australiae
1939 2230 2186 2284 provinciam
2215 2229 2318 2271 occi-

285 2294 490 2335 dentalem
528 2295 797 2347 proficiscenti
834 2294 1105 2336 valedicimus.
1179 2294 1286 2335 Olim
1321 2294 1438 2336 Carni
1476 2294 1600 2335 nostri
1633 2295 1674 2335 in
1708 2294 1992 2335 certaminibus
2025 2293 2195 2334 nauticis
2233 2307 2316 2334 non

286 2355 458 2409 ignotus,
479 2364 620 2408 postea
646 2357 749 2398 inter
775 2357 1098 2398 Lancastrienses
1121 2356 1297 2397 hominis
1317 2357 1473 2409 egregie
1499 2357 1663 2407 cordati,
1684 2357 1725 2396 in
1749 2357 1952 2397 laboribus
1975 2356 2095 2397 sacris
2116 2355 2315 2404 indefessi,

285 2419 448 2460 laudem
471 2419 614 2460 merito
642 2421 842 2472 adeptus⁹‚
865 2420 985 2460 etiarn
1015 2419 1142 2460 otium
1171 2433 1288 2460 suum
1318 2420 1464 2460 civium
1492 2434 1655 2461 suorum
1680 2428 1787 2461 trans
1816 2434 2013 2461 oceanum
2044 2419 2316 2472 navigantium

287 2483 514 2524 commodis
534 2483 755 2524 identidem
781 2484 951 2524 libenter
973 2483 1233 2524 consecravit.
1290 2485 1510 2534 Quondam
1530 2483 1775 2524 voluntarios
1795 2484 1898 2524 inter
1916 2484 2061 2524 milites
2082 2484 2314 2536 praefectus,

286 2558 396 2586 nunc
416 2552 524 2586 trans
542 2559 740 2586 oceanum
761 2559 866 2586 nova
885 2553 1013 2586 castra
1032 2553 1195 2598 quaeret
1211 2560 1222 2595 ς
1250 2545 1342 2595 illic,
1364 2546 1557 2587 ecclesiae
1583 2546 1788 2587 militantis
1811 2546 1913 2587 inter
1935 2547 2060 2586 duces
2079 2545 2314 2597 adscriptus,

287 2607 487 2660 stipendia
519 2607 622 2648 inter
659 2616 818 2649 nosmet
851 2608 959 2660 ipsos
989 2609 1086 2648 olim
1117 2609 1284 2649 tolerata
1315 2608 1452 2649 animo
1490 2616 1601 2661 grato
1635 2609 1907 2650 recordabitur
1921 2624 1932 2658 ;
1969 2622 2102 2660 neque
2140 2607 2316 2648 fluminis

287 2669 416 2722 Cycni
444 2669 486 2710 in
510 2670 686 2722 margine
710 2670 828 2712 Cami
851 2670 912 2711 sui
938 2670 1042 2722 ripas
1065 2684 1258 2723 umquam
1285 2671 1551 2712 obliviscetur.
1611 2673 1794 2712 Fortasse
1817 2685 2125 2723 nonnumquam
2145 2670 2317 2723 requiret

285 2745 378 2773 cara
396 2732 458 2773 sui
480 2732 664 2774 ‘saliceta
683 2733 755 2773 rivi
767 2734 821 2771 '¹0.

398 2797 517 2837 Duco
536 2798 589 2838 ad
608 2811 679 2838 vos
699 2798 914 2839 CAROLUM
936 2797 1072 2839 OWEN
1094 2799 1271 2838 LEAVER
1291 2799 1440 2846 Ram,
1460 2796 1685 2838 Australiae
1704 2796 1965 2839 occidentalis
1986 2796 2245 2849 Episcopum.

374 2900 387 2922 ²
410 2903 582 2947 Augustus
597 2903 775 2942 Voelcker,
794 2903 919 2942 Ph.D.‚
936 2903 1062 2937 F.R.S.
1167 2903 1181 2923 ²
1202 2904 1354 2937 Giessen.
1464 2902 1478 2923 ³
1504 2904 1598 2947 1889,
1616 2905 1739 2946 Rcssort
1752 2904 1930 2947 published
1953 2906 2047 2948 1893.
2156 2902 2171 2924 ⁴
2196 2904 2310 2937 Carm.

287 2946 321 2978 iv
337 2959 369 2988 4,
387 2957 440 2990 29.
531 2946 545 2966 ⁶
567 2947 642 2980 The
657 2953 727 2981 text
743 2947 782 2980 of
793 2948 849 2981 the
866 2948 1017 2981 Address
1032 2948 1071 2981 of
1083 2948 1259 2981 Welcome
1274 2948 1341 2980 and
1358 2947 1397 2980 of
1408 2947 1465 2980 the
1482 2948 1650 2990 Speeches
1666 2948 1700 2980 in
1719 2947 1850 2981 honour
1866 2949 1904 2981 of
1916 2949 1972 2981 the
1988 2948 2264 2991 representatives
2280 2947 2319 2980 of

211 3019 218 3026 ,
287 2990 345 3023 the
359 2990 468 3032 Royal
482 2991 709 3034 Agricultural
726 2992 862 3034 Society
877 3003 946 3025 was
961 2992 1141 3035 published
1158 2991 1253 3032 (with
1269 3003 1289 3025 a
1304 2990 1514 3031 translation)
1531 2991 1566 3024 in
1582 2992 1601 3024 8
1641 3002 1719 3034 ages
1735 2991 1774 3024 of
1785 2992 1842 3025 the
1879 2994 2013 3030 ournal,
2032 2993 2103 3026 Ser.
2123 3001 2180 3032 111,
2197 2992 2265 3025 vol.
2279 3003 2311 3031 v,

287 3033 555 3110 palzgs3·(1894).·
675 3079 682 3086 ⁶
711 3033 725 3055 ⁶
752 3037 853 3078 18543
876 3047 931 3079 cp.
948 3037 1075 3100 no.880,
1094 3041 1174 3069 note
1189 3035 1222 3069 6.
1391 3035 1409 3092 ,⁷
1432 3036 1550 3073 Carus,
1569 3035 1613 3068 Sc
1639 3035 1830 3100 olefielduan
1871 3037 1985 3069 Evans
2002 3037 2122 3076 Prizes‚
2141 3036 2209 3069 and
2225 3035 2314 3069 First

287 3078 317 3141 ξιξ
337 3122 370 3155 A
398 3078 1673 3174 111Πξίζαειεῗὲῐῖὲέἓῗοῗεῗξ’7ε6)ἑεῃᾱεήῃςςὲἱαῗηοῑῇῗὲἕοιὲέηῗζῗέῗίςῖξῗοῖῥ.
1701 3133 1744 3167 49
1774 3080 2312 3167 Oqut'ssanI-zffsmzegs?ngdl³rpgzo⁷r;z

289 3165 481 3207 Forcellmr,
499 3166 666 3207 however,
682 3177 745 3200 s.v.
761 3167 942 3206 salicetum,
958 3167 1051 3211 gives
1066 3179 1111 3201 no
1126 3167 1336 3210 satisfactory
1350 3167 1521 3210 authority
1537 3167 1587 3200 for
1602 3167 1669 3200 this
1684 3167 1770 3200 form
1786 3167 1824 3202 of
1834 3169 2002 3202 salictum.

1263 3241 1336 3280 117
