2704 3770
351 333 402 383 S.
441 332 505 382 P.
543 331 826 381 Matheson.
898 329 969 380 A.
1008 329 1067 379 F.
1119 328 1697 394 Wz‘nnington-Ingram.
1760 330 1819 396 J.
1871 331 2221 381 Wordswortlz.

378 479 493 533 (491)
523 481 653 520 Trans
683 492 881 520 oceanum
914 478 1163 518 Atlanticum
1197 475 1393 527 Principis
1423 475 1592 528 Ruperti
1625 490 1650 516 a
1679 476 1884 527 provincia
1913 476 2109 518 immensa
2138 479 2191 518 ad
2219 491 2294 519 nos

268 541 461 582 advectus
497 549 558 582 est
595 541 654 582 vir
689 541 742 581 ab
778 542 944 581 alumno
982 547 1131 588 nostro,
1172 539 1355 579 Roberto
1399 539 1603 590 Machray,
1643 537 1778 578 Sancti
1822 538 1986 578 Ioannis
2028 539 2070 578 in
2113 540 2294 592 Collegio

271 605 546 646 Manitobensi
574 606 671 647 olim
700 606 905 654 educatus,
934 612 974 645 et
1002 610 1143 656 postea
1170 601 1350 655 episcopi
1378 609 1461 642 tam
1489 601 1726 643 venerabilis
1755 601 1928 653 primum
1957 601 2127 650 adiutor,
2147 604 2296 643 deinde

268 679 476 708 successor
493 668 744 708 constitutus.
803 669 944 720 Nuper
963 666 1193 719 regionibus
1207 664 1502 717 episcopalibus
1522 677 1669 704 novem
1689 671 1749 704 est
1764 663 2013 715 praepositus
2032 664 2091 704 vir
2107 665 2297 716 acceptis-

269 728 405 779 simus,
427 743 549 782 quem
573 744 623 771 eo
649 731 798 771 maiore
825 744 918 771 cum
949 729 1097 782 gaudio
1120 731 1339 769 salutamus
1365 728 1478 779 quod
1501 740 1595 767 cum
1619 727 1784 767 alumno
1811 734 1959 775 nostro,
1982 726 2088 767 sedis
2114 726 2295 767 eiusdem

268 805 340 844 per
357 806 487 834 annos
505 793 768 845 quadraginta
787 792 990 845 episcopo,
1011 800 1094 832 tam
1114 791 1335 832 honorifice
1355 798 1415 830 est
1435 789 1698 830 consociatus.

380 856 500 896 Duco
531 857 586 896 ad
618 868 688 895 vos
721 855 849 895 virum
886 854 1273 903 reverendissimum,
1309 855 1486 894 SAMUEL
1520 854 1774 892 PRrranRD
1809 853 2067 901 MATHESON‚
2103 851 2297 903 Principis

270 918 441 971 Ruperti
468 917 511 958 in
538 918 743 971 provincia
770 918 1128 970 archiepiscopum.

378 1030 495 1085 (492)
541 1033 687 1084 Neque
724 1031 949 1083 respublica
990 1031 1165 1071 maxima
1200 1030 1268 1070 illa
1305 1030 1578 1077 transmarina,
1617 1043 1750 1081 neque
1787 1027 2035 1068 coloniarum
2074 1035 2298 1068 nostrarum

269 1093 570 1135 Canadensium
593 1093 702 1146 regio
727 1093 935 1142 immensa,
958 1093 1150 1145 episcopo
1178 1092 1455 1140 Londiniensi,
1476 1092 1561 1132 viro
1585 1092 1736 1143 ubique
1754 1090 2046 1142 acceptissimo,
2067 1089 2204 1142 ignota
2226 1099 2297 1140 est,

268 1155 340 1208 qui
357 1168 517 1196 summa
535 1169 694 1196 morum
714 1155 916 1205 comitate,
939 1169 1097 1195 summa
1115 1155 1240 1195 animi
1260 1154 1498 1204 sinceritate,
1515 1153 1719 1194 auditores
1735 1166 1829 1193 suos
1845 1152 2129 1193 transmarinos
2145 1166 2297 1201 omnes,

267 1218 390 1261 etiam
420 1218 611 1261 Mercurii
639 1219 763 1272 ipsius
791 1220 833 1259 in
863 1219 999 1260 medio
1028 1220 1211 1271 templo¹‚
1241 1218 1386 1267 allexit,
1417 1217 1649 1264 commovit,
1678 1218 1731 1257 ad
1759 1216 1900 1256 altiora
1927 1216 2103 1268 denique
2132 1216 2298 1256 vocavit.

269 1282 471 1334 Quotiens
504 1282 583 1323 Dei
610 1282 653 1322 in
681 1284 835 1335 templo
863 1290 1002 1323 nostro
1030 1282 1174 1331 vicino,
1207 1281 1394 1334 quotiens
1423 1280 1651 1333 theologiae
1678 1279 1887 1332 pastoralis
1915 1280 1955 1319 in
1986 1281 2124 1321 schola
2152 1286 2298 1328 nostra,

269 1347 446 1388 eundem
475 1346 658 1387 omnium
686 1346 844 1387 animos
872 1346 1104 1399 eloquentia
1131 1360 1204 1386 sua
1229 1359 1340 1386 sacra
1366 1353 1597 1386 moventem
1623 1344 1873 1385 audivimus!
1931 1343 2142 1394 Quotiens,
2165 1343 2301 1384 Sancti

269 1408 384 1449 Pauli
402 1408 445 1449 in
463 1408 634 1450 ecclesia
652 1421 724 1448 sua
744 1409 1061 1461 metropolitana,
1084 1409 1179 1449 fidei
1199 1408 1450 1450 Christianae
1470 1407 1656 1448 vexillum
1672 1406 1823 1447 fortiter
1838 1406 1964 1447 tenuit
1978 1421 1990 1456 ;
2018 1405 2187 1458 pastoris
2204 1405 2300 1446 boni

269 1479 402 1525 partes
420 1472 591 1513 fideliter
609 1473 816 1514 sustinuit²
827 1489 840 1524 3
870 1473 1050 1526 Reginae
1077 1486 1246 1525 magnae
1270 1480 1451 1521 mortem,
1476 1471 1598 1523 Regis
1622 1471 1754 1523 magni
1782 1470 2127 1511 consecrationem
2152 1484 2225 1521 pro
2244 1469 2301 1510 rei

269 1536 464 1589 dignitate
492 1537 731 1588 celebravit;
759 1538 904 1579 diebus
932 1537 1109 1589 denique
1138 1536 1420 1588 supplicationi
1449 1543 1489 1576 et
1517 1535 1730 1587 gratiarum
1758 1534 1907 1574 actioni
1936 1533 2097 1586 publice
2125 1533 2297 1582 indictis,

269 1600 411 1652 populi
443 1599 566 1640 totius
597 1602 721 1641 corda
753 1602 806 1641 ad
837 1599 1024 1641 caelestia
1057 1599 1276 1640 convertit!

381 1663 501 1702 Duco
528 1663 582 1702 ad
609 1676 681 1702 vos
715 1662 927 1703 dominum
956 1663 1180 1703 admodum
1208 1661 1499 1710 honorabilem,
1530 1659 1742 1701 dominum
1771 1659 1994 1699 admodum
2023 1659 2299 1706 reverendum,

271 1726 527 1764 AR'mURuM
548 1725 690 1765 Fomv
712 1726 1212 1773 Wmnmcron-INGRAM,
1235 1723 1472 1776 episcopum
1493 1721 1823 1763 Londiniensem.

370 1846 487 1900 (493)
516 1845 764 1887 Londinium
780 1845 1000 1898 linquimus
1014 1860 1025 1895 ;
1045 1845 1143 1885 ruris
1156 1844 1299 1885 remoti
1311 1846 1364 1885 ad
1379 1844 1522 1885 urbem
1535 1843 1806 1896 episcopalem
1822 1842 2014 1894 deinceps
2026 1856 2296 1895 properamus,

269 1909 384 1951 cuius
406 1923 431 1950 a
456 1909 621 1950 nomine
647 1910 854 1961 quondam
884 1908 1193 1959 nuncupabatur
1217 1908 1275 1947 vir
1300 1907 1465 1959 quidam
1492 1906 1760 1954 doctissimus,
1788 1906 2001 1957 episcopus
2028 1904 2299 1954 Carnotensis,

271 1973 447 2014 Ioannes
489 1971 814 2014 Saresburiensis.
875 1973 1074 2011 Ioannem
1118 1971 1465 2011 Saresburiensem
1504 1972 1684 2018 alterum,
1726 1969 1961 2021 episcopum
2009 1969 2298 2017 doctissimum,

269 2037 393 2078 hodie
411 2036 598 2078 iubemus
618 2038 781 2085 salvere,
803 2035 874 2087 qui
898 2035 1087 2075 ordinum
1111 2048 1315 2075 sacrorum
1340 2034 1655 2086 Anglicanorum
1681 2032 1927 2073 validitatem
1951 2032 2132 2072 oratione
2159 2032 2302 2072 Latina

266 2100 475 2152 quondam
498 2098 766 2140 eruditissime
792 2097 1005 2146 defendit³,
1026 2097 1220 2137 ecclesiae
1244 2096 1498 2138 Christianae
1521 2095 1563 2135 in
1593 2094 1758 2134 historia
1784 2096 2029 2146 exploranda
2056 2094 2178 2134 Ennii
2204 2094 2301 2133 olim

266 2163 329 2204 sui
347 2163 578 2204 laudatione
598 2176 681 2203 non
702 2162 892 2214 indignus
907 2163 986 2202 :—‘
999 2162 1126 2201 multa
1146 2168 1289 2201 tenens
1308 2160 1475 2212 antiqua
1495 2159 1701 2211 sepulta'⁴.
1763 2158 1881 2198 Idem
1902 2158 2052 2198 abhinc
2067 2171 2196 2198 annos
2211 2159 2301 2209 plus

269 2239 392 2280 quam
421 2225 560 2278 viginti
588 2224 839 2266 Testamenti
869 2223 977 2264 Novi
1007 2225 1194 2263 Latinam
1224 2223 1444 2263 editionem
1477 2220 1839 2273 Hieronymianam
1870 2222 2072 2261 edendam
2102 2220 2300 2271 sumpsit⁵‚

268 2295 504 2341 partemque
523 2287 697 2339 priorem
716 2294 858 2339 postea
877 2285 1060 2326 felicibus
1083 2285 1272 2337 auspiciis
1295 2284 1499 2325 Victoriae
1524 2283 1704 2335 Reginae
1728 2283 1958 2331 dedicavit⁶,
1981 2296 2100 2335 opere
2124 2282 2165 2322 in
2189 2290 2302 2322 tanto

270 2350 508 2391 adornando
528 2349 649 2389 etiam
670 2348 842 2388 Bentleii
862 2356 902 2388 et
921 2348 1090 2388 aliorum
1111 2348 1408 2400 philologorum
1429 2346 1680 2386 nostrorum⁷
1699 2345 1904 2385 laboribus
1924 2345 2133 2397 diligenter
2152 2358 2259 2385 usus.

385 2413 502 2453 Duco
520 2413 574 2453 ad
593 2425 664 2452 vos
684 2411 895 2452 dominum
915 2413 1140 2452 admodum
1162 2411 1439 2460 reverendum,
1463 2411 1670 2449 IOANNEM
1694 2410 2024 2458 WORDSWORTH‚
2046 2410 2302 2448 alumnorum

270 2483 498 2517 nostrorum
518 2476 729 2516 illustrium
749 2483 789 2516 et
808 2475 934 2515 filium
954 2483 994 2515 et
1014 2474 1235 2526 nepotem⁸,
1253 2473 1423 2525 Collegii
1442 2473 1503 2513 sui
1523 2472 1625 2513 inter
1646 2472 1898 2513 Oxonienses
1918 2473 2125 2523 quondam
2146 2473 2300 2512 socium

271 2539 483 2593 insignem,
504 2539 741 2592 episcopum
764 2537 1121 2578 Saresburiensem.

381 2666 497 2721 (494)
518 2665 767 2707 Londinium
787 2665 942 2714 reversi,
964 2664 1092 2705 virum
1112 2663 1311 2716 insignem
1332 2664 1562 2712 salutamus,
1579 2661 1693 2702 cuius
1714 2662 1862 2702 tutelae
1881 2659 2101 2713 episcopali
2119 2659 2302 2700 coloniae

271 2744 407 2772 sacrae
430 2729 782 2782 Cantabrigienses
801 2737 909 2769 trans
929 2727 1135 2769 Tamesim
1154 2727 1309 2780 positae
1329 2739 1470 2767 omnes
1490 2725 1571 2766 iam
1598 2726 1755 2766 dudum
1774 2731 1867 2765 sunt
1886 2723 2065 2764 traditae.
2125 2724 2242 2763 Idem
2262 2729 2303 2762 et

272 2794 517 2835 Iudaeorum
555 2800 595 2833 et
631 2793 812 2845 gentium
854 2798 1075 2840 exterarum
1114 2790 1155 2830 in
1198 2789 1364 2830 historia
1405 2788 1750 2841 praeparationem
1788 2787 1994 2839 quandam
2031 2786 2302 2838 evangelicam

270 2859 471 2911 praeclare
503 2858 710 2910 quondam
740 2855 957 2908 exploravit
965 2856 988 2894 ⁹.
1049 2856 1195 2895 Postea
1228 2861 1268 2893 et
1301 2853 1478 2904 collegae
1511 2859 1551 2892 et
1582 2850 1796 2892 necessarii
1829 2849 1891 2890 sui
1922 2857 1962 2890 et
1992 2849 2145 2889 alumni
2178 2848 2303 2889 nostri

271 2920 448 2974 insignis,
472 2920 633 2961 Arthuri
657 2921 871 2972 Lyttelton,
893 2919 1016 2959 vitam
1043 2926 1083 2959 et
1109 2917 1255 2970 scripta
1278 2916 1489 2969 diligenter
1511 2915 1649 2956 edidit.
1709 2913 1910 2965 Quotiens
1933 2912 2037 2953 viros
2063 2912 2104 2952 in
2133 2911 2303 2964 negotiis

360 3048 374 3070 ¹
397 3049 490 3082 wall
507 3049 628 3089 Street‚
648 3049 734 3082 New
751 3048 859 3086 York‚
880 3057 917 3091 15
935 3047 1013 3082 Oct.
1034 3055 1116 3091 1907
1135 3045 1338 3085 (Guardzffan
1357 3055 1398 3086 23
1415 3042 1519 3086 Oct.).
1707 3041 1722 3062 ²
1750 3042 1784 3074 T
1778 3042 1818 3074 lte
1833 3042 1992 3074 Banners
2006 3040 2048 3083 of
2053 3040 2108 3072 the
2126 3039 2304 3072 Christian

272 3093 387 3131 Fam,
402 3093 471 3126 and
490 3093 579 3126 Good
591 3093 786 3136 Shepherde,
810 3094 912 3156 1899.
1063 3091 1197 3154 ³1894.
1352 3087 1478 3152 4,ξοίιῐι
1495 3042 1742 3119 Wordsworth’
1743 3097 1759 3119 s
1774 3086 1974 3128 Fragments
1987 3084 2060 3116 and
2072 3084 2259 3126 Specimem
2273 3081 2315 3124 qs

272 3138 386 3179 Early
399 3137 518 3175 Latin,
538 3138 633 3180 1874,
649 3148 682 3181 p.
703 3147 779 3180 304.
899 3135 1034 3177 ⁶-1887
1122 3132 1255 3175 θ1898.
1429 3132 1596 3164 Westeott
1612 3131 1679 3163 and
1698 3130 1799 3162 Hort.
1931 3127 1946 3148 Β
1969 3129 2039 3162 Son
2055 3128 2094 3161 os
2104 3127 2162 3160 the
2178 3126 2306 3169 Bishop

272 3181 312 3214 of
323 3181 479 3220 Lincoln,
496 3181 564 3214 and
578 3181 748 3224 grandson
763 3180 803 3213 of
813 3180 870 3213 the
886 3180 1015 3212 Master
1031 3179 1070 3212 of
1080 3178 1223 3221 Trinity.
1356 3175 1370 3197 ⁹
1394 3175 1521 3218 Essay
1513 3186 1548 3207 m
1564 3176 1646 3208 Lux
1660 3174 1802 3206 Mundi.

1261 3262 1334 3289 221
