2704 3770
561 334 783 382 H.R.H.
823 332 1006 380 Prz'nce
1041 331 1227 379 Albert
1271 330 1441 378 Victor
1472 330 1536 393 of
1571 330 1744 378 Wales.
1818 328 1967 377 Lord
1996 327 2268 391 Salisbusy.

521 483 638 521 Duco
665 482 718 520 ad
747 493 817 520 vos
845 479 971 520 virum
1000 485 1217 527 strenuum,
1248 491 1441 529 sagacem,
1471 476 1695 524 amabilem,
1727 477 1930 516 IOANNEM
1961 475 2156 514 Laconum
2187 474 2418 518 Purmmn,

413 543 645 596 episcopum
675 544 726 583 de
755 542 917 583 Penrith
945 542 1252 582 consecratum¹.

1240 706 1269 750 9
1295 690 1436 756 sune
1479 690 1602 737 1888

523 792 635 846 (128)
675 794 811 832 INTER
841 793 912 830 has
946 790 1150 831 doctrinae
1183 792 1308 839 sedes,
1346 792 1502 841 Regum
1535 788 1680 828 auxilio
1713 787 1930 839 antiquitus
1963 788 2161 835 fundatus,
2195 785 2423 838 Principum

413 859 587 898 adventu
634 854 755 895 hodie
801 854 1021 902 illustratas,
1062 861 1255 905 quantum
1303 853 1410 892 iuvat
1457 851 1650 902 Principis
1691 850 1814 890 nostri
1858 850 1993 898 filium,
2035 848 2228 900 Principis
2271 847 2425 887 Alberti

415 917 649 960 Cancellarii
678 916 800 956 nostri
829 923 1028 967 nepotem,
1060 914 1302 955 Academiae
1335 914 1456 954 totius
1485 913 1614 953 verbis
1643 914 1821 952 salutare.
1879 912 2103 951 Salutamus
2133 909 2357 961 Principem
2385 916 2426 950 et

414 994 487 1020 suo
507 987 545 1020 et
566 979 699 1019 matris
725 978 1011 1030 pulcherrimae
1038 986 1077 1018 et
1103 978 1281 1029 Reginae
1303 977 1603 1029 augustissimae
1626 976 1789 1016 nomine
1813 975 1929 1016 nobis
1955 974 2142 1015 omnibus
2166 973 2423 1014 carissimum.

416 1045 690 1084 Recordamur
733 1041 860 1093 prima
897 1041 1129 1092 disciplinae
1167 1040 1392 1081 rudimenta
1429 1039 1602 1079 fluminis
1643 1038 1906 1079 Devoniensis
1944 1037 1985 1077 in
2022 1038 2216 1077 aestuario
2253 1049 2425 1076 amoeno

414 1106 606 1145 tolerata².
666 1104 940 1143 Recordamur
982 1102 1120 1142 itinera
1166 1102 1231 1142 illa
1273 1103 1501 1153 longinqua,
1541 1101 1582 1140 in
1622 1100 1767 1152 quibus
1808 1101 1932 1151 (velut
1973 1098 2069 1139 olim
2107 1111 2199 1138 curn
2239 1099 2424 1138 Mentore

414 1168 696 1218 Telemachus)
730 1166 910 1218 regiones
943 1165 1225 1205 remotissimas
1262 1164 1405 1213 invisit,
1438 1163 1570 1203 invisit
1606 1171 1666 1203 tot
1703 1162 1880 1203 colonias
1918 1161 2034 1201 nobis
2068 1159 2423 1208 coniunctissimas,

414 1231 545 1271 invisit
571 1230 718 1269 insulas
747 1229 832 1268 illas
858 1228 1126 1268 occidentales
1150 1241 1252 1279 quae
1278 1226 1419 1267 oceani
1448 1227 1602 1273 fluctus,
1625 1232 1684 1265 tot
1709 1224 1959 1264 victoriarum
1983 1230 2205 1263 nostrarum
2228 1221 2422 1270 conscios,

413 1292 560 1344 gloriae
581 1291 831 1330 Britannicae
851 1291 957 1330 velut
977 1289 1147 1341 tropaeis
1167 1288 1444 1340 distinguunt³.
1487 1288 1761 1327 Recordamur
1780 1285 1885 1337 quali
1905 1284 2128 1324 urbanitate
2147 1283 2249 1324 inter
2268 1290 2426 1324 nosmet

414 1354 522 1405 ipsos
550 1366 675 1404 nuper
703 1358 878 1391 versatus
907 1352 956 1390 sit
970 1365 980 1399 ;
1014 1350 1120 1402 quali
1147 1363 1302 1390 morum
1330 1350 1526 1389 modestia
1553 1348 1638 1400 ipse
1660 1347 1865 1399 ‘princeps
1890 1346 2126 1386 iuventutis'
2150 1345 2344 1385 iuventuti
2369 1345 2425 1386 illi

415 1416 681 1457 Academicae
710 1416 909 1466 exemplar
937 1413 1138 1460 exstiterit,
1162 1413 1203 1452 in
1227 1426 1306 1464 qua
1332 1426 1421 1464 spes
1448 1412 1596 1463 patriae
1619 1410 1767 1462 positas
1793 1423 1879 1449 esse
1905 1408 2081 1449 dixerim.
2140 1409 2346 1458 Quantum
2374 1409 2426 1448 de

415 1479 502 1530 ipso
521 1478 563 1518 in
582 1485 785 1530 posterum
806 1490 961 1528 sperare
979 1475 1106 1524 liceat,
1128 1475 1230 1514 vitae
1250 1473 1481 1524 praeteritae
1501 1487 1548 1513 ex
1570 1473 1705 1512 omine
1728 1472 1975 1512 confidenter
1996 1483 2242 1521 auguramur.
2295 1469 2428 1521 ,Regia

415 1541 455 1580 in
490 1541 612 1580 domo
645 1546 704 1578 tot
738 1539 918 1589 exempla
950 1536 1025 1576 sibi
1058 1538 1110 1576 ad
1143 1536 1381 1576 imitandum
1412 1535 1615 1587 proposita
1648 1541 1818 1583 secutus,
1853 1534 2008 1572 nullum
2040 1531 2163 1571 alium
2196 1530 2271 1571 sibi
2304 1531 2426 1571 finem

415 1608 622 1654 proponet,
645 1614 765 1652 quarn
794 1599 942 1652 patriae
970 1599 1160 1651 prodesse
1189 1606 1227 1638 et
1256 1598 1410 1650 imperii
1439 1597 1559 1638 totius
1588 1596 1813 1637 commodis
1839 1597 2057 1636 consulere.
2116 1594 2292 1643 Interim,
2319 1596 2427 1634 velut

416 1664 537 1704 hodie
557 1661 791 1705 Cancellarii
811 1661 935 1701 nostri
954 1674 1078 1713 prope
1098 1662 1235 1700 sellam
1256 1662 1444 1708 curulem,
1462 1673 1544 1700 non
1563 1659 1674 1699 aliter
1693 1658 1847 1710 imperii
1868 1657 2085 1697 Britannici
2104 1664 2263 1709 propter
2282 1655 2426 1696 solium

415 1733 627 1778 augustum
646 1726 760 1765 adest
779 1724 977 1775 utrimque
998 1723 1185 1774 Princeps
1205 1723 1449 1774 optimus,—

821 1798 940 1836 ‘hinc
967 1804 1079 1848 pater
1106 1799 1276 1845 Aeneas,

849 1858 888 1891 et
916 1851 1023 1890 iuxta
1051 1851 1259 1899 Ascanius,
1291 1864 1457 1902 magnae
1487 1863 1576 1902 spes
1604 1851 1726 1890 altera
1756 1850 1961 1889 Romae’⁴.

529 1927 645 1965 Duco
665 1926 718 1964 ad
737 1937 807 1963 vos
827 1926 1064 1963 ALBERTUM
1085 1926 1312 1963 VICTOREM
1334 1925 1641 1963 CHRrsrlANUM
1663 1925 1909 1962 EDVARDUM
1930 1924 2131 1961 WALLIAE
2152 1924 2402 1961 PRmcmEM.

527 2031 640 2084 (129)
673 2031 860 2083 Adsurgit
882 2031 1084 2082 proximus
1107 2031 1351 2071 Academiae
1376 2029 1614 2071 Oxoniensis
1634 2028 1913 2078 Camellarius,
1935 2028 2003 2080 qui
2023 2027 2123 2068 inter
2142 2027 2310 2068 maiores
2335 2041 2428 2068 suos

419 2104 458 2136 et
491 2095 717 2134 Wilelmum
749 2102 787 2134 et
819 2094 1042 2133 Robertum
1077 2094 1283 2143 Cecilium,
1319 2093 1586 2134 Cancellarios
1614 2093 1702 2133 illos
1735 2100 1901 2141 nostros,
1937 2099 2128 2132 numerat.
2187 2091 2427 2133 Ceciliorum

419 2164 552 2196 autem
581 2157 688 2208 genti
717 2163 911 2207 quantum
940 2157 1084 2196 debeat
1119 2156 1332 2205 Britannia,
1364 2170 1446 2196 non
1474 2158 1598 2196 modo
1628 2156 1805 2207 Reginae
1836 2156 1987 2196 Elissae
2015 2162 2180 2196 testatur
2206 2162 2325 2203 aetas,
2356 2156 2427 2195 sed

419 2220 539 2261 etiam
569 2219 769 2259 Victoriae
799 2220 1000 2258 saeculum
1035 2219 1170 2258 denuo
1201 2219 1445 2270 comprobat.
1503 2220 1630 2259 Adest
1661 2218 1716 2258 vir
1750 2220 1801 2259 de
1835 2218 1952 2258 India
1983 2217 2296 2258 administranda
2324 2217 2428 2257 bene

421 2282 582 2322 meritus
597 2297 607 2330 ;
635 2283 748 2321 adest
766 2282 917 2332 legatus
938 2281 1002 2320 ille
1023 2281 1101 2332 qui,
1124 2295 1214 2321 cum
1235 2283 1386 2333 collega
1406 2283 1570 2333 magno⁵
1594 2281 1856 2330 consociatus,
1878 2295 2018 2333 pacem
2038 2281 2154 2321 nobis
2173 2288 2213 2321 et
2231 2282 2426 2320 honorem

420 2359 470 2385 ex
490 2345 674 2395 Europae
693 2343 867 2383 consiliis
886 2342 1108 2393 reportavit.
1166 2345 1293 2383 Adest
1312 2343 1481 2394 partium
1508 2343 1549 2383 in
1575 2343 1731 2383 civitate
1754 2350 1887 2383 nostra
1913 2356 2155 2394 magnarum,
2177 2342 2298 2382 hodie
2322 2349 2429 2382 certe

422 2407 691 2454 maximarum,
720 2407 800 2446 dux
828 2419 918 2445 acer
946 2405 1255 2458 intrepidusque,
1285 2407 1353 2458 qui
1381 2406 1535 2458 imperii
1564 2406 1687 2446 nostri
1715 2406 1946 2457 dignitatem
1977 2405 2122 2444 totiens
2149 2405 2252 2444 inter
2274 2411 2428 2445 exteros

421 2468 614 2516 defendit,
633 2466 782 2518 quique
807 2466 1023 2506 insularum
1049 2467 1363 2507 Britannicarum
1389 2476 1519 2519 partes
1542 2467 1583 2507 in
1603 2481 1728 2508 unum
1752 2467 1985 2507 coniunctas
2007 2466 2137 2507 dirimi
2163 2480 2245 2506 non
2271 2465 2427 2517 patitur.

421 2533 548 2571 Adest
571 2538 702 2571 orator
726 2530 900 2582 denique
922 2530 1087 2579 subtilis,
1109 2538 1259 2579 acutus,
1281 2531 1447 2583 lepidus,
1470 2532 1541 2571 sed
1567 2530 1686 2578 idem,
1708 2530 1740 2570 si
1766 2531 1928 2581 quando
1954 2543 2015 2569 res
2040 2529 2179 2581 poscit,
2200 2530 2427 2577 vehemens,

421 2593 634 2640 animosus,
656 2591 808 2644 gravis3
836 2593 948 2631 cuius
967 2605 1091 2643 genus
1112 2592 1273 2632 dicendi
1293 2606 1431 2644 parum
1452 2592 1728 2640 describerem,
1751 2591 1783 2631 si
1804 2591 1949 2631 Horati
1975 2590 2104 2631 verbis
2129 2604 2224 2630 usus
2251 2589 2428 2630 ‘vincere

423 2654 643 2696 Caecilium
662 2654 849 2706 gravitate
862 2655 870 2672 '
883 2654 897 2675 ⁶
915 2653 1112 2694 dicerem:
1143 2654 1306 2694 dixerim
1331 2654 1463 2707 potius
1490 2654 1698 2701 Cecilium,
1718 2667 1800 2694 non
1819 2653 2007 2705 gravitate
2025 2660 2192 2700 tanturn,
2213 2653 2284 2692 sed
2309 2651 2430 2703 gravi-

423 2724 502 2756 tate
521 2730 613 2756 cum
633 2717 766 2767 lepore
786 2716 963 2766 quodam
981 2715 1204 2755 admirabili
1224 2716 1438 2756 commixta
1457 2716 1626 2756 vincere.

532 2781 650 2818 Duco
680 2779 732 2818 ad
762 2792 831 2818 vos
861 2779 987 2818 virum
1020 2779 1239 2818 admodum
1274 2778 1560 2826 honorabilem,
1594 2780 1834 2818 ROBERTUM
1866 2778 2091 2824 CECILIUM‚
2126 2778 2428 2815 MARcrnoNEM

423 2854 479 2881 DE
508 2843 752 2882 SALlstRv.

512 2928 524 2948 ¹
548 2928 794 2971 Subsequently
810 2928 935 2989 Bishop
951 2928 989 2959 of
1002 2928 1203 2960 Richmond.
1313 2926 1327 2947 ²
1351 2928 1406 2961 On
1421 2928 1526 2960 board
1542 2927 1599 2960 the
1613 2927 1804 2959 Britannia
1820 2931 1855 2958 at
1871 2925 2087 2958 Dartmouth.
2195 2923 2210 2945 ⁸
2233 2925 2307 2958 The
2321 2924 2427 2958 cruise

427 2972 465 3004 of
482 2972 539 3003 the
561 2972 757 3003 Bacchante.
950 2971 1068 3013 Virgil,
1086 2973 1171 3003 Aen.
1189 2971 1234 3003 xii
1254 2971 1325 3010 166,
1349 2971 1419 3004 168.
1469 2971 1600 3013 During
1615 2970 1671 3002 the
1686 2970 1834 3010 delivery
1849 2969 1887 3001 of
1906 2969 1971 3001 this
1987 2969 2120 3011 speech,
2141 2969 2290 3000 H.R.H.
2308 2968 2428 3000 Albert

425 3015 583 3051 Edward,
601 3015 717 3046 Prince
734 3015 772 3046 of
785 3015 899 3046 Wales
917 3013 1005 3056 (who
1022 3025 1088 3046 was
1103 3015 1341 3056 aecompanied
1359 3015 1404 3056 by
1418 3014 1475 3046 the
1492 3014 1641 3046 Princess
1657 3013 1695 3045 of
1707 3013 1847 3052 Wales),
1866 3023 1933 3044 was
1949 3012 2062 3044 seated
2079 3017 2114 3044 to
2130 3012 2187 3044 the
2209 3012 2298 3054 right
2313 3011 2352 3044 of
2369 3011 2427 3044 the

425 3058 635 3096 Chancellor,
655 3058 752 3089 while
769 3057 886 3089 Prince
902 3058 1021 3089 Albert
1036 3058 1153 3090 Victor
1169 3059 1264 3090 stood
1281 3069 1325 3090 on
1341 3058 1397 3090 the
1413 3057 1638 3090 Chaneellor's
1659 3056 1728 3089 left.
1946 3055 1960 3076 ⁵
1984 3055 2073 3087 Lord
2090 3054 2331 3094 Beaconsfield,
2350 3055 2428 3087 who

425 3100 627 3183 guiiitlgssgrd
635 3099 841 3187 ἒὲὲξεὶίῗτζέ,
851 3111 903 3189 50911
922 3100 961 3133 16
973 3101 1064 3143 July,
1087 3103 1179 3142 1878,
1199 3101 1342 3143 brought
1358 3101 1444 3134 back
1464 3102 1585 3143 ‘peace
1605 3099 1687 3133 with
1707 3099 1856 3132 honour'
1871 3098 1957 3131 from
1977 3099 2034 3131 the
2056 3098 2221 3141 Congress
2243 3098 2282 3131 of
2300 3098 2423 3132 Berlin.

1399 3212 1450 3249 66
