2704 3770
531 313 708 360 Baron
743 310 798 358 A
803 310 1003 376 lphonse
1040 310 1085 359 C
1083 309 1272 358 lzodron
1306 309 1364 358 de
1402 309 1448 358 C
1445 310 1622 358 ourcel.
1697 310 1842 358 Felix
1876 311 2048 359 Klein.

276 465 448 510 utroque
481 455 552 497 viri
585 455 627 496 in
660 455 832 508 publicis
865 456 984 496 rebus
1013 454 1155 496 versati
1184 454 1284 506 quid
1311 454 1564 506 potissimum
1595 454 1779 503 sentiant,
1811 456 2065 507 quaestiones
2093 457 2305 510 impeditas

275 520 386 574 genti
411 519 569 572 utrique
592 533 829 560 communes
852 533 934 572 quo
958 518 1212 571 potissimum
1236 519 1361 558 modo
1380 517 1567 570 expedire
1592 525 1799 567 conentur,
1821 517 1960 558 talium
1989 519 2160 559 virorum
2185 535 2306 573 opera

275 583 366 626 orbi
397 592 590 625 terrarum
617 585 874 636 patefactum.
934 584 1040 635 Ergo
1069 595 1153 622 non
1183 582 1307 639 modo
1336 582 1388 621 de
1415 588 1535 633 gente
1564 589 1732 633 utraque
1760 580 1913 632 optime
1941 589 2001 621 est
2030 582 2202 633 meritus,
2234 586 2306 624 sed

276 647 398 690 etiam
426 649 479 689 de
507 647 696 689 omnibus
724 647 832 688 orbis
860 654 1051 687 terrarum
1079 644 1270 697 partibus,
1291 643 1538 695 ubicumque
1566 656 1717 684 nomen
1747 642 2033 694 Britannicum,
2061 645 2307 697 ubicumque

276 713 501 764 Anglorum
532 710 678 763 lingua,
709 717 818 750 trans
848 708 1029 761 regiones
1062 707 1192 747 indies
1224 705 1383 746 latiores
1417 705 1500 746 sive
1529 719 1638 745 nunc
1669 705 1895 745 extenditur
1923 707 2004 746 sive
2034 706 2074 745 in
2103 714 2306 758 posterum

277 774 544 815 extendetur¹.
602 772 713 813 Felix
740 773 921 825 profecto
951 769 1261 823 quadriennium
1289 769 1389 809 illud
1419 768 1460 808 in
1490 776 1728 820 perpetuum
1757 768 2009 819 iudicabitur,
2037 771 2079 809 in
2109 783 2191 821 quo
2224 784 2307 811 non

277 837 404 878 modo
432 835 683 889 temporibus
711 834 844 875 dubiis
873 834 1116 887 reipublicae
1146 832 1342 873 maximae
1369 833 1523 884 legatus
1551 832 1823 884 pronuntiavit
1853 834 2003 874 bellum
2037 835 2140 874 inter
2172 835 2309 875 fratres

277 914 499 954 numquam
529 900 620 941 oriri
649 900 808 949 debere,
834 900 907 940 sed
936 898 1055 939 etiam
1086 898 1228 938 foedus
1257 895 1387 937 verbis
1416 903 1660 948 conceptum
1685 904 1756 945 est,
1782 910 1864 949 quo
1890 896 2069 949 gentium
2098 897 2306 937 ambarum

277 963 570 1017 disputationes
595 977 679 1004 non
699 964 807 1004 bello
830 962 1111 1004 dirimerentur
1130 961 1202 1001 sed
1221 961 1274 1000 ad
1296 959 1534 1000 arbitrorum
1555 959 1749 1000 iudicium
1769 961 2032 1000 referrentur2.
2093 959 2308 1001 Felicitatis

277 1033 414 1068 tantae
431 1025 678 1079 participem,
699 1024 811 1078 pacis
830 1024 936 1066 oliva
954 1023 1035 1064 iam
1054 1023 1211 1064 dudum
1230 1029 1479 1071 coronatum,
1497 1021 1618 1063 etiam
1638 1023 1773 1063 laurea
1792 1029 1929 1062 nostra
1947 1022 2120 1075 pacifera
2139 1022 2309 1063 libenter

277 1101 528 1130 coronamus.

388 1153 509 1193 Duco
527 1152 581 1193 ad
599 1165 671 1192 vos
691 1150 819 1191 virum
840 1149 1131 1199 honorabilem,
1153 1151 1351 1189 THOMAM
1374 1150 1656 1190 FRAnmscuM
1677 1151 1868 1190 BAYARD.

386 1288 502 1342 (258)
550 1289 758 1329 Gallorum
800 1301 824 1327 a
865 1294 985 1339 gente
1022 1286 1164 1336 vicina,
1204 1285 1349 1326 artium
1392 1293 1433 1326 et
1471 1285 1718 1335 urbanitatis,
1759 1284 1853 1325 iuris
1895 1293 1936 1326 et
1972 1286 2165 1327 libertatis
2212 1289 2309 1328 sede

277 1351 569 1400 florentissima,
601 1351 716 1391 adest
753 1351 906 1402 legatus
939 1348 1090 1401 patriae
1127 1348 1395 1397 fidelissimus,
1431 1349 1546 1388 adest
1578 1349 1730 1400 legatus
1761 1347 1963 1388 Britannis
1996 1350 2308 1402 acceptissimus.

279 1415 390 1457 Olim
409 1414 452 1456 in
470 1416 590 1456 rebus
613 1415 755 1456 exteris
778 1413 890 1455 domi
913 1420 1145 1465 occupatus,
1168 1414 1220 1453 de
1242 1411 1401 1452 iudiciis
1424 1412 1466 1451 in
1491 1413 1677 1463 Aegypto
1700 1411 1993 1452 constituendis
2020 1413 2124 1454 bene
2148 1414 2311 1455 meritus

279 1484 340 1519 est
352 1491 366 1528 3
392 1485 533 1530 postea
550 1491 622 1530 per
639 1475 965 1529 quinquennium
988 1476 1139 1527 patriae
1165 1476 1318 1527 legatus
1341 1474 1444 1514 inter
1467 1474 1748 1513 Berolinenses
1772 1482 2055 1524 commoratus,
2077 1474 2134 1515 ibi
2159 1475 2200 1515 in
2226 1475 2311 1517 iure

277 1539 458 1593 gentium
486 1547 709 1580 exterarum
737 1551 808 1591 per
835 1537 995 1578 Africae
1023 1545 1155 1589 partes
1184 1537 1411 1589 complures
1439 1534 1663 1576 accuratius
1689 1535 1924 1576 definiendo
1950 1538 2104 1589 egregie
2132 1546 2311 1580 versatus

278 1609 339 1644 αεὶ
351 1617 364 1653 3
390 1601 488 1643 inde
506 1602 674 1643 domum
694 1613 884 1650 reversus,
906 1601 1117 1651 Sequanae
1136 1600 1197 1640 sui
1216 1599 1269 1639 ab
1288 1598 1436 1639 accolis
1459 1599 1500 1637 in
1524 1599 1717 1638 Senatum
1741 1605 1801 1637 est
1824 1598 1985 1639 electus.
2045 1598 2218 1650 Deinde,
2239 1601 2310 1642 ubi

279 1665 453 1706 maxima
470 1672 579 1706 trans
598 1678 706 1705 mare
726 1664 975 1704 Atlanticum
994 1661 1220 1714 respublica
1238 1662 1291 1703 de
1310 1660 1467 1702 cetariis
1486 1659 1630 1701 oceani
1649 1659 1812 1700 Pacifici
1827 1661 1868 1700 in
1883 1668 1995 1713 parte
2009 1663 2310 1714 septentrionali

277 1728 590 1770 controversiam
614 1741 708 1768 cum
734 1725 936 1767 Britannis
961 1726 1014 1766 ad
1039 1725 1209 1766 arbitros
1234 1726 1449 1772 rettulerat,
1470 1731 1625 1776 septem
1650 1723 1889 1764 arbitrorum
1909 1724 2125 1777 insignium
2151 1740 2310 1778 praeses

278 1792 521 1841 nominatus,
542 1791 629 1832 sine
654 1791 737 1830 ullo
762 1790 935 1842 partium
961 1788 1107 1837 studio,
1129 1802 1288 1829 summa
1313 1788 1517 1840 dignitate,
1539 1801 1697 1828 summa
1720 1788 1921 1838 comitate,
1943 1789 2115 1830 concilio
2141 1791 2312 1842 praefuit

278 1855 391 1908 quod
402 1853 713 1896 controversiam
728 1860 811 1893 tam
823 1854 997 1904 longam,
1014 1859 1097 1892 tam
1110 1851 1356 1904 impeditam,
1373 1852 1427 1892 ad
1439 1851 1587 1892 exitum
1601 1851 1816 1903 perduxit³.
1859 1853 2044 1903 Habetis,
2062 1855 2309 1905 Academici,

278 1918 481 1970 exemplar
511 1915 616 1956 vitae
648 1914 759 1967 pacis
791 1914 833 1954 in
865 1914 1018 1955 artibus
1050 1915 1251 1966 praeclare
1284 1921 1480 1966 peractae.
1538 1913 1744 1954 Arbitrum
1778 1914 1896 1966 igitur
1928 1923 1967 1955 et
1996 1918 2171 1968 legatum
2199 1918 2310 1970 pacis

276 1979 610 2029 amantissimum,
649 1979 799 2031 patriae
845 1979 899 2018 ad
945 1991 1036 2017 rura
1080 1977 1316 2029 propediem
1364 1977 1595 2026 rediturum,
1638 1978 1916 2020 Universitatis
1959 1981 2309 2034 Cantabrigiensis,

277 2042 601 2096 Waddingtonii⁴
638 2041 920 2083 Universitatis
957 2040 1134 2090 nomine,
1174 2040 1338 2082 honoris
1376 2054 1497 2081 causa
1534 2043 1684 2082 salvere
1722 2043 1844 2084 hodie
1880 2051 2002 2096 atque
2039 2046 2144 2086 adeo
2180 2047 2311 2088 valere

278 2105 480 2148 iubemus.

389 2170 509 2210 Duco
527 2169 581 2209 ad
599 2181 671 2209 vos
691 2169 892 2208 Batonem
911 2168 1184 2208 ALPHONSUM
1205 2167 1426 2209 CHODRON
1447 2180 1506 2208 DE
1525 2169 1743 2211 COURCEL.

388 2298 504 2352 (259)
551 2298 866 2340 Universitatem
914 2298 1247 2352 Goettingensem
1290 2299 1417 2340 nostis
1455 2313 1598 2341 omnes
1634 2315 1659 2341 a
1696 2315 1788 2354 rege
1826 2310 1964 2344 nostro
2002 2299 2309 2356 Hanoveriensi,

279 2360 454 2414 Georgio
473 2362 665 2410 secundo,
683 2361 804 2402 fuisse
819 2362 1040 2402 fundatam.
1099 2363 1163 2402 Eo
1179 2361 1328 2402 maiore
1342 2362 1491 2414 gaudio
1511 2363 1702 2404 scientiae
1717 2365 2024 2406 mathematicae
2043 2368 2308 2418 professorem

280 2423 625 2476 Goettingensem,
665 2424 852 2464 Newtoni
900 2424 1181 2466 Universitatis
1228 2425 1405 2475 nomine,
1445 2427 1677 2478 salutamus,
1716 2428 1844 2468 virum
1892 2429 2054 2471 vinculo
2099 2445 2184 2471 non
2226 2447 2309 2473 uno

279 2486 493 2528 nobiscum
519 2486 794 2534 coniunctum,
822 2501 905 2527 non
939 2489 1065 2528 modo
1093 2488 1302 2529 Societatis
1332 2489 1483 2542 Regiae
1516 2497 1557 2530 et
1585 2491 1795 2532 Societatis
1830 2492 2139 2545 Philosophicae
2165 2496 2311 2537 Canta-

278 2549 487 2602 brigiensis
506 2549 609 2590 inter
628 2549 760 2590 socios
779 2558 934 2591 exteros
954 2558 1219 2600 numeratum,
1242 2552 1313 2592 sed
1333 2553 1452 2592 etiam
1473 2566 1497 2593 a
1517 2553 1715 2595 Societate
1737 2556 2025 2597 Mathematica
2046 2559 2310 2601 Londiniensi

279 2620 434 2654 exteros
467 2613 570 2654 inter
602 2626 745 2653 omnes
778 2613 1020 2654 numismate
1052 2614 1277 2655 honorifico
1307 2616 1438 2655 solum
1472 2617 1680 2657 donatum.
1740 2619 1881 2671 Nuper
1914 2621 2101 2661 Newtoni
2131 2623 2256 2664 nostri
2286 2638 2310 2664 a

278 2675 473 2716 linearum
498 2675 602 2716 tertii
628 2675 780 2716 ordinis
805 2675 1109 2716 enumeratione
1137 2690 1311 2726 exorsus,
1336 2685 1376 2718 et
1404 2678 1533 2719 lineae
1560 2687 1746 2721 curvatae
1768 2688 1808 2721 et
1833 2682 2062 2734 superficies
2088 2684 2309 2727 rationibus

278 2739 526 2792 Algebraicis
554 2753 762 2792 expressae
791 2752 914 2792 quam
942 2739 1196 2791 potissimum
1224 2741 1393 2781 formam
1423 2755 1558 2782 revera
1586 2743 1734 2784 habere
1759 2744 2058 2787 demonstratae
2086 2747 2175 2797 sint,
2202 2750 2310 2790 lucu-

279 2802 406 2843 lenter
438 2801 658 2852 enarravit;
695 2801 803 2842 idem
839 2801 992 2854 Cayleii
1025 2802 1151 2842 nostri
1188 2801 1351 2844 inventa
1386 2803 1558 2856 insignia
1590 2804 1632 2844 in
1670 2805 1798 2846 maius
1830 2807 1939 2848 auxit
1972 2816 2012 2848 et
2044 2810 2163 2850 rebus
2194 2811 2309 2853 novis

283 2942 293 2959 ε
367 2895 380 2917 ¹
403 2897 496 2930 Lord
519 2897 720 2940 Salisbury’s
742 2898 864 2941 speech
888 2902 922 2931 at
945 2898 1003 2931 the
1026 2898 1185 2949 Mansion
1210 2899 1329 2932 Honse
1351 2899 1483 2950 Dinner
1504 2899 1539 2932 in
1561 2900 1693 2933 honour
1714 2900 1753 2933 of
1772 2902 1830 2934 Mr
1852 2902 1995 2945 Bayard,
2021 2914 2038 2937 α
2065 2905 2184 2938 March
2211 2908 2306 2950 1897.

307 2941 366 2974 He
388 2951 531 2991 appears
552 2946 588 2974 to
611 2952 666 2974 me
687 2946 724 2974 to
746 2942 832 2974 have
854 2942 1015 2975 deserved
1038 2942 1165 2986 highly,
1187 2948 1247 2975 not
1270 2944 1350 2985 only
1372 2942 1410 2976 of
1429 2943 1496 2976 th1s
1519 2949 1658 2986 country
1681 2946 1746 2977 and
1771 2945 1810 2978 of
1828 2945 1880 2978 his
1903 2957 1991 2985 own,
2008 2948 2068 2981 but
2088 2949 2127 2981 of
2151 2950 2306 2993 English-

279 2984 446 3062 ῗὲῗῗῗὲ
459 2995 556 3048 ‘²⁰⁶2
567 2985 1821 3065 Ἒῖἓέἓὶἑῗὲἷέἳῗιῖὶ,355ιῖἐὲἒέῙέῑἑ”ἓ*ὅηδῗὲςέὀὶἷ’ῗιιῗῖῗὲἐῗὲ“ςῗῧ“ὡς
1839 3001 1931 3066 ‘3⁰⁶⁵
1947 2991 2053 3068 ³⁰3¹}ss
2070 2993 2175 3044 ΨΜ
2191 2995 2263 3028 ‘¹¹²‘
2279 2996 2307 3029 ⁵⁵

282 3071 507 3122 Washington
523 3071 562 3104 of
580 3071 637 3105 the
652 3073 778 3115 Treaty
793 3073 832 3106 of
847 3073 1057 3106 Arbitration
1073 3041 1227 3107 beiween
1249 3041 1352 3107 διξαὶ
1369 3074 1498 3107 Britain
1513 3075 1580 3107 and
1596 3075 1654 3108 the
1664 3043 1986 3111 znisseeiffzsuteaagsann
2002 3041 2307 3116 tzeesffingggffiizg

281 3116 321 3148 of
330 3115 388 3148 the
404 3115 552 3158 Behnng
567 3116 643 3150 Sea.
775 3115 789 3137 ⁸
812 3117 854 3150 In
874 3117 932 3150 the
955 3118 1061 3150 Court
1081 3118 1120 3150 of
1138 3118 1346 3150 Arbitration
1370 3129 1413 3150 on
1438 3118 1494 3151 the
1517 3119 1749 3153 soel-fisheries
1772 3120 1829 3154 the
1852 3123 2072 3167 proceedings
2092 3125 2200 3158 lasted
2220 3127 2305 3161 from

283 3170 324 3202 23
342 3159 460 3192 March
477 3164 512 3192 to
528 3170 546 3201 5
564 3160 652 3203 Aug.
678 3161 772 3204 1893.
903 3159 918 3181 ⁴
941 3161 1008 3194 No.
1029 3163 1070 3194 82
1086 3167 1203 3204 supra.

1265 3247 1338 3286 127
