2704 3770
527 324 802 389 Benjamz'n
837 327 1062 391 Morgan
1101 327 1275 377 Cowz'e.
1353 329 1563 379 Charles
1597 331 1765 397 Perry
1802 334 1946 383 Scott.

224 467 373 510 dixisse
403 469 653 519 meministis,
683 471 806 511 vitam
840 485 928 512 esse
959 472 1133 522 brevem,
1170 480 1296 514 artem
1327 474 1521 527 longam1.
1580 478 1666 516 Vos
1697 476 1825 528 igitur,
1856 491 2028 529 quorum
2061 487 2144 520 arte
2174 481 2254 521 vita

222 529 370 572 totiens
389 531 545 584 longior
564 533 668 573 faeta
686 540 758 582 est,
772 533 848 585 ipsi
867 534 938 574 diu
957 534 1091 575 felices
1111 535 1242 576 vivite.
1299 537 1384 576 Vos
1405 537 1475 589 qui
1494 537 1677 578 omnium
1698 539 1852 590 optime
1871 540 2007 589 nostis,
2027 554 2110 581 non
2125 541 2253 582 vivere

222 593 295 634 sed
323 595 454 636 valere
482 608 569 636 esse
597 595 892 647 vitam²,—vos‚
923 597 1101 650 inquam,
1134 612 1227 639 mox
1254 613 1279 639 a
1308 600 1427 640 nobis
1459 601 1616 652 abituri,
1648 616 1781 643 rursus
1810 603 1944 644 forsan
1974 604 2148 654 redituri,
2179 605 2253 657 ipsi

221 653 380 697 interim
409 670 552 699 omnes
580 659 719 700 valete.

1040 798 1057 831 1
1075 799 1092 830 1
1133 783 1266 832 Nov.
1314 785 1442 833 1880

329 878 418 932 (49)
457 881 511 920 ΙΝ
538 881 745 923 annalium
774 890 1002 924 nostrorum
1032 884 1236 935 memoria,
1268 885 1371 927 inter
1399 886 1489 927 illos
1518 887 1659 926 saltem
1689 886 1758 938 qui
1788 885 2080 926 mathematicis
2110 887 2250 927 studiis

218 942 394 984 lauream
428 952 606 986 nostram
638 946 776 999 adepti
807 954 911 997 sunt,
943 949 1068 989 semel
1091 955 1249 990 tantum
1280 949 1448 1002 contigit
1478 957 1523 990 ut
1554 949 1596 989 in
1624 949 1766 990 ordine
1796 950 1995 989 honorum
2026 948 2105 989 loci
2134 949 2250 1001 primi

217 1013 407 1059 quattuor
424 1008 543 1050 unius
563 1010 733 1063 Collegii
751 1011 924 1052 alumnis
944 1025 1086 1053 omnes
1106 1012 1411 1064 assignarentur.
1471 1015 1506 1053 E
1527 1020 1718 1065 quattuor
1736 1019 1871 1052 autem
1892 1012 1978 1061 illis,
1997 1012 2144 1064 quibus
2164 1014 2249 1054 laus

215 1067 284 1111 illa
301 1070 452 1113 abhinc
470 1086 599 1114 annos
619 1075 699 1115 fere
719 1075 983 1128 quadraginta
1004 1075 1182 1128 contigit,
1197 1076 1349 1128 primus
1369 1076 1494 1118 evasit
1513 1078 1700 1117 alumnus
1719 1076 1785 1116 ille
1805 1083 1951 1124 noster,
1967 1089 2088 1127 quem
2104 1076 2147 1116 in
2160 1076 2249 1128 ipso

215 1131 308 1174 loco
334 1133 465 1175 laudis
493 1135 598 1177 illius
627 1137 803 1187 conscio,
834 1151 918 1178 non
946 1137 1027 1178 iam
1056 1138 1174 1179 unius
1203 1146 1361 1179 tantum
1391 1139 1561 1192 Collegii
1590 1140 1663 1179 sed
1691 1137 1825 1191 potius
1855 1139 2099 1178 Academiae
2128 1138 2250 1178 totius

216 1197 392 1249 nomine,
420 1198 606 1242 iubemus
639 1203 800 1243 salvere.
858 1204 1003 1243 Vestro
1036 1215 1059 1243 e
1088 1216 1256 1244 numero
1282 1203 1479 1251 nonnulli,
1509 1202 1578 1255 qui
1611 1209 1742 1243 aetate
1770 1208 1810 1242 et
1840 1201 2083 1253 experientia
2110 1200 2251 1242 ceteris

211 1260 461 1309 anteceuitis‚
481 1263 590 1304 hunc
612 1263 741 1304 virum
766 1264 916 1306 abhinc
935 1278 1066 1305 annos
1091 1278 1217 1317 prope
1243 1265 1404 1317 triginta
1429 1265 1470 1305 in
1497 1264 1744 1305 Academiae
1767 1265 1919 1316 templo
1946 1263 2248 1304 contionantem

212 1321 430 1364 audivistis.
489 1325 674 1366 Pluribus
705 1333 887 1367 nostrum
916 1334 1057 1367 notum
1089 1335 1160 1376 est,
1193 1335 1344 1379 quanta
1371 1327 1577 1376 industria,
1609 1334 1762 1379 quanto
1791 1326 1965 1379 ingenio,
1996 1326 2143 1367 scholis
2172 1325 2248 1365 illis

213 1385 490 1428 examinandis
522 1388 787 1441 regendisque
820 1389 1059 1438 incubuerit,
1090 1390 1131 1430 in
1160 1390 1308 1442 quibus
1337 1390 1477 1443 populi
1506 1391 1631 1430 nostri
1660 1397 1939 1442 praeceptores
1968 1388 2043 1440 ipsi
2072 1388 2248 1429 docendi

213 1446 426 1500 disciplina
463 1450 706 1491 imbuuntur.
769 1452 876 1503 Ergo
914 1453 966 1492 de
1004 1454 1156 1505 populo
1196 1453 1428 1493 Britannico
1461 1460 1501 1493 et
1538 1453 1590 1492 de
1627 1451 1797 1492 ecclesia
1833 1451 2057 1503 Anglicana
2095 1450 2247 1502 optime

214 1511 391 1559 meritus,
418 1513 568 1554 abhinc
600 1527 729 1555 annos
763 1528 921 1564 novem,
954 1515 1057 1555 inter
1085 1515 1267 1556 omnium
1299 1517 1462 1568 plausus
1490 1514 1684 1556 ecclesiae
1713 1515 1932 1554 cathedrali
1962 1513 2247 1554 Mancuniensi

211 1574 391 1616 decanus
421 1583 482 1616 est
514 1576 774 1629 praepositus.
834 1578 979 1630 Neque
1010 1592 1103 1618 vero
1137 1578 1271 1618 statim
1302 1586 1341 1618 et
1373 1586 1522 1618 temere
1550 1578 1711 1618 titulum
1745 1585 1925 1617 nostrum
1959 1576 2035 1616 sibi
2068 1576 2242 1628 arripuit,

212 1649 335 1689 quem
353 1638 557 1690 dignitatis
576 1638 660 1680 iure
675 1639 787 1680 licuit
802 1639 878 1680 sibi
893 1653 1074 1693 arrogare
1087 1655 1098 1690 3
1128 1642 1200 1682 sed
1215 1641 1344 1681 laudis
1360 1648 1520 1681 nostrae
1535 1641 1791 1680 occasionem
1807 1641 1984 1691 prudens
2001 1638 2243 1690 (secundum

212 1700 483 1742 Horatianum
510 1701 626 1755 illud)
646 1716 800 1742 nonum
827 1704 1012 1755 repressit
1037 1703 1080 1743 in
1102 1703 1286 1744 annum⁸.
1347 1703 1492 1743 Maluit
1516 1710 1622 1743 certe
1650 1710 1830 1742 nostrum
1856 1703 1909 1742 ad
1933 1703 2101 1754 gradum
2125 1703 2244 1753 pede-

210 1763 367 1806 temtim
386 1765 580 1818 progredi.
641 1767 767 1817 Quod
789 1767 891 1807 duas
917 1769 1060 1807 saltem
1085 1775 1248 1819 propter
1273 1780 1414 1807 causas
1434 1766 1553 1807 nobis
1573 1772 1799 1818 pergratum
1821 1772 1903 1805 est:
1933 1765 2107 1817 primum
2131 1765 2243 1817 quod

210 1827 306 1869 huic
323 1828 408 1870 viro
428 1829 566 1870 titulus
591 1837 728 1870 noster
754 1843 836 1870 non
863 1838 945 1870 tam
970 1830 1174 1883 dignitatis
1201 1831 1286 1871 iure
1312 1832 1384 1871 sed
1411 1829 1678 1871 recentiorum
1703 1829 1836 1882 potius
1855 1842 2054 1869 annorum
2079 1836 2242 1881 propter

208 1892 350 1933 merita
375 1892 518 1934 donari
545 1893 702 1934 videtur
715 1908 726 1943 3
757 1893 906 1935 deinde
934 1896 1046 1946 quod
1075 1908 1185 1935 nunc
1213 1895 1379 1934 demum
1406 1893 1572 1934 Senatui
1598 1901 1736 1934 nostro
1763 1892 1969 1934 Ecclesiae
1996 1892 2241 1944 Anglicanae

206 1953 373 1995 Senatui
390 1953 433 1994 in
452 1955 658 2008 provincia
677 1955 978 2008 septentrionali
999 1964 1223 1997 convocato
1243 1956 1394 1997 idcirco
1420 1955 1606 2009 gratulari
1632 1955 1736 2005 licet,
1759 1955 1854 2007 quia
1877 1955 2105 2007 nuperrime
2131 1956 2240 1995 hunc

206 2016 461 2071 potissimum
480 2018 705 2071 praesidem
725 2019 801 2059 sibi
821 2027 862 2060 et
880 2021 1178 2073 prolocutorem
1198 2021 1329 2072 elegit.

312 2081 446 2122 Notus
474 2081 589 2122 vobis
618 2081 808 2122 omnibus
836 2081 894 2122 vir
920 2084 1144 2123 admodum
1174 2083 1426 2134 reverendus,
1451 2085 1641 2124 Decanus
1672 2081 1988 2131 Mancuniensis,
2012 2083 2237 2121 ΒΕΝΙΑΜῙΝ

206 2143 402 2184 Monam
431 2144 589 2186 Cowm..

311 2265 400 2320 (50)
446 2268 604 2307 Domus
642 2266 933 2308 Carthusianae
970 2267 1225 2321 discipulum,
1266 2268 1436 2320 Collegii
1483 2269 1535 2308 de
1575 2269 1668 2308 Iesu
1705 2268 1926 2315 alumnum,
1967 2266 2095 2307 virum
2133 2267 2236 2307 inter

199 2330 388 2385 aequales
407 2343 501 2370 suos
521 2329 789 2370 Academicos
809 2329 914 2370 bene
933 2330 1152 2383 cognitum,
1169 2332 1400 2380 salutamus,
1417 2330 1487 2383 qui
1506 2337 1598 2382 post
1617 2343 1816 2370 annorum
1831 2336 2020 2380 quattuor
2034 2329 2234 2381 stipendia

201 2404 312 2432 sacra
341 2391 496 2444 optimo
524 2391 601 2431 sub
634 2393 738 2432 duce
771 2392 874 2432 inter
905 2391 1200 2433 Londinienses
1230 2401 1401 2445 peracta,
1432 2392 1582 2432 abhinc
1612 2405 1740 2432 annos
1769 2399 1924 2444 septem
1954 2392 2006 2431 ad
2036 2399 2232 2432 extremas

201 2455 376 2497 Orientis
396 2468 485 2496 oras
504 2455 604 2495 lucis
623 2463 808 2496 aeternae
828 2457 992 2496 nuntius
1007 2457 1210 2508 profectus
1225 2465 1296 2497 est.
1356 2457 1473 2497 Idem
1489 2469 1617 2508 nuper
1630 2454 1795 2507 Imperii
1810 2454 1988 2495 Sinensis
2003 2454 2232 2507 provinciae

201 2517 523 2571 septentrionalis
542 2517 756 2571 episcopus
775 2527 1044 2568 consecratus,
1067 2520 1120 2559 ad
1138 2519 1279 2559 urbem
1301 2518 1615 2567 celeberrimam,
1632 2518 1745 2569 quod
1759 2517 1888 2569 gentis
1901 2516 2005 2556 illius
2020 2524 2141 2568 caput
2156 2525 2226 2566 est,

198 2581 303 2622 inter
319 2580 542 2622 amicorum
562 2595 712 2633 preces,
734 2581 838 2622 inter
856 2582 1103 2623 Academiae
1123 2590 1227 2630 vota,
1250 2596 1343 2623 mox
1363 2589 1588 2622 revertetur.
1650 2581 1761 2621 Faxit
1790 2583 1912 2628 Deus,
1935 2588 1978 2620 ut
2001 2581 2161 2632 plurimi
2181 2595 2229 2621 ex

195 2643 272 2685 illis
297 2643 368 2696 qui
393 2643 550 2696 imperii
575 2644 756 2684 caelestis
785 2643 950 2684 nomine
979 2658 1084 2685 vano
1112 2645 1247 2685 adhuc
1274 2644 1429 2696 gloriati
1458 2652 1562 2692 sunt,
1584 2643 1703 2683 huius
1731 2643 1878 2683 auxilio
1907 2642 2017 2694 regni
2046 2643 2227 2683 caelestis

195 2706 351 2748 civibus
365 2714 704 2757 annumerentur3
724 2707 830 2757 faxit,
848 2715 892 2748 ut
907 2707 1078 2760 regionis
1098 2708 1203 2748 illius
1218 2707 1387 2755 incolae,
1401 2707 1548 2760 quibus
1568 2708 1673 2747 fame
1693 2706 1779 2747 dira
1793 2706 1992 2758 oppressis
2008 2707 2226 2758 opitulatus

195 2778 267 2820 est,
288 2770 436 2824 quibus
458 2784 606 2824 panem
629 2772 842 2812 salutarem
872 2773 944 2812 sed
971 2772 1147 2812 eundern
1174 2771 1255 2811 cito
1278 2771 1498 2824 periturum
1524 2770 1707 2823 perituris
1737 2784 1864 2823 nuper
1889 2770 2037 2810 totiens
2064 2770 2224 2822 largitus

193 2840 266 2884 est,
286 2832 364 2886 ipsi
383 2833 502 2874 huius
522 2846 644 2886 opera
662 2833 778 2886 panis
798 2833 903 2874 illius
923 2833 1002 2874 vivi
1021 2833 1236 2887 participes
1256 2835 1364 2883 fiant,
1387 2834 1456 2886 qui
1476 2834 1528 2874 de
1551 2835 1664 2874 caelo
1684 2832 1905 2882 descendit,
1928 2846 2048 2884 quem
2076 2832 2109 2872 si
2135 2833 2224 2885 quis

194 2896 505 2946 manducaverit,
526 2897 568 2937 in
587 2905 794 2938 aeternum
814 2897 949 2938 vivet⁴.

299 2961 430 3002 Vobis
462 2968 674 3014 praesento
707 2961 863 3014 imperii
897 2961 1075 3004 Sinensis
1109 2962 1338 3015 provinciae
1372 2962 1693 3015 septentrionalis
1727 2961 1974 3015 episcopum,
2007 2962 2220 3003 CAROLUM

192 3023 342 3063 Primus
370 3024 515 3064 Sco'r‘r.

279 3125 291 3146 ²
315 3126 554 3170 Hippocrates,
574 3127 784 3190 fphodsmss
804 3127 815 3159 i
836 3138 865 3167 1,
884 3127 901 3160 ὁ
915 3128 985 3180 βξοξ
999 3126 1126 3170 βραχὺς
1140 3128 1162 3167 ὴ
1178 3126 1212 3160 δὲ
1227 3128 1330 3169 τέχνη
1345 3127 1464 3168 μακρή.
1581 3171 1587 3178 ι
1739 3125 1752 3146 2
1778 3126 1925 3164 Martial,
1942 3125 1976 3157 vi
1995 3134 2047 3168 70,
2070 3135 2120 3168 15.

616 3172 763 3211 Horace,
788 3173 859 3204 Ars
881 3172 1022 3211 Poetzca,
1051 3172 1124 3213 388.
1358 3170 1372 3191 ⁴
1395 3172 1431 3204 S.
1447 3171 1601 3214 Joanms
1623 3170 1692 3203 Ev.
1715 3181 1748 3203 vi
1773 3179 1824 3211 51.

1183 3257 1230 3295 27
2005 3257 2109 3292 4—2
