2704 3770
795 338 937 404 Jolcn
986 337 1242 386 Westlake.
1314 337 1499 401 Henry
1533 337 1746 386 Francis
1770 338 2012 403 solmson.

1245 534 1261 565 1
1303 516 1415 565 Feb.
1462 519 1583 578 1895

513 635 625 688 (239)
658 637 809 676 V1RUM
844 635 940 676 olim
969 642 1008 676 et
1042 634 1178 675 litteris
1209 633 1509 675 humanioribus
1539 640 1578 674 et
1606 633 1746 674 studiis
1773 632 2062 673 mathematicis
2090 634 2249 674 laudem
2277 647 2412 685 parem

402 700 613 750 adeptum¹
633 706 672 739 et
688 698 854 750 Collegii
871 700 1040 738 Sanctae
1055 705 1094 738 et
1110 697 1347 738 Individuae
1362 696 1566 737 Trinitatis
1581 696 1734 736 socium
1749 698 1932 746 electum,
1949 696 2096 737 deinde
2111 696 2152 736 in
2164 698 2253 737 luce
2268 696 2414 737 forensi

402 760 567 800 feliciter
597 768 804 810 versatum,
839 768 978 812 postea
1012 759 1239 800 Britanniae
1272 759 1520 800 senatoribus
1552 772 1692 811 parum
1722 758 1792 799 diu
1824 758 2078 810 adscriptum,
2113 757 2288 810 denique
2319 758 2414 799 iuris

402 825 580 874 gentium
600 825 862 875 professorem
881 823 1029 863 abhinc
1048 836 1175 863 annos
1195 829 1347 874 septem
1367 822 1469 862 inter
1483 829 1641 862 nosmet
1655 821 1762 873 ipsos
1778 821 1996 862 honorifice
2011 821 2274 869 nominatum,
2291 822 2414 863 hodie

402 886 565 926 honoris
591 900 711 926 causa
735 886 836 926 Iuris
858 888 1075 926 Doctorem
1099 885 1268 925 libenter
1291 897 1481 925 creamus.
1540 884 1622 934 Qui
1641 885 1772 924 honos
1794 883 2025 935 professoris
2044 883 2168 924 nostri
2187 897 2270 924 non
2289 885 2414 924 modo

402 947 505 987 vitae
542 947 747 988 universae
784 948 963 996 debetur,
998 948 1070 987 sed
1107 946 1227 987 etiam
1265 946 1374 987 laudi
1407 945 1561 997 insigni,
1601 959 1721 997 quam
1760 945 1919 986 duobus
1955 959 2004 986 ex
2040 945 2226 997 operibus
2263 945 2414 997 optime

402 1009 635 1061 conscriptis
664 1017 703 1050 et
726 1010 822 1050 olim
850 1017 890 1050 et
918 1022 1044 1060 nuper
1071 1008 1294 1060 reportavit.
1353 1009 1532 1048 Alterum
1565 1008 1617 1048 de
1649 1008 1732 1047 iure
1761 1006 1940 1059 gentium
1972 1007 2125 1058 privato
2154 1006 2291 1047 litteris
2317 1007 2413 1047 olim

403 1073 648 1122 mandatum,
670 1081 710 1112 et
729 1074 863 1113 denuo
882 1073 971 1123 plus
992 1085 1112 1123 quam
1133 1072 1256 1111 semel
1276 1070 1316 1110 in
1336 1073 1467 1111 lucem
1491 1070 1691 1120 emissum,
1713 1070 1765 1111 ab
1790 1070 2009 1110 Academia
2035 1071 2229 1111 Edinensi
2250 1072 2414 1111 alumno

402 1142 538 1174 nostro
570 1134 733 1174 honoris
764 1134 922 1174 titulum
951 1134 1092 1174 merito
1118 1133 1373 1185 impetravit2.
1430 1135 1612 1174 Alterum
1643 1146 1725 1173 non
1754 1134 1878 1173 modo
1904 1133 1997 1173 iuris
2026 1132 2161 1185 peritis
2191 1134 2263 1174 sed
2292 1133 2412 1174 etiam

401 1195 617 1236 litterarum
644 1196 869 1247 republicae
895 1195 968 1236 toti
993 1195 1218 1247 nuperrime
1244 1195 1443 1242 traditum,
1466 1196 1556 1235 stilo
1585 1208 1667 1235 non
1693 1194 1824 1234 minus
1850 1195 1986 1236 lucido
2011 1207 2133 1246 quam
2158 1208 2294 1235 severo
2319 1194 2414 1235 iuris

401 1259 579 1310 gentium
607 1258 786 1299 instituta
814 1260 1035 1299 luculenter
1062 1258 1297 1298 illustravit³.
1356 1260 1470 1310 Opus
1499 1272 1648 1299 corona
1675 1258 1992 1311 Cantabrigiensi
2019 1272 2106 1299 esse
2136 1257 2413 1310 dignissimum

402 1321 504 1362 inter
523 1323 665 1362 doctos
686 1329 852 1370 constat,
875 1321 916 1361 in
936 1335 1028 1373 quo,
1050 1321 1152 1362 inter
1177 1321 1253 1361 alia
1275 1329 1508 1373 argumenta
1530 1322 1768 1373 gravissima,
1791 1336 1873 1362 non
1896 1324 2019 1363 modo
2045 1321 2223 1374 gentium
2248 1321 2414 1373 imperio

402 1391 538 1424 nostro
558 1385 660 1425 inter
680 1385 805 1424 Indos
825 1384 1073 1424 subditarum
1093 1384 1177 1424 iura
1196 1384 1460 1425 eruditissime
1479 1384 1733 1436 explicantur,
1756 1386 1827 1425 sed
1847 1385 1966 1426 etiam
1993 1384 2120 1426 Grotii
2139 1386 2191 1425 de
2213 1386 2297 1424 iure
2321 1384 2415 1424 belli

402 1453 441 1485 et
460 1445 569 1497 pacis
589 1459 690 1497 opus
710 1459 899 1497 magnum
918 1445 1213 1486 accuratissime
1233 1453 1467 1485 recensetur.
1529 1445 1675 1485 Merito
1695 1445 1811 1497 igitur
1825 1447 2087 1497 professorem
2102 1452 2183 1485 tam
2203 1444 2412 1494 eruditum,

402 1515 564 1560 tamque
587 1510 815 1556 facundum,
837 1508 959 1549 hodie
985 1510 1233 1558 decoramus,
1254 1508 1548 1560 epigrammatis
1575 1509 1717 1549 Graeci
1743 1510 1862 1550 verba
1888 1507 2246 1550 mutuati—ervexev
2272 1507 2417 1558 εῧεπίης

401 1570 816 1622 πινυτόφρονος,’-ηἱεὶ
842 1573 942 1612 forte
967 1579 1139 1624 praestat
1164 1571 1292 1612 Grotii
1314 1571 1438 1624 ipsius
1458 1570 1587 1612 verbis
1606 1572 1726 1612 verba
1745 1573 1898 1613 Graeca
1917 1571 2118 1613 reddentis
2136 1571 2194 1612 uti
2209 1571 2415 1611 z—‘Haec

402 1633 540 1673 merita
559 1641 619 1673 est
638 1635 812 1674 facunda
830 1633 901 1674 viri
920 1632 1114 1685 sapientia
1127 1633 1165 1672 ’⁴.

512 1697 629 1736 Duco
661 1697 714 1737 ad
744 1709 815 1737 vos
847 1696 956 1748 pacis
991 1696 1214 1736 ministrum
1247 1695 1455 1748 insignem,
1488 1695 1581 1736 iuris
1614 1704 1912 1749 praeceptorem
1943 1696 2289 1750 sapientissimum,
2322 1697 2414 1736 Pro-

402 1758 591 1798 fessorem
621 1759 871 1798 WESTLAKE.
1104 1758 1105 1761 ’

1230 1929 1289 1961 10
1323 1914 1433 1962 Feb.
1478 1916 1604 1975 1895

512 2030 625 2083 (240)
664 2032 862 2071 SCHOLAE
896 2029 1110 2070 Etonensis
1148 2029 1400 2081 discipulum,
1441 2030 1645 2071 Trinitatis
1676 2030 1718 2070 in
1756 2031 1937 2082 Collegio
1970 2030 2228 2071 celeberrimo
2260 2038 2412 2083 septem

404 2093 696 2146 Episcoporum
715 2095 954 2145 aequalem⁵‚
976 2092 1202 2134 certaminis
1228 2093 1376 2133 nautici
1402 2101 1541 2134 contra
1563 2093 1813 2135 Oxonienses
1838 2094 2043 2145 quondam
2063 2106 2135 2144 pro
2161 2093 2277 2134 nobis
2299 2093 2414 2145 parti-

403 2155 546 2207 cipem,
569 2155 694 2195 virum
714 2162 753 2195 et
774 2154 866 2195 belli
887 2162 925 2194 et
951 2154 1060 2205 pacis
1083 2154 1124 2194 in
1149 2154 1299 2194 artibus
1325 2162 1559 2206 spectatum,
1581 2155 1824 2195 Academiae
1849 2157 2013 2196 nomine
2039 2154 2159 2195 hodie
2185 2156 2414 2195 salutamus.

406 2219 514 2260 Olim
535 2226 673 2259 contra
694 2220 847 2259 Russos
867 2219 1119 2260 Chersoneso
1139 2218 1179 2257 in
1199 2218 1370 2258 Taurica
1388 2219 1587 2259 saeviente
1608 2219 1724 2268 bello,
1745 2220 1929 2259 alumnus
1949 2225 2092 2267 noster,
2113 2217 2261 2269 patriae
2280 2230 2415 2258 amore

404 2281 607 2328 excitatus,
629 2280 808 2332 equitum
829 2287 1054 2320 nostrorum
1073 2279 1245 2320 ducibus
1264 2294 1350 2320 sese
1368 2280 1677 2321 adscribendum
1698 2287 1841 2332 sponte
1860 2279 2014 2329 obtulit,
2032 2287 2283 2331 turmamque
2302 2292 2414 2319 suam

405 2344 490 2384 sine
520 2343 644 2384 dubio
675 2344 826 2384 fortiter
857 2344 1044 2391 duxisset,
1079 2343 1155 2383 nisi
1186 2344 1334 2383 bellum
1364 2343 1471 2395 prius
1504 2343 1756 2395 profligatum
1786 2350 1899 2383 esset.
1960 2341 2119 2382 Deinde
2151 2340 2244 2380 iuris
2274 2340 2415 2382 studiis

404 2408 579 2446 lauream
599 2413 775 2446 nostram
794 2407 963 2457 adeptus
983 2412 1022 2445 et
1041 2405 1243 2445 laboribus
1264 2405 1383 2445 sacris
1402 2406 1603 2457 probatus,
1625 2405 1772 2445 abhinc
1791 2418 1917 2445 annos
1938 2405 2078 2444 decem
2099 2402 2414 2443 Archidiaconus

407 2469 636 2509 Essexensis
660 2468 898 2517 nominatus,
921 2482 1046 2521 nuper
1073 2475 1207 2508 autem
1234 2468 1458 2520 Episcopus
1484 2467 1847 2509 Camulodunensis
1872 2473 2124 2507 consecratus
2148 2473 2187 2506 et
2213 2465 2415 2517 Episcopo

405 2530 680 2572 Verulamensi
717 2531 876 2571 adiutor
912 2532 1029 2571 datus
1067 2538 1137 2571 est.
1195 2531 1289 2571 Sedi
1327 2531 1493 2583 utrique,
1534 2539 1574 2571 et
1610 2531 1840 2571 Verulamio
1878 2538 1917 2571 et
1955 2530 2248 2577 Camuloduno,
2284 2542 2414 2569 rerum

404 2601 601 2645 gestarum
625 2593 666 2632 in
693 2593 896 2641 memoria,
917 2607 988 2633 sua
1009 2594 1132 2645 gloria
1155 2601 1349 2634 reservata
1377 2601 1436 2634 est
1450 2609 1461 2644 3
1498 2596 1619 2634 altera
1644 2593 1766 2634 hodie
1789 2593 1923 2634 Sancti
1949 2592 2096 2633 Albani
2121 2590 2414 2644 protomartyris

407 2657 623 2697 Britannici
643 2670 790 2697 nomen
812 2664 991 2697 mutuata
1011 2664 1070 2697 est
1083 2672 1094 2706 3
1122 2659 1244 2697 altera
1272 2658 1476 2708 quondam
1506 2656 1659 2708 imperii
1686 2656 1861 2696 Romani
1888 2655 1989 2696 inter
2018 2655 2229 2695 Britannos
2256 2652 2416 2694 colonia

406 2721 531 2772 prima
561 2720 777 2761 constituta
809 2728 878 2760 est.
938 2720 1046 2761 Olim
1081 2719 1368 2767 Cunobelinus‚
1399 2718 1658 2759 Tasciovani⁶
1686 2718 1800 2766 filius,
1831 2717 2035 2759 Caractaci
2064 2724 2186 2768 pater,
2216 2715 2325 2767 regni
2353 2715 2415 2756 sui

406 2789 525 2833 caput
557 2796 581 2821 a
613 2782 843 2822 Verulamio
875 2783 927 2822 ad
957 2782 1284 2824 Camulodunum
1314 2780 1558 2821 transtulisse
1587 2781 1706 2820 fertur
1718 2794 1730 2828 3
1763 2793 1881 2828 nunc,
1911 2779 1952 2818 in
1981 2779 2098 2819 rebus
2125 2777 2255 2827 sacris,
2285 2784 2415 2829 proto-

494 2885 506 2906 ¹
531 2887 628 2919 Sixth
643 2887 818 2930 Wrangler
834 2887 900 2919 and
917 2886 1014 2920 Sixth
1029 2886 1167 2926 Classic‚
1191 2887 1228 2919 18
1233 2896 1284 2927 50.
1430 2884 1444 2904 ²
1466 2886 1605 2917 Privata
1622 2885 1872 2917 International
1884 2885 1980 2922 Law,
2001 2885 2082 2925 1858
2092 2896 2102 2923 ;
2125 2883 2292 2916 rewritten
2312 2883 2411 2921 18803

408 2930 460 2961 ed.
480 2941 509 2972 3,
533 2932 625 2972 1890.
810 2930 824 2950 ³
851 2931 1010 2972 Chapters
1024 2941 1066 2962 on
1082 2930 1268 2972 principles
1283 2928 1323 2970 qs
1331 2929 1581 2961 Inlernational
1595 2930 1690 2967 Law,
1713 2930 1805 2969 1894.
1993 2926 2007 2947 ⁴
2029 2927 2136 2959 Anth.
2154 2928 2227 2976 szl.
2247 2925 2292 2958 vii
2310 2936 2361 2965 αα,
2382 2936 2413 2967 5.

407 2972 420 2992 ⁵
444 2974 613 3016 Beverley,
631 2973 855 3010 Fredericton,
874 2974 1044 3016 Glasgow,
1062 2973 1205 3012 Lahore,
1224 2973 1364 3011 Nelson,
1383 2973 1422 3005 St
1438 2972 1579 3012 Albans,
1600 2972 1665 3003 and
1682 2972 1827 3013 Sydney.
1991 2969 2005 2990 ⁸
2028 2970 2256 3003 Cunobehnus
2272 2979 2413 3011 appears

408 3027 452 3047 on
467 3017 559 3048 coins
574 3028 610 3049 as
626 3018 682 3049 the
694 3028 754 3050 son
770 3018 807 3049 of
819 3017 1044 3050 Tasciovanus
1061 3016 1130 3057 (not
1147 3017 1184 3048 of
1197 3016 1460 3053 Cassivelaunus,
1477 3015 1564 3054 who,
1580 3026 1615 3047 as
1631 3015 1687 3047 the
1703 3018 1874 3056 opponent
1889 3014 1925 3046 of
1940 3014 2063 3046 Caesar
2074 3014 2109 3045 in
2126 3022 2166 3054 54
2181 3022 2261 3050 B.C.,
2273 3012 2412 3054 belongs

409 3064 444 3091 to
460 3059 516 3091 the
532 3061 684 3101 previous
699 3059 917 3103 generation).
963 3060 1036 3092 The
1048 3060 1171 3102 capital
1183 3059 1221 3091 of
1233 3059 1457 3091 Tasciovanus
1469 3069 1536 3090 was
1551 3058 1789 3095 Verulamium,
1803 3057 1901 3089 while
1911 3058 1983 3089 that
1996 3057 2034 3089 os
2044 3057 2096 3089 his
2111 3067 2172 3089 son
2184 3055 2413 3089 Cunobelinus

408 3113 476 3134 was
501 3103 768 3136 Camulodunum
787 3103 887 3146 (John
912 3104 1034 3141 Evans,
1055 3103 1155 3135 Coins
1176 3102 1218 3144 of
1231 3102 1283 3134 the
1305 3103 1453 3134 Ancz‘ent
1474 3102 1623 3141 Britons,
1644 3099 1827 3143 223—226)
1839 3112 1849 3141 3
1872 3111 1923 3143 cp.
1951 3101 2030 3140 Dio,
2050 3100 2084 3132 lx
2101 3111 2152 3139 21,
2173 3099 2360 3139 (Claudius)
2375 3099 2413 3130 τὸ

409 3147 673 3185 Καμουλόδουνον
688 3147 726 3179 τὸ
742 3148 798 3179 τοῦ
814 3147 1056 3189 Κυνοβελλίνου
1070 3147 1238 3188 βασίλειον
1255 3146 1324 3178 εϊλε
1341 3145 1395 3187 (43
1406 3146 1509 3185 A.D.).

1382 3223 1456 3261 118
