2704 3770
822 328 971 377 Lord
997 329 1050 376 Α
1056 335 1176 377 cton.
1252 329 1438 393 George
1463 329 1697 395 Joaclzz‘m
1737 329 1962 377 Gosclzen.

397 478 540 527 poetae
572 475 705 527 magni
734 475 950 516 Florentini
983 475 1025 516 in
1053 477 1237 528 paradiso
1266 476 1341 528 ipsi
1361 482 1502 528 poetae
1531 484 1738 529 propterea
1769 476 1962 524 tribuitur,
1993 476 2104 526 quod
2132 475 2173 514 in
2201 474 2404 526 republica

398 545 549 589 partem
570 537 646 578 sibi
664 537 739 589 ipsi
758 539 866 577 solus
885 537 1020 578 fecerit
1031 536 1052 577 ¹.
1102 539 1341 589 Sumptuum
1361 538 1611 590 publicorum
1627 551 1768 578 censor
1785 545 1866 577 tarn
1883 550 2052 586 severus,
2068 544 2111 576 ut
2128 538 2403 576 Romanorum

399 601 474 640 sub
486 599 653 652 imperio
668 599 752 639 sine
767 599 892 639 dubio
905 599 1006 640 inter
1017 600 1299 651 quinqueviros
1313 600 1540 640 minuendis
1553 599 1722 651 publicis
1735 599 1960 650 sumptibus
1972 599 2242 639 numerandus
2253 598 2402 647 fuisset,

398 662 494 702 olim
526 662 698 714 ingenue
735 662 939 700 confessus
972 669 1031 701 est
1065 662 1257 713 Principis
1294 662 1418 701 nostri
1454 662 1555 701 inter
1589 662 1714 701 Indos
1746 660 1886 700 itinera
1918 673 2118 700 summum
2151 661 2403 711 splendorem

399 725 546 764 debere
576 723 766 763 comitari.
826 723 967 763 Indiae
992 723 1033 762 in
1061 723 1265 763 Britannia
1288 723 1624 763 administrandae
1647 721 1846 773 paulisper
1867 721 2124 772 praepositus,
2146 721 2297 761 viderat
2321 721 2407 773 ipse

399 787 626 838 provinciae
663 786 766 825 illius
803 786 1021 826 immensae
1060 786 1386 837 magnitudinem,
1422 786 1599 826 audierat
1636 786 1773 825 laudes
1807 797 1897 824 suas
1930 783 2073 836 linguis
2106 797 2229 836 prope
2261 783 2406 836 ignotis

398 850 625 889 celebratas.
684 848 832 889 Audiet
851 849 972 889 hodie
992 862 1073 888 non
1094 856 1228 888 vatum
1251 850 1442 888 Indorum
1462 848 1648 896 carmina,
1670 849 1741 888 sed
1760 853 1902 899 poetae
1925 847 2000 886 sibi
2023 860 2105 887 non
2127 847 2262 899 ignoti,
2282 846 2407 898 ipsius

400 912 545 951 Horati
569 912 698 959 verba,
720 912 818 951 dum
842 911 991 950 idcirco
1016 912 1198 950 laudatur
1221 913 1330 962 quod
1352 925 1496 963 genere
1518 910 1643 950 nobili
1662 918 1778 950 natus
1797 910 1966 961 virisque
1989 910 2182 962 primariis
2206 916 2404 961 acceptus,

397 974 517 1014 etiam
540 974 647 1025 plebi
673 987 754 1013 non
781 973 912 1013 minus
937 986 1050 1013 carus
1074 982 1145 1022 est,
1165 976 1272 1014 velut
1294 976 1392 1014 alter
1416 973 1648 1022 Mercurius,
1673 973 1844 1025 ‘superis
1866 975 2032 1013 deorum
2051 981 2182 1025 gratus
2200 980 2240 1012 et
2262 971 2405 1012 imis¹'.

399 1037 548 1077 Audiet
567 1043 710 1089 poetae
730 1036 909 1076 eiusdem
929 1037 1060 1084 verba,
1082 1050 1184 1088 quae
1203 1038 1256 1076 ad
1276 1050 1318 1076 se
1338 1036 1469 1088 ipsum
1489 1036 1529 1075 in
1550 1038 1697 1076 Senatu
1718 1049 1799 1075 non
1820 1035 1979 1087 illepide
1999 1034 2216 1075 transtulit⁸
2230 1048 2295 1073 :—

1021 1113 1128 1149 ‘non
1156 1109 1255 1149 ebur
1281 1123 1412 1160 neque
1440 1122 1604 1149 aureum

1047 1177 1136 1203 mea
1164 1163 1318 1204 renidet
1346 1164 1387 1202 in
1416 1165 1539 1203 domo
1567 1165 1729 1203 lacunar
1740 1165 1758 1203 '.

507 1239 670 1278 Addere
687 1237 892 1289 potuisset,
914 1239 1025 1289 quod
1044 1250 1137 1289 prae
1157 1237 1354 1277 modestia
1373 1250 1455 1277 non
1474 1237 1653 1277 addidit:

697 1314 761 1351 ‘at
790 1312 889 1351 fides
917 1318 957 1351 et
985 1311 1118 1363 ingeni

699 1365 895 1440 ‘benigna
923 1378 1024 1441 Kena
1052 1372 1111 1405 est
1139 1378 1435 1417 pauperemque
1463 1363 1596 1404 dives'
1623 1363 1886 1417 (divitemque
1913 1363 2080 1416 pauper)

724 1432 788 1459 me
815 1427 914 1470 petit
957 1448 966 1457 .

508 1495 626 1533 Duco
653 1494 705 1533 ad
733 1506 804 1533 vos
833 1493 958 1533 virum
987 1492 1176 1544 lepidum,
1205 1500 1417 1541 versutum,
1443 1499 1660 1542 strenuum,
1685 1492 1890 1539 audacem,
1920 1492 2137 1530 DOMINUM
2167 1491 2408 1530 RANDOLPH

401 1557 668 1597 CHURcmLL.

507 1684 622 1739 (133)
656 1686 881 1725 Salutamus
915 1685 1104 1737 deinceps
1137 1684 1263 1724 virum
1297 1683 1584 1732 doctissimum,
1619 1683 1689 1735 qui
1722 1683 1763 1723 in
1798 1682 1914 1723 Italia
1946 1695 2070 1734 prope
2102 1681 2410 1733 pulcherrimum

399 1750 506 1789 orbis
536 1756 725 1788 terrarum
754 1748 896 1796 sinum,
928 1748 1075 1788 montis
1103 1747 1266 1788 Vesuvii
1294 1747 1335 1786 in
1361 1746 1505 1786 vicinia
1537 1754 1664 1796 natus,
1695 1746 1736 1786 in
1767 1746 1932 1786 Bavaria
1959 1745 2061 1786 inter
2094 1747 2360 1786 Monacenses
2387 1757 2412 1785 a

401 1813 620 1862 professore
646 1811 713 1850 illo
740 1810 1007 1850 eruditissimo
1032 1812 1224 1850 educatus
1247 1817 1317 1858 est,
1338 1823 1457 1861 quem
1482 1809 1668 1849 historiae
1687 1809 1977 1850 ecclesiasticae
2000 1809 2212 1848 Nestorem
2234 1807 2413 1848 nomina-

401 1872 524 1912 verim
536 1874 559 1912 ³.
619 1873 735 1911 Idem
770 1872 997 1911 Britanniae
1030 1871 1132 1911 inter
1164 1873 1373 1911 Senatores
1412 1871 1589 1910 delectus
1627 1878 1666 1911 et
1709 1872 1877 1911 Senatus
1918 1869 2022 1909 illius
2054 1869 2185 1909 ordini
2222 1868 2413 1921 superiori

400 1935 632 1987 adscriptus,
663 1941 803 1986 postea
834 1934 875 1973 in
909 1936 993 1985 ipsa
1027 1935 1159 1973 Roma
1192 1933 1285 1973 fidei
1317 1933 1549 1974 Catholicae
1578 1933 1766 1985 antiquae
1798 1932 2010 1972 acerrimus
2042 1933 2226 1972 defensor
2252 1931 2410 1973 exstitit.

403 1997 514 2046 Quid
544 1996 675 2036 dicam
709 1997 760 2036 de
792 1995 935 2036 libellis
970 1995 1055 2042 illis,
1089 2008 1190 2046 quos
1225 1994 1305 2034 sive
1339 1996 1390 2034 de
1418 1994 1598 2034 Henrico
1626 2002 1768 2034 octavo
1797 2001 1837 2033 et
1865 1992 2060 2032 Wolseio⁰
2087 1992 2170 2032 sive
2197 1994 2250 2033 de
2278 1992 2412 2033 Sancti

404 2058 700 2098 Bartholomaei
726 2059 791 2098 die
817 2058 949 2097 fatali⁷
968 2057 1233 2108 conscripsit?
1288 2056 1398 2106 Quid
1427 2057 1479 2096 de
1512 2064 1571 2096 tot
1599 2057 1815 2097 litterarum
1839 2055 2111 2095 monumentis
2136 2055 2218 2095 sive
2242 2055 2413 2097 libertati

402 2119 666 2161 vindicandae
693 2119 774 2159 sive
798 2119 949 2159 veritati
973 2118 1270 2169 investigandae
1295 2118 1378 2158 sive
1406 2132 1536 2157 rerum
1564 2126 1761 2170 gestarum
1790 2117 1976 2157 historiae
2002 2116 2170 2157 fideliter
2195 2118 2414 2157 narrandae

404 2181 672 2221 consecratis?
728 2181 769 2222 Si
802 2180 953 2220 Plinius
986 2180 1062 2228 ille,
1096 2180 1164 2230 qui
1196 2179 1382 2219 avunculi
1412 2179 1473 2218 sui
1506 2179 1760 2219 eruditissimi
1793 2192 1884 2218 cum
1918 2177 2108 2217 memoria
2141 2178 2412 2218 consociatum

405 2251 583 2283 montem
602 2242 820 2282 Vesuvium
841 2243 1161 2282 exardescentem
1186 2241 1404 2292 descripsit,
1425 2241 1496 2280 viri
1519 2242 1656 2280 huisce
1679 2241 1817 2280 laudes
1841 2239 1961 2279 hodie
1984 2239 2184 2279 celebrare
2207 2239 2412 2290 potuisset,

405 2305 491 2344 sine
516 2304 642 2344 dubio
667 2304 795 2344 verbis
824 2304 974 2343 eisdem
998 2316 1093 2342 usus
1121 2310 1235 2351 esset,
1257 2302 1402 2353 quibus
1431 2316 1556 2342 unum
1583 2316 1630 2342 ex
1657 2302 1794 2341 amicis
1821 2300 1901 2340 suis
1930 2300 2148 2352 posteritati
2174 2300 2336 2341 tradidit
2350 2315 2415 2341 :—

408 2371 418 2388 ‘
430 2366 529 2405 nihil
547 2373 607 2405 est
625 2366 693 2405 illo
713 2365 877 2417 gravius,
895 2364 1079 2412 sanctius,
1097 2364 1253 2403 doctius
1267 2371 1528 2415 3...quantum
1548 2377 1689 2412 rerum,
1706 2370 1900 2414 quantum
1920 2363 2203 2414 exemplorum,
2219 2369 2414 2413 quantum

405 2427 649 2479 antiquitatis
669 2435 800 2467 tenet.
793 2431 800 2457 ἵ
858 2427 967 2467 Nihil
987 2434 1046 2466 est
1066 2427 1176 2477 quod
1195 2426 1348 2466 discere
1369 2426 1473 2474 velis,
1496 2427 1606 2477 quod
1625 2426 1690 2465 ille
1710 2427 1855 2465 docere
1874 2437 1956 2464 non
1977 2424 2111 2476 possit.
2171 2424 2272 2464 Mihi
2297 2432 2414 2473 certe,

408 2491 592 2541 quotiens
611 2491 762 2542 aliquid
781 2491 962 2530 abditum
983 2502 1141 2541 quaero,
1163 2489 1228 2528 ille
1248 2489 1346 2528 mihi
1365 2490 1572 2529 thesaurus
1591 2496 1651 2529 est
1663 2490 1703 2530 ’8.

518 2555 635 2593 Duco
654 2554 706 2593 ad
725 2566 795 2592 vos
815 2552 941 2592 virum
961 2552 1002 2591 in
1022 2551 1184 2591 historia
1203 2551 1469 2591 ecclesiastica
1488 2551 1810 2601 eruditissimum,
1833 2552 2046 2590 BARONEM
2067 2552 2226 2590 ACToN.

519 2683 632 2736 (134)
663 2684 789 2723 Adest
812 2683 1001 2733 deinceps
1027 2681 1084 2721 vir
1103 2681 1143 2721 in
1163 2683 1281 2722 rebus
1301 2682 1487 2722 omnibus
1508 2695 1610 2733 quae
1629 2683 1680 2722 ad
1699 2681 1910 2733 pecuniam
1929 2681 2127 2733 pertinent
2145 2680 2414 2732 peritissimus,

411 2761 530 2799 quem
550 2747 773 2786 tabularum
793 2746 1039 2798 publicarum
1061 2745 1352 2786 Cancellarium
1371 2746 1569 2796 appellare
1589 2745 1730 2793 velim3
1759 2744 1889 2797 ipsum
1916 2752 2048 2784 tamen
2071 2743 2247 2792 arbitror,
2269 2743 2417 2796 quippe

412 2810 478 2862 qui
517 2811 653 2849 litteris
687 2809 838 2848 Latinis
871 2811 1048 2848 excultus
1080 2808 1139 2856 sit,
1175 2807 1311 2848 aerarii
1340 2809 1581 2859 praefectum
1621 2808 1738 2847 malle
1767 2806 1972 2846 nominari.
2032 2805 2112 2856 Qui
2144 2812 2243 2857 quot
2270 2805 2415 2845 civium

410 2871 711 2912 admirationem
742 2870 816 2909 sibi
841 2884 967 2921 nuper
991 2869 1140 2909 idcirco
1169 2868 1393 2908 conciliavit
1415 2869 1536 2919 quod,
1557 2880 1638 2907 non
1668 2867 1838 2919 partium
1861 2866 1993 2906 studio
2016 2867 2087 2906 sed
2112 2865 2260 2917 patriae
2282 2879 2417 2906 amore

410 2933 630 2981 instinctus,
667 2931 804 2971 maluit
841 2931 1091 2983 optimatium
1130 2930 1304 2970 consiliis
1340 2931 1529 2969 interesse
1566 2941 1686 2979 quam
1723 2927 1873 2968 amicos
1910 2935 2061 2968 veteres
2097 2927 2139 2967 in
2175 2927 2258 2968 vias
2294 2940 2418 2966 novas

500 3052 512 3072 1
534 3054 708 3091 Paradiso,
736 3052 803 3084 xvii
826 3052 868 3084 68
885 3051 906 3082 f.
1112 3050 1126 3070 ²
1150 3051 1294 3087 Horace,
1322 3051 1435 3083 Carm.
1458 3050 1470 3081 i
1498 3060 1546 3089 10,
1575 3060 1627 3082 20.
1831 3048 1845 3068 ³
1869 3049 1917 3092 Sp
1919 3049 2000 3082 eech
2023 3059 2066 3081 on
2091 3049 2179 3081 22nd
2202 3049 2285 3091 May
2263 3060 2295 3091 y,
2322 3050 2415 3090 1884.

414 3097 428 3117 ⁴
452 3097 598 3133 Horace,
620 3097 734 3128 Carm.
750 3096 774 3127 ii
795 3096 844 3134 18,
868 3105 880 3126 1
901 3095 922 3133 f,
940 3104 960 3136 9
977 3094 998 3126 f.
1150 3093 1164 3113 ⁵
1187 3095 1238 3126 Dr
1253 3094 1439 3136 D'ollinger.
1594 3091 1608 3113 ⁶
1634 3093 1812 3134 Quarterly
1827 3061 1917 3125 Revp
1922 3093 1999 3135 Jan.
2020 3094 2113 3134 1877.
2269 3091 2283 3113 ⁷
2304 3061 2416 3124 Nort⁴h

415 3140 543 3172 Brstislt
561 3140 642 3170 Rev.
661 3139 736 3171 Oet.
760 3137 850 3180 1869.
1025 3136 1037 3156 ⁸
1062 3137 1169 3178 Pliny,
1188 3138 1274 3178 Epp.
1295 3138 1304 3168 i
1323 3147 1374 3175 22,
1396 3147 1425 3168 2.

1388 3209 1438 3245 68
