2704 3770
852 296 1142 363 Universz‘ty
1174 297 1241 363 of
1260 297 1648 363 Pennsylvania.

235 444 470 486 Britannico
496 454 536 486 et
562 445 603 486 in
628 446 828 488 Societate
855 445 983 498 Regia
1010 452 1104 486 ante
1129 445 1269 485 oculos
1295 443 1514 494 habiturus,
1544 445 1731 485 Newtoni
1753 445 1918 497 vestigia
1940 445 1981 485 in
2007 446 2261 487 scientiarum

233 507 415 550 terminis
442 508 692 560 proferendis
719 521 925 560 pressurus
953 515 994 548 et
1021 506 1171 560 ingenii
1198 506 1299 546 tanti
1327 505 1543 558 imaginem
1572 506 1693 547 etiam
1722 514 1860 547 nostro
1893 507 1934 546 in
1965 510 2125 548 saeculo
2154 522 2263 560 prae-

234 577 391 612 sentem
410 569 648 610 redditurus.
708 570 818 611 Olim
838 569 1062 610 studiorum
1082 568 1457 609 mathematicorum
1478 582 1501 609 e
1520 569 1738 609 certamine
1758 571 1892 609 laurea
1905 569 2034 621 prima
2052 578 2260 622 reportata,

231 641 375 687 postea
401 633 472 687 (ne
496 635 610 685 plura
635 633 1017 686 commemoremus)
1039 633 1211 686 primurn
1236 645 1366 684 aquae
1391 640 1432 673 et
1456 632 1649 673 immotae
1672 640 1712 673 et
1739 633 1921 673 turbatae
1950 633 2134 683 rationes,
2160 648 2262 686 quae

234 696 506 749 hydrostatica
525 704 565 737 et
584 696 928 749 hydrodynamica
947 695 1218 746 nominantur,
1239 694 1499 735 subtilissime
1518 694 1752 736 examinasti
1765 710 1777 745 ;
1805 695 1954 736 deinde
1975 697 2036 736 vel
2054 709 2183 747 aquae
2202 698 2265 737 vel

233 759 336 800 aeris
354 760 544 800 fluctibus
563 773 776 812 corporum
801 768 936 801 motus
959 759 1150 812 paulatim
1173 760 1351 799 tardatos
1375 758 1642 799 minutissime
1663 758 1912 810 perpendisti
1924 773 1935 807 3
1963 758 2064 799 lucis
2089 759 2265 812 denique

232 824 342 876 leges
371 824 563 865 obscuras
595 824 745 878 ingenii
775 824 834 864 tui
864 823 1016 864 lumine
1049 824 1272 864 luculenter
1300 822 1515 862 illustrasti.
1576 823 1693 862 Idem
1731 821 1852 862 etiam
1891 822 2081 863 scientiae
2115 825 2265 864 mathe-

234 885 406 927 maticae
424 885 467 926 in
485 899 587 938 puro
607 887 785 938 quodam
805 887 919 926 caelo
938 885 1009 926 diu
1028 885 1169 934 vixisti,
1190 892 1312 936 atque
1331 884 1543 925 hominum
1563 897 1587 925 e
1609 884 1889 925 controversiis
1911 885 2051 936 procul
2074 892 2262 935 remotus,

234 947 455 1001 sapientiae
473 948 588 1000 quasi
606 948 648 988 in
669 949 821 1000 templo
841 949 1020 999 quodam
1041 960 1183 988 sereno
1198 960 1269 999 per
1284 947 1405 986 vitam
1422 954 1548 986 totam
1565 959 1728 986 securus
1744 946 1943 987 habitasti.
1994 948 2043 986 In
2059 954 2263 999 posterum

233 1018 368 1052 autem
400 1012 548 1052 famam
578 1010 809 1051 diuturnam
839 1010 913 1050 tibi
945 1017 1156 1062 propterea
1193 1009 1424 1062 praesertim
1462 1023 1712 1061 auguramur,
1748 1011 1871 1061 quod,
1907 1009 1948 1049 in
1982 1009 2154 1050 inventis
2187 1011 2265 1050 tuis

232 1074 512 1127 pervulgandis
532 1088 726 1127 perquam
750 1082 891 1114 cautus
915 1081 955 1114 et
977 1073 1265 1121 consideratus,
1287 1073 1387 1112 nihil
1409 1086 1731 1125 praeproperum,
1753 1073 1852 1112 nihil
1875 1072 2145 1121 immaturum,
2167 1073 2266 1113 nihil

231 1136 424 1189 temporis
460 1150 579 1177 cursu
616 1144 757 1189 postea
794 1137 1099 1185 obsolefactum‚
1140 1137 1212 1176 sed
1250 1135 1387 1176 omnia
1424 1142 1580 1175 matura
1612 1143 1652 1175 et
1689 1136 1874 1186 perfecta,
1907 1135 2045 1175 omnia
2077 1136 2266 1176 omnibus

232 1191 409 1239 numeris
427 1199 623 1247 absoluta,
645 1198 855 1251 protulisti.
914 1198 1029 1238 Talia
1055 1206 1219 1250 propter
1242 1198 1382 1238 merita
1407 1211 1490 1238 non
1515 1198 1640 1238 modo
1664 1197 1705 1237 in
1729 1197 1868 1238 insulis
1888 1197 2032 1238 nostris
2059 1198 2266 1239 doctrinae

232 1263 349 1303 sedes
368 1269 523 1314 septem
543 1270 583 1303 te
598 1264 808 1303 doctorem
823 1261 988 1302 honoris
1003 1275 1124 1302 causa
1139 1261 1477 1310 nominaverunt1,
1499 1261 1572 1301 sed
1587 1260 1708 1301 etiam
1724 1268 1880 1300 exterae
1891 1268 2030 1312 gentes
2045 1261 2266 1301 honoribus

233 1323 388 1366 eximiis
413 1324 594 1365 certatim
620 1325 954 1365 cumulaverunt2.
1017 1323 1157 1364 Hodie
1181 1325 1327 1364 eodem
1355 1323 1532 1364 doctoris
1556 1323 1672 1363 titulo
1699 1322 1923 1363 studiorum
1948 1330 2108 1364 tuorum
2134 1324 2266 1365 socios

233 1388 451 1428 nonnullos
482 1387 625 1428 exteris
656 1400 679 1427 e
710 1386 898 1439 gentibus
927 1387 981 1427 ad
1012 1399 1087 1426 nos
1115 1387 1318 1435 advectos,
1350 1394 1390 1426 et
1420 1385 1599 1438 ipsorum
1631 1392 1671 1425 et
1700 1392 1815 1425 tuum
1848 1385 1890 1425 in
1919 1387 2127 1436 honorem,
2159 1388 2267 1427 velut

232 1449 406 1502 exempli
425 1462 556 1499 causa,
578 1449 750 1489 libenter
769 1449 989 1489 ornamus⁸.
1050 1450 1100 1489 In
1123 1456 1362 1500 perpetuum
1389 1447 1566 1499 denique
1593 1447 1871 1488 observantiae·
1893 1455 2054 1489 nostrae
2077 1457 2117 1488 et
2143 1462 2267 1489 rever-

232 1511 366 1552 entiae
384 1511 671 1559 testimonium,
685 1511 727 1551 in
747 1512 943 1551 honorem
962 1510 1116 1551 alumni
1135 1511 1206 1551 diu
1224 1524 1248 1550 a
1268 1510 1386 1550 nobis
1403 1509 1540 1550 dilecti
1559 1517 1599 1550 et
1617 1510 1670 1549 ab
1684 1509 1771 1550 aliis
1787 1510 2027 1551 nomismate
2043 1511 2267 1552 honorifico

232 1588 316 1616 non
345 1588 429 1616 uno
458 1575 608 1624 donati,
640 1575 717 1627 ipsi
745 1574 945 1615 nomisma
978 1588 1129 1615 novum
1164 1575 1397 1614 cudendum
1426 1573 1662 1614 curavimus.
1723 1575 1773 1612 In
1804 1574 1958 1614 honore
1992 1581 2129 1615 nostro
2159 1588 2266 1615 novo

231 1637 275 1679 in
299 1645 341 1679 te
363 1638 538 1691 primum
561 1639 821 1687 conserendo,
843 1637 946 1678 inter
970 1637 1076 1678 vitae
1101 1645 1196 1678 ante
1218 1645 1331 1678 actae
1354 1636 1650 1689 gratulationes,
1674 1636 1747 1677 tibi
1770 1637 1908 1677 omnia
1929 1651 2119 1690 prospera
2144 1637 2265 1679 etiam

231 1700 275 1742 in
293 1709 500 1754 posterum
519 1708 768 1754 exoptamus.
827 1702 940 1741 Vale.

340 1766 499 1805 Datum
519 1765 562 1805 in
583 1765 771 1806 Senaculo

451 1820 591 1860 mensis
608 1820 742 1860 Iuniii
756 1819 818 1858 die
835 1820 997 1859 secundo

560 1874 612 1914 A.
635 1875 678 1915 S.
701 1884 961 1914 uncccxcrx.

493 2026 810 2077 Pennsylvaniae
848 2025 1113 2065 Um'versitati
1140 2026 1181 2066 S.
1205 2026 1252 2065 P.
1274 2027 1334 2065 D.
1376 2027 1626 2067 Um'versitas
1657 2027 2000 2079 Cantabnggnknszk.

341 2107 457 2162 (558)
483 2110 669 2149 Vsssnus
688 2123 737 2149 ex
756 2107 908 2156 litteris,
929 2107 1002 2148 viri
1021 2107 1256 2157 doctissimi,
1279 2122 1361 2149 non
1384 2108 1471 2149 sine
1491 2108 1639 2161 gaudio
1659 2123 1787 2161 nuper
1811 2109 2038 2158 didicimus,
2062 2110 2266 2152 Universi-

230 2179 356 2214 tatem
392 2180 575 2222 vestram,
615 2175 706 2225 plus
745 2186 867 2225 quam
905 2185 989 2212 uno
1027 2173 1070 2211 in
1108 2171 1335 2212 studiorum
1373 2186 1519 2224 genere
1561 2172 1896 2221 florentissimam,
1937 2173 2269 2225 iurisprudentiae

230 2235 463 2289 praesertim
486 2235 528 2276 in
554 2237 751 2276 honorem
775 2235 1006 2276 aedificium
1033 2248 1184 2275 novum
1208 2235 1396 2287 auspiciis
1420 2236 1583 2288 optimis
1602 2237 1839 2290 propediem
1866 2251 1954 2278 esse
1977 2238 2265 2280 dedicaturam.

233 2299 350 2340 Iuvat
381 2298 424 2338 in
456 2297 663 2350 provincia
694 2297 805 2350 pacis
837 2311 862 2337 a
895 2297 1116 2337 cultoribus
1149 2297 1299 2338 abhinc
1332 2311 1462 2338 annos
1495 2300 1585 2350 plus
1619 2312 1742 2351 quam
1775 2301 1974 2340 ducentos
2007 2314 2030 2340 e
2062 2301 2269 2342 Britannia

230 2361 420 2414 profectis
449 2373 638 2412 prospere
672 2367 882 2412 occupata,
917 2368 957 2400 et
989 2373 1038 2400 ex
1068 2359 1158 2412 ipso
1191 2359 1376 2400 coloniae
1405 2360 1447 2400 in
1480 2360 1598 2401 silvas
1631 2369 1780 2402 vestras
1815 2364 2015 2403 deductae
2048 2364 2268 2405 conditoris

231 2425 397 2466 nomine
419 2423 585 2464 feliciter
612 2423 831 2472 nominata,
857 2423 1031 2475 primum
1061 2422 1338 2472 Academiam,
1368 2423 1517 2463 abhinc
1545 2437 1674 2465 annos
1702 2432 1866 2465 centum
1895 2432 1936 2465 et
1964 2426 2265 2479 quinquaginta,

232 2487 330 2529 civis
348 2487 468 2528 vestri
487 2486 756 2527 celeberrimi⁴
774 2486 944 2527 consilio
964 2486 1172 2526 conditam
1191 2486 1401 2536 recordari,
1420 2486 1569 2527 deinde
1585 2488 1749 2529 nomine
1770 2497 1925 2529 mutato
1942 2490 2265 2541 Universitatem,

232 2549 497 2604 quadraginta
532 2548 649 2589 annis
687 2555 789 2600 post,
825 2548 1014 2600 auspiciis
1047 2548 1163 2588 novis
1201 2548 1462 2589 constitutam
1496 2551 1770 2602 contemplari.
1831 2553 1947 2591 Iuvat
1984 2551 2079 2592 iuris
2112 2553 2265 2602 studiis,

233 2611 513 2656 Universitatis
547 2619 699 2652 vestrae
731 2611 785 2651 ab
818 2610 970 2663 origine
1003 2612 1093 2662 plus
1126 2624 1249 2662 quam
1278 2619 1443 2651 centum
1473 2625 1544 2663 per
1572 2625 1701 2653 annos
1731 2613 1971 2654 Professoris
2000 2628 2048 2654 ex
2076 2616 2267 2656 cathedra

231 2676 429 2719 iuventuti
447 2684 602 2717 vestrae
622 2674 808 2725 traditis⁶,
827 2689 937 2715 nunc
957 2676 1122 2716 demum
1138 2675 1360 2727 comperire
1380 2675 1631 2716 domicilium
1652 2676 1883 2717 dedicatum
1903 2677 1960 2726 iri,
1976 2685 2035 2718 tot
2055 2678 2266 2719 illustrium

231 2740 604 2782 iurisconsultorum
624 2739 858 2780 nominibus
878 2752 961 2779 non
981 2738 1205 2791 indignum,
1226 2738 1295 2790 qui
1319 2738 1458 2779 vestris
1482 2753 1531 2779 ex
1554 2740 1798 2780 umbraculis
1823 2741 1982 2793 egressi,
2002 2741 2058 2782 rei
2080 2742 2267 2794 publicae

232 2811 386 2846 vestrae
418 2803 616 2845 maximae
648 2804 690 2844 in
723 2804 856 2843 lucem
889 2815 960 2854 per
993 2809 1052 2842 tot
1085 2815 1214 2842 annos
1242 2801 1451 2842 exierunt⁸.
1511 2804 1727 2843 Laetamur
1759 2817 1869 2844 nunc
1900 2805 2132 2856 praesertim
2165 2804 2268 2846 inter

232 2867 370 2908 fratres
402 2874 560 2908 nostros
593 2864 880 2906 transmarinos
911 2872 951 2905 et
983 2863 1233 2904 Britanniam
1262 2872 1440 2905 nostram
1470 2872 1530 2905 tot
1559 2865 1684 2905 animi
1711 2866 1873 2906 fraterni
1906 2868 2151 2908 documenta
2179 2868 2279 2909 esse¹

322 2971 335 2993 ¹
359 2973 502 3011 Oxford,
519 2972 732 3015 Edinburgh.
749 2971 922 3014 Glasgow,
940 2970 1133 3009 Aberdeen,
1151 2970 1294 3010 Dublin,
1312 2970 1473 3011 Victoria,
1494 2971 1653 3005 Cambrid
1679 2983 1698 3005 e
1715 2971 1783 3015 (no.
1802 2974 1862 3016 138
1872 2971 2001 3016 supra).
2100 2972 2114 2993 2
2136 2973 2268 3017 Knight

234 3016 274 3050 of
284 3016 343 3050 the
359 3017 515 3050 Prussian
531 3016 642 3050 Order
657 3017 751 3048 Pour
765 3016 794 3047 Ie
807 3016 953 3054 Me‘ritc;
978 3015 1123 3058 Foreign
1140 3014 1315 3048 Associate
1332 3015 1370 3047 of
1382 3015 1439 3047 the
1457 3015 1615 3048 Institute
1630 2982 1679 3048 οῗ
1682 3017 1710 3048 F
1711 3027 1822 3055 rance,
1841 3023 1905 3049 etc.
1987 3016 2001 3037 ⁸
2024 3028 2058 3060 p.
2076 3027 2136 3060 149
2151 3023 2267 3060 supra.

234 3059 250 3083 ⁴
273 3060 449 3093 Franklin.
581 3059 595 3080 ⁵
618 3059 692 3092 The
708 3070 824 3092 names
839 3059 876 3091 of
890 3059 1076 3091 Professors
1087 3060 1202 3101 James
1221 3059 1350 3091 Wilson
1363 3058 1476 3102 (1790)
1493 3060 1560 3092 and
1578 3061 1712 3102 George
1729 3060 1932 3094 Sharswood
1951 3060 2064 3104 (1850)
2082 3072 2207 3105 appear
2222 3073 2267 3095 on

235 3104 294 3138 the
309 3105 400 3138 main
415 3105 502 3137 door
516 3104 555 3137 os
567 3103 624 3136 the
640 3104 726 3136 New
744 3104 826 3135 Law
843 3102 980 3136 School.
1235 3101 1250 3123 ⁶
1272 3113 1333 3145 ag.
1354 3103 1486 3135 Wilson
1502 3114 1571 3136 was
1587 3115 1629 3136 an
1646 3105 1823 3137 Associate
1837 3105 1966 3147 Justice
1982 3105 2020 3137 of
2032 3105 2089 3138 the
2105 3105 2268 3148 Supreme

236 3147 344 3182 Court
359 3148 399 3181 of
409 3149 467 3182 the
485 3148 615 3182 United
630 3148 753 3187 states,
772 3147 839 3179 and
856 3146 1061 3181 Sharswood
1077 3146 1317 3190 ChiefJustice
1331 3146 1369 3179 of
1380 3146 1437 3180 the
1453 3146 1618 3190 Supreme
1634 3147 1740 3182 Court
1755 3148 1794 3181 of
1814 3149 2061 3192 Pennsylvania
2074 3148 2268 3193 (1878-82).

1218 3229 1296 3270 253
