2704 3770
634 325 706 374 A.
748 325 802 374 S.
839 324 1152 390 Faminlm.
1231 325 1399 374 Comte
1433 326 1491 374 de
1524 327 1893 391 Franquevz'lle.

245 469 485 522 gloriamur3
514 470 634 511 nobis
653 483 737 511 non
757 472 891 511 minus
910 484 1032 523 quarn
1053 471 1215 523 collegis
1234 478 1357 523 atque
1371 470 1510 511 amicis
1530 470 1676 511 nostris
1691 473 1963 513 transmarinis
1977 473 2019 513 in
2038 482 2275 525 perpetuum

246 533 580 586 estpropositum
603 534 728 575 ‘inter
747 534 866 575 silvas
885 534 1083 575 Academi
1103 547 1293 586 quaerere
1313 548 1451 574 verum
1465 533 1506 574 '¹.

356 623 472 676 (380)
493 626 631 665 INTER
651 627 840 667 doctores
861 633 1018 666 nostros
1039 639 1167 666 novos
1182 625 1334 678 primus
1350 625 1472 666 hodie
1487 625 1739 678 progreditur
1753 626 2017 666 Scientiarum
2034 629 2278 670 Academiae

247 687 637 730 Amstelodamensis
663 703 835 741 praeses,
858 691 1102 730 Batavorum
1128 696 1383 729 astronomus
1407 687 1584 740 insignis.
1643 688 1807 728 Abhinc
1833 702 1962 728 annos
1989 691 2276 741 septemdecim

247 749 405 790 consilii
432 752 567 804 magni
592 752 696 793 inter
723 760 907 794 auctores
933 752 1018 801 fuit,
1048 765 1130 804 quo
1158 751 1258 792 caeli
1288 751 1410 792 totius
1437 753 1585 802 stellae,
1613 751 1776 791 luminis
1805 751 1929 804 ipsius
1957 752 2104 793 auxilio
2133 755 2279 793 chartis

246 810 475 864 impressae,
503 814 799 855 accuratissime
830 816 1102 855 redderentur.
1162 814 1295 854 Etiam
1327 814 1369 854 in
1403 827 1525 866 opere
1555 814 1756 854 immenso
1787 827 1880 853 curn
1911 814 1997 853 aliis
2027 815 2280 855 consociatus

247 882 320 924 est,
341 887 424 927 quo
447 875 547 916 caeli
573 883 685 928 parte
714 876 1012 928 septentrionali
1039 876 1080 916 in
1101 876 1284 928 regiones
1305 877 1482 916 sedecim
1504 875 1642 924 divisa,
1666 877 1869 916 stellarum
1890 876 2107 916 multitudo
2126 876 2280 916 infinita

248 936 514 978 minutissime
551 939 837 979 observaretur.
897 940 1014 979 Iuvat
1052 939 1175 979 hodie
1213 939 1414 979 recordari
1452 939 1552 979 caeli
1583 939 1788 991 regionem
1819 947 2054 979 astronomo
2093 940 2281 980 Leidensi

246 999 488 1052 assignan
501 999 653 1052 regioni
666 1001 989 1052 Cantabrigiensi
1001 1015 1089 1042 esse
1104 1001 1410 1042 conterminam.
1449 1002 1564 1041 Idem
1579 1001 1801 1042 latitudinis
1817 1002 1879 1052 (ut
1891 1001 2021 1054 aiunt)
2036 1001 2280 1050 varietatem,

247 1059 356 1101 orbis
378 1068 570 1101 terrarum
592 1075 668 1102 axe
691 1062 829 1102 leviter
851 1062 1063 1104 vacillante
1088 1071 1279 1112 exortam,
1302 1063 1513 1115 diligenter
1538 1063 1768 1114 exploravit.
1827 1063 1985 1103 Talium
2007 1063 2181 1103 virorum
2205 1077 2284 1116 ope

247 1123 436 1176 Europae
461 1131 602 1175 gentes
630 1123 822 1165 scientiae
847 1138 984 1165 amore
1007 1125 1214 1175 excitatae,
1237 1126 1357 1166 etiam
1382 1125 1424 1166 in
1445 1126 1543 1166 orbe
1569 1133 1761 1166 terrarum
1787 1126 2011 1166 accuratius
2035 1126 2285 1167 dimetiendo

246 1185 421 1230 invicem
449 1194 614 1237 certant,
635 1187 856 1228 astronomi
885 1188 990 1229 illius
1015 1189 1172 1240 antiqui
1200 1190 1363 1230 laudem
1392 1190 1627 1238 aemulatae,
1659 1189 1892 1242 ‘descripsit
1921 1189 2033 1229 radio
2058 1197 2189 1229 toturn
2215 1189 2284 1241 qui

245 1250 433 1303 gentibus
452 1251 592 1292 orbem
607 1251 646 1292 ’².

359 1315 478 1355 Duco
502 1316 556 1356 ad
580 1328 652 1355 vos
675 1315 946 1357 astronomiae
966 1318 1234 1369 professorem
1255 1316 1510 1366 Leidensem,
1534 1318 1813 1357 HENDR1CUM
1835 1318 2087 1357 GERARDUM
2115 1328 2201 1356 VAN
2228 1328 2285 1356 DE

246 1377 395 1420 ,Sauum
414 1379 717 1419 ΒΑΚΗυγΖΕΝδ.

357 1460 473 1515 (381)
521 1464 747 1504 Russorum
786 1465 838 1504 ab
881 1464 1051 1517 imperio
1088 1466 1203 1505 adest
1241 1465 1455 1505 botanicae
1492 1466 1694 1517 professor
1731 1464 1912 1511 eximius,
1952 1464 2021 1516 qui
2060 1464 2283 1504 studiorum

249 1524 497 1578 provinciam
525 1534 668 1567 nactus
696 1528 1018 1579 pulcherrimam,
1051 1541 1182 1568 rerum
1212 1528 1406 1577 omnium,
1435 1542 1535 1580 quas
1563 1536 1666 1569 terra
1694 1528 1830 1580 gignit,
1862 1527 2154 1580 physiologiam
2183 1527 2287 1567 inter

250 1587 402 1640 primos
422 1588 652 1640 exploravit.
712 1589 847 1639 Quam
868 1590 1075 1642 exquisitis
1096 1604 1191 1630 usus
1211 1590 1506 1643 experimentis,
1530 1590 1707 1630 ostendit
1727 1589 1896 1630 artificio
1915 1604 2037 1642 quam
2061 1589 2287 1630 admirabili

250 1650 464 1691 herbarum
483 1665 610 1703 genus
629 1665 751 1692 omne
771 1652 866 1693 solis
886 1653 1006 1693 radiis
1026 1661 1178 1694 tactum
1199 1653 1367 1694 virescat
1379 1669 1390 1704 ς
1420 1653 1542 1694 etiam
1563 1654 1700 1694 subter
1718 1667 1843 1706 aquas
1863 1655 1974 1706 algae
1995 1653 2286 1693 minutissimae

251 1719 365 1753 motu
385 1715 557 1755 tremulo
577 1714 734 1754 vibrent
748 1729 759 1764 ;
787 1714 975 1755 foliorum
996 1716 1173 1768 denique
1192 1716 1376 1756 omnium
1396 1716 1438 1756 in
1458 1716 1568 1756 cellis
1592 1716 1812 1768 primordia
1834 1718 2036 1768 quaedam
2059 1715 2288 1756 viriditatis⁴

252 1787 341 1815 sese
360 1775 572 1827 explicent,
594 1777 666 1817 sed
686 1778 829 1817 eadem
857 1779 984 1818 solem
1005 1779 1175 1818 nimium
1196 1779 1456 1819 reformident
1475 1781 1482 1818 Ξ
1540 1779 1675 1828 Quam
1695 1778 1862 1818 feliciter
1880 1778 1989 1819 idem
2009 1791 2116 1818 novo
2135 1777 2288 1819 lumine

252 1851 337 1878 rem
375 1838 590 1879 obscuram
627 1839 848 1889 illustravit,
879 1841 1083 1893 vitamque
1116 1841 1226 1881 illam
1261 1843 1551 1890 communem⁵,
1585 1855 1688 1893 quae
1722 1842 1825 1882 inter
1861 1842 2050 1882 animalia
2088 1843 2288 1895 quaedam

252 1901 522 1943 minutissima
549 1910 590 1944 et
618 1905 796 1956 algarum
825 1906 990 1945 cellulas
1018 1904 1241 1953 intercedit,
1274 1905 1355 1946 diei
1383 1905 1424 1945 in
1454 1907 1587 1945 lucem
1616 1919 1744 1958 nuper
1772 1905 1988 1958 protraxit!

745 1979 755 1997 ‘
769 1976 827 2017 sic
855 1978 1180 2030 unumquicquid
1208 1978 1403 2030 paulatim
1432 1978 1627 2030 protrahit
1656 1986 1765 2018 aetas

768 2031 811 2071 in
840 2032 1033 2082 medium,
1064 2033 1247 2085 ratioque
1275 2033 1316 2073 in
1346 2033 1509 2073 luminis
1538 2033 1651 2085 erigit
1680 2031 1824 2073 oras'⁶.

363 2105 483 2145 Duco
501 2105 555 2145 ad
574 2118 646 2146 vos
661 2105 926 2146 Scientiarum
942 2107 1189 2148 Academiae
1206 2106 1536 2159 Petroburgensis
1551 2106 1719 2155 socium,
1735 2108 2005 2148 Professorem
2021 2108 2286 2147 FAMstvN.

363 2187 480 2242 (382)
500 2190 688 2242 Sequitur
707 2191 900 2244 deinceps
922 2193 1276 2244 Francogallorum
1296 2206 1319 2232 e
1339 2192 1546 2244 republica
1565 2191 1696 2244 vicina
1715 2192 1768 2231 ad
1787 2190 1903 2231 litora
1923 2198 2058 2231 nostra
2079 2204 2161 2231 non
2182 2204 2291 2231 nunc

251 2251 426 2304 primum
459 2265 577 2292 cursu
608 2266 799 2305 prospero
832 2255 1026 2295 advectus
1057 2254 1115 2294 vir
1147 2254 1461 2306 acceptissimus,
1498 2254 1567 2306 qui
1599 2253 1759 2294 Parisiis
1793 2253 1943 2294 abhinc
1977 2252 2195 2293 triennium
2229 2260 2289 2292 tot

254 2316 565 2358 Academiarum
589 2318 741 2369 legatos
767 2318 944 2370 hospitio
968 2318 1267 2370 elegantissimo
1296 2318 1464 2358 feliciter
1487 2318 1654 2370 excepit.
1714 2319 1831 2357 Idem
1861 2330 1944 2357 non
1972 2318 2097 2357 modo
2122 2318 2293 2356 Franco-

253 2378 448 2430 gallorum
476 2379 656 2419 Instituti
680 2380 927 2421 celeberrimi
956 2381 1163 2421 historiam
1190 2382 1415 2421 luculenter
1439 2380 1666 2430 enarravit⁷,
1691 2382 1763 2420 sed
1789 2380 1911 2420 etiam
1939 2379 2108 2431 Angliae
2134 2387 2293 2419 nostrae

255 2438 438 2480 instituta
463 2441 600 2480 omnia
625 2441 830 2493 vitamque
856 2442 1060 2493 publicam
1089 2442 1170 2482 suis
1197 2442 1324 2482 oculis
1354 2443 1579 2483 identidem
1609 2441 1830 2494 conspexit,
1861 2449 1901 2481 et
1933 2455 2094 2481 summo
2127 2441 2290 2489 iudicio,

257 2516 416 2545 summa
443 2503 738 2553 benevolentia,
770 2505 1002 2546 fidelissime
1031 2505 1273 2558 descripsit⁸.
1334 2505 1443 2547 Olim
1473 2507 1630 2547 advena
1659 2505 1836 2557 quidam,
1867 2504 2121 2552 Anacharsis,
2150 2517 2295 2555 genere

258 2564 385 2606 nobili
411 2573 541 2616 natus,
563 2567 633 2619 qui
662 2567 973 2608 Atheniensium
999 2568 1180 2608 instituta
1205 2568 1286 2608 acri
1310 2567 1528 2619 subtilique
1557 2567 1721 2619 ingenio
1749 2566 1990 2619 percensuit,
2011 2566 2114 2607 inter
2140 2573 2294 2618 septem

259 2628 461 2680 sapientes
482 2627 544 2681 (ut
562 2629 694 2683 aiunt)
715 2637 948 2670 numeratus
968 2637 1008 2670 et
1027 2630 1339 2671 Atheniensium
1361 2629 1521 2670 civitate
1541 2630 1715 2670 donatus
1736 2629 1826 2669 est⁹.
1885 2628 2128 2669 Anacharsis
2144 2636 2293 2677 noster,

257 2689 354 2731 iuris
377 2691 502 2732 nostri
528 2705 672 2732 censor
697 2694 825 2733 multo
851 2692 1052 2743 urbanior,
1075 2695 1203 2733 multo
1227 2693 1543 2741 benevolentior,
1564 2691 1688 2732 hodie
1711 2691 1871 2732 civitate
1894 2699 2031 2732 nostra
2050 2692 2297 2744 Academica

259 2752 403 2794 merito
422 2754 651 2804 donabitur,
673 2762 714 2795 et
732 2755 836 2796 inter
855 2755 1073 2796 duodecim
1094 2757 1280 2796 doctores
1301 2763 1458 2796 nostros
1479 2754 1622 2795 merito
1642 2753 1928 2794 numerabitur.

371 2818 490 2857 Duco
520 2819 573 2858 ad
603 2832 674 2859 vos
709 2820 1062 2871 Francogallorum
1098 2819 1277 2859 Instituti
1308 2820 1417 2859 haud
1448 2818 1503 2859 ita
1533 2818 1690 2871 pridem
1721 2817 1960 2871 praesidem,
1995 2818 2205 2859 COM1TEM
2241 2830 2298 2857 DE

262 2880 612 2926 FRANQUEVILLE.

348 2949 362 2971 ¹
386 2951 535 2991 Horace,
554 2952 641 2995 Epp.
661 2952 685 2985 ii
703 2963 733 2991 2,
751 2962 803 2994 45.
1019 2952 1033 2973 ²
1055 2954 1174 2996 Virgil,
1195 2955 1269 2987 Ecl.
1286 2953 1321 2987 iii
1338 2964 1391 2995 4¹·
1593 2951 1607 2973 ⁸
1632 2952 1806 2985 President
1822 2952 1861 2985 os
1872 2953 1930 2985 the
1948 2952 2057 2995 Royal
2075 2951 2250 2993 Academy
2266 2951 2305 2984 of

262 2993 432 3034 Sciences,
450 2995 681 3037 Amsterdam,
698 2997 766 3029 and
783 2997 960 3040 Secretary
976 2998 1015 3030 of
1027 2998 1084 3030 the
1102 2998 1348 3031 International
1364 2997 1531 3031 Geodetic
1549 2997 1777 3030 Association.
2020 2994 2034 3015 ⁴
2061 2996 2294 3038 Chloroplasts.

262 3036 277 3058 ⁸
298 3038 489 3081 Symbiosis.
642 3038 656 3060 ⁰
679 3041 866 3079 Lucretius,
885 3052 904 3073 v
925 3053 1008 3084 1454
1019 3042 1042 3074 f.
1212 3041 1226 3062 ⁷
1253 3043 1347 3085 1895.
1502 3039 1517 3060 ⁸
1539 3042 1602 3074 Les
1616 3041 1829 3073 institutions
1837 3040 2027 3083 polz‘tiques‚
2035 3040 2250 3082 judicz'aires,
2269 3044 2300 3072 et

261 3082 547 3117 administrativa
562 3084 599 3116 de
614 3083 846 3127 I’Angleterre,
867 3084 948 3127 1863
967 3085 1031 3128 (ed.
1054 3096 1084 3125 2,
1108 3084 1203 3129 1864)
1219 3097 1229 3125 ;
1259 3087 1572 3129 Legouvernement
1589 3090 1621 3118 et
1645 3085 1675 3118 le
1694 3085 1901 3127 parlament.
1914 3107 1941 3123 .‚
1964 3084 2067 3125 1887;
2095 3084 2143 3116 Le
2165 3086 2301 3126 systeme

258 3125 467 3204 ἑαάιίῗέιὶνέ.
479 3151 487 3160 .
498 3151 508 3168 ,
532 3129 631 3171 1893;
656 3128 719 3161 Du
735 3129 857 3171 re‘gimc
871 3130 925 3162 des
938 3133 1087 3163 travaux
1095 3131 1225 3173 publics
1236 3153 1244 3161 .
1257 3154 1265 3162 .
1277 3155 1286 3171 ,
1306 3129 1360 3163 ed.
1379 3139 1409 3167 2,
1429 3130 1524 3171 1875.
1757 3127 1771 3150 ⁹
1795 3127 1896 3172 Diog.
1915 3129 2028 3162 Laert.
2045 3127 2056 3161 i
2071 3139 2110 3170 41
2124 3139 2134 3167 ς
2159 3127 2298 3164 Lucian,

289 3180 328 3212 cy
391 3194 400 3210 ,
444 3193 452 3201 .
2118 3189 2125 3196 ,,

375 3254 450 3283 s.s.
1247 3258 1320 3296 177
2146 3258 2195 3295 23
