2704 3770
584 351 735 401 Duke
769 351 832 415 of
855 349 1145 399 Richmond.
1216 349 1360 397 Earl
1392 347 1642 397 Cathcart.
1717 346 1813 394 Sir
1832 345 1973 411 John
2019 345 2069 392 T
2061 343 2246 393 horold.

416 501 500 542 iure
524 498 781 552 praepositus,
813 497 944 537 statim
972 495 1243 540 munificentia
1270 507 1426 535 summa
1452 505 1671 545 pauperum
1697 498 1920 531 nostrorum
1950 491 2165 531 valetudini
2190 489 2419 530 consuluit¹.

416 563 514 603 Viro
533 570 615 603 tam
634 561 825 601 munifico
845 561 942 600 dum
961 559 1084 598 animi
1102 558 1201 610 grati
1220 572 1268 598 ex
1286 556 1532 597 abundantia
1553 555 1710 595 titulum
1734 561 1914 594 nostrum
1937 554 2059 594 hodie
2081 555 2290 604 donamus,
2314 552 2422 593 venit

417 625 459 665 in
487 623 721 665 memoriam
750 622 946 662 monitum
975 621 1073 661 illud
1101 620 1309 671 antiquum
1325 619 1506 659 :-‘date
1533 625 1573 657 et
1602 616 1760 657 dabitur
1788 615 1900 656 vobis
1913 629 1925 664 3
1954 628 2177 655 mensuram
2206 615 2355 654 bonam
2383 621 2423 655 et

418 690 636 729 confertam
670 695 709 727 et
740 685 975 737 coagitatam
1006 691 1045 724 et
1076 683 1421 735 supereffluentem
1454 680 1607 720 dabunt
1637 678 1678 718 in
1712 680 1843 718 sinum
1875 685 2072 718 vestrum:
2105 678 2247 717 eadem
2275 675 2424 728 quippe

418 759 614 797 mensura,
646 762 724 800 qua
753 747 880 787 mensi
908 745 1068 794 fueritis,
1100 743 1326 784 remetietur
1353 742 1517 782 vobis’2.

527 813 646 851 Duco
665 811 717 851 ad
736 823 806 850 vos
828 807 1006 860 Reginae
1025 809 1198 858 legatum
1218 804 1463 853 munificum,
1484 805 1790 843 ALEXANDRUM
1812 803 2052 841 PECKOVER.

529 926 639 978 (227)
677 924 863 976 Sequitur
894 922 1084 974 deinceps
1123 920 1399 962 Universitatis
1436 918 1736 960 Aberdonensis
1767 916 2046 966 Cancellarius,
2085 915 2143 956 vir
2178 915 2219 956 in
2255 915 2425 968 publicis

420 989 538 1030 rebus
561 999 847 1039 saepenumero
871 999 963 1026 cum
987 985 1107 1025 laude
1131 991 1316 1032 versatus,
1340 983 1453 1024 cuius
1480 990 1591 1034 pater
1618 981 1890 1033 Agricolarum
1915 980 2099 1021 Societati
2127 979 2275 1020 abhinc
2296 992 2424 1020 annos

420 1051 708 1105 quinquaginta
736 1057 922 1102 quattuor
949 1061 1105 1100 praeses
1133 1060 1256 1099 prope
1284 1046 1433 1098 primus
1461 1045 1546 1093 suit,
1570 1045 1719 1096 quique
1747 1044 1831 1095 ipse
1859 1043 2047 1084 Societati
2074 1043 2205 1083 eidem
2232 1042 2292 1082 bis
2320 1055 2428 1094 prae-

419 1114 583 1167 positus,
613 1113 715 1153 inter
747 1111 995 1153 Oxonienses
1029 1123 1121 1149 suos
1152 1109 1313 1149 honoris
1340 1108 1456 1148 titulo
1485 1121 1593 1147 anno
1621 1107 1765 1147 eodem
1793 1113 1852 1146 est
1879 1113 2051 1154 ornatus,
2082 1118 2163 1156 quo
2192 1103 2427 1146 Cancellarii

419 1175 543 1216 nostri
568 1182 689 1227 pater,
712 1173 981 1215 Cancellarius
1007 1172 1102 1223 ipse,
1125 1170 1311 1217 Societati
1334 1169 1531 1222 praefuit&
1589 1168 1727 1208 Virum
1751 1175 1810 1208 tot
1829 1166 1951 1207 titulis
1970 1167 2049 1206 iam
2068 1166 2222 1218 pridem
2241 1173 2424 1206 ornatum

420 1238 540 1279 etiam
569 1244 726 1278 nosmet
754 1236 828 1288 ipsi
857 1235 978 1275 hodie
1006 1234 1174 1274 libenter
1202 1235 1447 1273 decoramus.
1505 1231 1630 1284 Atqui
1658 1233 1811 1271 nullum
1837 1230 1994 1270 titulum
2020 1229 2095 1281 ipsi
2116 1230 2311 1281 potiorem
2339 1242 2426 1270 esse

420 1299 618 1340 credimus
644 1313 766 1351 quam
794 1312 818 1338 a
845 1297 1028 1349 Principe
1049 1304 1185 1336 nostro
1205 1296 1307 1336 inter
1325 1297 1461 1348 epulas
1485 1295 1610 1346 regias
1630 1294 1839 1335 Societatis
1862 1307 1956 1334 suae
1974 1293 2015 1333 in
2038 1295 2232 1333 honorem
2252 1292 2428 1333 habitas⁴

420 1365 551 1416 palam
571 1363 691 1404 fuisse
710 1364 953 1414 appellatum
978 1360 1257 1412 ‘agricolarum
1286 1359 1460 1399 amicum
1473 1360 1511 1397 '⁵.

530 1427 648 1466 Duco
666 1427 719 1466 ad
738 1438 808 1465 vos
826 1423 1069 1476 periscelidis
1088 1422 1263 1474 equitem
1283 1421 1599 1470 illustrissimum,
1624 1422 1781 1461 DUCEM
1801 1432 1858 1459 DE
1877 1421 2129 1460 RchMOND.

529 1539 645 1594 (228)
666 1538 824 1579 Incedit
842 1539 1044 1590 proximus
1063 1536 1120 1577 vir
1139 1535 1283 1588 insigni
1302 1537 1436 1587 lepore
1455 1542 1495 1576 et
1513 1535 1729 1576 litterarum
1748 1547 1883 1575 amore
1897 1533 2108 1587 praeditus,
2126 1533 2195 1586 qui
2214 1525 2428 1574 maioribus

422 1603 524 1643 inter
551 1616 660 1642 arma
687 1601 903 1642 illustribus
931 1600 1152 1649 oriundus⁶,
1176 1600 1399 1640 Minervam
1424 1607 1462 1639 et
1489 1600 1675 1640 Cererem
1702 1612 1785 1639 non
1807 1599 1938 1638 minus
1958 1611 2078 1650 quam
2103 1599 2275 1638 Martem
2294 1597 2426 1638 coluit.

423 1668 518 1719 Ipsa
543 1667 664 1707 Ceres
688 1665 809 1705 filiam
836 1678 961 1713 suam,
982 1663 1075 1704 solis
1102 1676 1150 1703 ex
1177 1662 1327 1702 lumine
1353 1661 1501 1702 telluris
1524 1661 1565 1701 in
1590 1661 1740 1714 gremio
1768 1661 2057 1709 absconditam,
2079 1660 2231 1701 facibus
2253 1660 2430 1700 accensis

423 1728 662 1780 quaesivisse
689 1729 810 1767 fertur
822 1742 833 1776 ς
862 1726 1015 1767 Cereris
1043 1733 1177 1766 autem
1206 1726 1334 1765 cultor
1358 1724 1532 1776 insignis,
1561 1738 1681 1776 quem
1709 1724 1831 1765 hodie
1856 1726 2081 1773 salutamus,
2107 1723 2206 1764 nihil
2230 1723 2431 1775 antiquius

423 1789 536 1831 duxit
554 1803 686 1842 quam,
708 1789 916 1830 Societatis
941 1802 1036 1828 suae
1055 1787 1164 1828 fastis
1189 1787 1405 1827 litterarum
1424 1789 1513 1827 luce
1538 1787 1748 1835 illustratis,
1770 1787 1937 1840 Angliae
1962 1788 2083 1828 totius
2101 1787 2281 1839 agricolis
2303 1787 2431 1827 facem

424 1852 630 1892 doctrinae
659 1851 948 1903 praetendere⁷.
1007 1850 1166 1890 Talium
1193 1849 1364 1890 virorum
1398 1849 1546 1898 merita,
1581 1849 1683 1890 inter
1716 1850 1869 1891 Cereris
1902 1850 2102 1890 ministros
2139 1862 2221 1890 non
2251 1849 2430 1896 obscura,

425 1914 544 1954 etiam
582 1914 825 1954 Academiae
862 1913 903 1953 in
941 1914 1071 1953 lucem
1110 1912 1232 1952 hodie
1268 1912 1437 1952 libenter
1473 1913 1717 1964 proferimus,
1758 1913 1943 1953 Cererem
1982 1913 2107 1964 ipsam
2141 1920 2261 1964 atque
2298 1913 2431 1951 Solem

426 1976 599 2016 veritatis
626 1975 816 2016 arbitrum
846 1974 1046 2026 Euripidis
1075 1974 1203 2014 verbis
1232 1973 1362 2014 testati
1377 1989 1441 2014 :—

1423 2045 1492 2096 τήν
1519 2063 1560 2086 τε
1586 2045 1780 2098 πυρφόρον
1807 2047 1896 2086 θεὰν

991 2099 1177 2151 Δήμητρα
1207 2100 1351 2150 θέμενοι
1377 2099 1534 2152 μάρτυρ’
1560 2099 1670 2150 ἡλίου
1696 2117 1738 2139 τε
1765 2101 1871 2151 φῶςΒ.

536 2177 654 2216 Duco
672 2176 725 2216 ad
744 2187 815 2215 vos
833 2173 960 2214 virum
980 2174 1202 2214 admodum
1222 2173 1510 2221 honorabilem,
1531 2175 1738 2215 CoMrrEM
1759 2174 2002 2215 CATHcART.

537 2291 651 2343 (229)
681 2293 906 2331 Salutamus
936 2289 1125 2341 deinceps
1151 2289 1277 2329 virum
1298 2289 1504 2330 Societatis
1531 2297 1682 2330 vestrae
1705 2289 1961 2330 consiliorum
1980 2302 2104 2341 prope
2129 2289 2170 2328 in
2196 2289 2307 2330 omni
2325 2297 2436 2342 parte

429 2357 627 2408 praeclare
660 2354 856 2403 meritum,
888 2352 1122 2395 Cancellarii
1155 2353 1279 2392 nostri
1311 2352 1352 2392 in
1385 2354 1476 2392 loco
1508 2352 1549 2392 in
1578 2366 1728 2392 annum
1757 2354 1980 2405 proximum
2009 2351 2236 2393 Praesidem
2264 2359 2437 2393 vestrum

431 2419 693 2471 designatum.
753 2420 828 2459 Per
855 2430 982 2458 annos
1006 2418 1229 2468 complures
1257 2429 1439 2468 agrorum
1466 2428 1627 2456 suorum
1657 2416 1785 2457 reditu
1814 2415 2020 2456 infeliciter
2046 2415 2269 2463 imminuto,
2290 2421 2440 2467 quanta

430 2481 553 2521 animi
585 2493 677 2520 cum
712 2478 996 2531 magnitudine,
1027 2485 1176 2529 quanta
1206 2491 1298 2518 cum
1332 2476 1574 2525 fortitudine,
1604 2491 1647 2518 se
1679 2477 1807 2529 gessit.
1869 2478 2002 2528 Quam
2033 2477 2197 2529 dignum
2227 2477 2346 2517 laude
2374 2475 2440 2516 illa

433 2542 657 2583 Horatiana
685 2554 771 2581 sese
798 2539 989 2592 praestitit
1004 2554 1067 2579 :—

1351 2605 1431 2642 ‘est
1459 2602 1615 2642 animus
1644 2601 1716 2641 tibi

1082 2669 1291 2707 rerumque
1319 2657 1493 2707 prudens
1522 2664 1561 2696 et
1590 2656 1776 2696 secundis

1081 2710 1327 2762 temporibus
1355 2710 1567 2762 dubiisque
1596 2710 1776 2750 rectus'⁹.

545 2791 663 2829 Duco
683 2789 736 2828 ad
755 2801 826 2828 vos
847 2788 1106 2827 Baronettum
1126 2785 1327 2833 illustrem,
1351 2786 1554 2824 IoANNEM
1574 2786 1817 2823 HENRICUM
1837 2785 2058 2823 THORoLD.

542 2901 655 2955 (230)
685 2902 812 2941 Adest
837 2900 1027 2952 deinceps
1053 2900 1110 2940 vir
1132 2899 1173 2938 in
1196 2899 1303 2939 bello
1325 2899 1530 2949 quondam
1550 2897 1725 2948 insignis,
1746 2897 1786 2936 in
1806 2910 1904 2948 pace
1923 2904 2062 2948 postea
2080 2895 2248 2944 illustris,
2270 2895 2441 2947 primum

436 2964 597 3003 Senatui
631 2961 858 3002 Britannico
890 2969 969 3002 tres
1002 2969 1041 3001 et
1071 2961 1229 3012 triginta
1260 2972 1388 2999 annos
1419 2959 1663 3010 adscriptus3
1702 2957 1849 2998 deinde
1881 2957 2048 3009 Angliae
2080 2957 2201 2997 totius
2234 2970 2442 2997 nemorum

522 3041 535 3062 ¹
561 3043 593 3074 A
610 3042 801 3075 munificent
817 3042 1008 3075 benefactor
1023 3046 1058 3074 to
1073 3037 1352 3074 Addenbrooke’s
1369 3038 1538 3081 Hospital.
1640 3035 1654 3056 ²
1676 3038 1711 3069 S.
1729 3037 1837 3068 Lucae
1851 3037 1920 3069 Ev.
1937 3036 1969 3068 vi
1986 3037 2037 3078 38.
2128 3034 2142 3055 ³
2169 3037 2259 3098 1820.
2358 3032 2372 3053 ⁴
2394 3034 2443 3066 At

438 3086 495 3118 the
509 3086 642 3127 Jubilee
658 3086 810 3128 Meeting
824 3085 862 3118 of
874 3085 930 3118 the
948 3085 1082 3126 Society
1098 3089 1132 3116 at
1148 3084 1319 3119 Windsor,
1340 3083 1432 3124 1889.
1576 3079 1589 3099 ⁵
1614 3082 1623 3097 ‘
1637 3080 1710 3112 The
1727 3079 1890 3112 Farmer’s
1906 3080 2028 3112 Friend
2041 3081 2062 3111 ².
2235 3088 2295 3120 eg.
2311 3077 2368 3110 the
2384 3077 2442 3109 8th

439 3129 506 3160 and
520 3129 579 3170 9th
596 3130 735 3166 Barons,
752 3130 818 3161 and
837 3129 935 3167 (their
951 3128 1150 3166 successors)
1167 3127 1223 3159 the
1244 3130 1291 3159 rst
1307 3125 1374 3157 and
1390 3125 1456 3157 2nd
1473 3124 1569 3157 Earls
1586 3124 1754 3155 Cathcart.
1925 3121 1938 3143 ⁷
1963 3123 2042 3155 Earl
2058 3122 2216 3155 Cathcart
2231 3120 2443 3163 represented

440 3173 497 3204 the
513 3172 646 3214 literar-y
661 3172 727 3203 and
744 3172 953 3205 educational
970 3172 1040 3203 side
1056 3170 1094 3203 of
1105 3171 1162 3203 the
1178 3169 1341 3210 Society’s
1357 3168 1459 3200 work.
1595 3167 1609 3187 ⁸
1632 3167 1807 3208 Supplices,
1829 3166 1902 3199 260.
2035 3165 2048 3185 ⁹
2074 3167 2186 3198 Carm.
2206 3166 2238 3197 iv
2255 3175 2286 3209 9,
2305 3174 2354 3205 34.

1411 3255 1485 3292 114
