2704 3770
879 353 1139 402 th‘telaw
1174 353 1316 401 Rezd.
1389 352 1562 415 Rajalz
1596 352 1660 415 of
1687 350 1924 400 Gwalz’or.

390 499 630 540 umbraculis
652 499 799 540 abhinc
824 513 952 540 annos
976 499 1134 552 triginta
1158 512 1347 551 egressus,
1369 505 1522 550 septem
1547 496 1736 548 deinceps
1761 495 1803 535 in
1828 495 1937 544 locis,
1960 507 2061 547 quos
2089 494 2210 536 hodie
2232 493 2396 535 recitare

390 564 553 614 longum
586 569 656 611 est,
691 561 894 602 laboribus
927 561 1046 602 sacris
1075 575 1158 601 non
1189 561 1273 601 sine
1302 561 1421 601 laude
1454 561 1613 600 functus
1641 566 1711 607 est,
1742 557 1908 609 Spiritus
1941 556 2044 596 illius
2076 556 2201 597 divini
2232 569 2398 596 munera

389 631 554 676 septem,
575 637 678 676 quae
700 631 739 664 et
763 623 804 664 in
826 623 1063 676 presbyteris
1083 630 1122 664 et
1140 622 1181 662 in
1201 621 1397 674 episcopis
1421 620 1652 661 ordinandis
1675 626 1920 671 exoptantur,
1942 618 2027 658 sine
2053 618 2178 659 dubio
2200 625 2394 670 expertus,

1143 696 1212 748 qui
1241 694 1478 747 septiformis
1506 694 1653 746 gratiae
2271 694 2274 697 ’

1143 751 1211 791 dat
1239 751 1467 801 septiforme
1494 750 1658 796 donum,

1142 803 1294 844 virtutis
1323 802 1554 855 septifariae‚

1141 865 1293 910 septem
1322 857 1558 909 petitionum
1570 857 1594 895 ¹.

391 921 562 970 Etenim,
577 929 620 961 ut
637 921 823 973 Hugonis
836 922 887 961 de
902 921 1036 961 Sancti
1051 920 1223 960 Victoris
1238 918 1479 959 monasterio
1499 932 1521 958 e
1541 916 1835 958 commentariis
1851 915 2140 968 aliquantulum
2157 922 2395 964 mutuemur,

390 986 399 1003 ‘
413 990 564 1034 septem
585 983 796 1035 petitiones
819 982 860 1022 in
885 981 1099 1022 Dominica
1122 980 1314 1023 Oratione
1336 987 1544 1032 propterea
1566 986 1779 1030 ponuntur,
1801 985 1844 1017 ut
1868 985 2020 1029 septem
2046 978 2154 1017 dona
2177 990 2397 1017 mereamur

388 1045 554 1097 Spiritus
579 1045 724 1094 Sancti,
756 1044 900 1097 quibus
926 1043 1161 1096 recipiamus
1187 1051 1339 1095 septem
1363 1043 1631 1094 virtutessper
1656 1055 1767 1093 quas,
1795 1054 1819 1080 a
1841 1048 1991 1091 septem
2018 1039 2121 1079 vitiis
2147 1039 2312 1089 liberati,
2341 1041 2395 1080 ad

347 1100 349 1102 ’
388 1114 541 1158 septem
580 1106 855 1159 perveniamus
893 1105 1211 1147 beatitudinesm.
1271 1105 1383 1144 Faxit
1423 1106 1543 1152 Deus,
1579 1111 1634 1151 ut,
1669 1101 1846 1154 episcopi
1883 1101 1924 1141 in
1962 1114 2126 1141 munere
2163 1101 2396 1142 difficillimo

387 1169 588 1217 obeundo,
609 1170 793 1208 alumnus
813 1175 947 1208 noster
965 1168 1116 1219 populo
1135 1167 1229 1207 fidei
1249 1179 1343 1206 suae
1366 1166 1518 1206 credito
1539 1164 1648 1216 pacis
1672 1171 1711 1204 et
1734 1163 1972 1204 concordiae
1995 1176 2131 1203 suasor
2154 1170 2194 1203 et
2218 1164 2396 1203 hortator

386 1229 570 1270 assiduus
606 1230 720 1278 adsit,
756 1237 796 1269 et
833 1229 899 1269 illa
937 1230 1076 1269 saltem
1114 1228 1361 1268 beatitudine
1398 1241 1481 1268 non
1518 1226 1705 1278 indignus
1738 1225 1980 1265 existimetur
1994 1226 2071 1264 :—‘
2083 1224 2189 1265 beati
2226 1223 2392 1277 pacifici,

387 1294 578 1343 quoniam
607 1291 676 1331 filii
706 1293 781 1331 Dei
811 1291 1110 1331 vocabuntur'ss.

494 1356 613 1395 Duco
640 1355 692 1394 ad
718 1367 788 1394 vos
814 1353 940 1393 virum
965 1354 1186 1394 admodum
1215 1354 1487 1402 reverendum,
1511 1354 1715 1392 ΙοΑΝΝΕΜ
1742 1353 2062 1392 NATHAMELEM
2090 1352 2249 1401 QUIRK,
2269 1349 2395 1390 archi-

385 1416 562 1468 episcopi
582 1416 847 1457 Eboracensis
866 1415 1099 1468 episcopum
1119 1415 1372 1456 adiutorem⁴.

1196 1633 1255 1667 10
1286 1617 1427 1685 June
1467 1634 1588 1679 1902

488 1733 602 1786 (346)
633 1735 685 1773 IN
708 1735 903 1774 honorem
929 1734 1025 1774 anni
1051 1735 1282 1786 sexagesimi
1305 1749 1353 1775 ex
1375 1749 1457 1787 quo
1481 1735 1636 1786 Regina
1658 1733 1836 1774 Victoria
1858 1747 2019 1786 regnare
2039 1739 2234 1786 coeperat,
2256 1734 2392 1774 aderat

381 1798 532 1848 legatus
555 1796 718 1848 insignis
743 1810 767 1836 a
790 1797 993 1849 republica
1020 1797 1191 1837 maxima
1214 1805 1320 1837 trans
1343 1811 1493 1849 aequor
1518 1797 1764 1837 Atlanticum
1786 1798 1840 1837 ad
1861 1796 2107 1836 Britanniam
2126 1795 2390 1836 transmissus.

381 1861 552 1912 Legatus
580 1859 687 1899 idem
717 1861 851 1900 denuo
880 1862 1003 1909 adest,
1032 1868 1076 1900 ut
1105 1860 1226 1912 Regis
1256 1862 1378 1901 nostri
1407 1861 1696 1902 consecrationi
1726 1860 1888 1900 honoris
1916 1873 2036 1900 causa
2060 1859 2223 1900 intersit.
2281 1859 2392 1899 Nihil

380 1923 472 1963 dico
505 1924 558 1962 de
585 1922 782 1973 legatione
811 1923 895 1963 eius
924 1923 1025 1963 inter
1054 1925 1332 1976 Francogallos
1362 1925 1465 1964 bene
1492 1932 1602 1976 gesta
1615 1939 1626 1974 3
1664 1924 1762 1963 nihil
1795 1925 1847 1963 de
1876 1923 1980 1962 illius
2013 1921 2307 1962 commentariis
2338 1921 2391 1962 ab

381 1987 524 2026 eodem
558 1985 685 2033 editis,
707 1984 776 2036 qui
804 1987 1023 2030 orationem
1053 1986 1202 2026 idcirco
1231 1987 1348 2027 nobis
1379 1989 1569 2027 donatam
1598 1987 1842 2035 existimavit,
1874 1993 1918 2025 ut
1945 1985 2068 2025 animi
2100 1985 2224 2025 nostri
2252 1998 2391 2024 sensus

381 2048 628 2088 celaremus⁶.
687 2049 895 2087 Praetereo
914 2061 1041 2088 annos
1061 2049 1218 2100 triginta
1237 2050 1278 2089 in
1297 2050 1394 2089 actis
1418 2050 1568 2090 diurnis
1592 2050 1739 2090 tribuni
1762 2051 1836 2090 sub
1860 2049 2023 2090 nomine
2046 2048 2199 2101 egregie
2224 2047 2390 2088 edendis

381 2110 568 2148 exactos⁶.
609 2110 673 2148 Ne
686 2108 973 2149 humanitatem
986 2110 1147 2161 quidem
1161 2111 1245 2150 eius
1258 2111 1494 2163 singularem
1507 2124 1790 2160 commemoro,
1801 2125 1879 2162 qua
1891 2110 2070 2162 pecuniis
2081 2109 2227 2150 totiens
2239 2109 2392 2150 collatis

382 2178 441 2211 tot
459 2184 678 2222 pauperum
698 2184 841 2221 pueros
865 2172 1021 2212 urbium
1049 2186 1280 2224 magnarum
1305 2188 1327 2214 e
1351 2175 1467 2213 turba
1492 2174 1589 2213 ruris
1615 2173 1739 2214 divini
1757 2173 1799 2213 in
1819 2179 1909 2213 aera
1931 2172 2129 2225 puriorem
2151 2173 2392 2213 emittendos

382 2232 561 2275 curavit⁷.
621 2234 728 2273 Illud
753 2247 876 2274 unum
899 2235 1014 2276 dico:
1043 2237 1161 2288 legati
1184 2244 1265 2276 tam
1288 2237 1452 2288 insignis
1471 2237 1513 2276 in
1535 2250 1705 2288 persona
1728 2235 2002 2287 acceptissima
2026 2234 2266 2286 reipublicae
2288 2234 2392 2275 illius

381 2296 680 2344 humanitatem,
721 2296 1050 2347 benevolentiam,
1090 2299 1315 2348 amicitiam,
1356 2299 1477 2340 hodie
1519 2306 1611 2340 ante
1653 2301 1791 2340 oculos
1834 2306 1991 2339 nostros
2032 2305 2258 2350 praesentes
2299 2311 2393 2338 con·

381 2358 628 2409 templamur,
649 2365 699 2405 et,
722 2371 803 2397 non
827 2361 952 2399 modo
977 2359 1099 2412 ipsius
1125 2362 1196 2401 sed
1222 2361 1342 2401 etiam
1368 2361 1506 2414 populi
1528 2362 1588 2401 sui
1612 2361 1745 2413 magni
1768 2361 1809 2401 in
1835 2362 2040 2408 honorem,
2062 2362 2234 2412 legatum
2259 2359 2389 2412 ipsum

382 2419 642 2459 libentissime
670 2421 897 2460 salutamus.

493 2483 610 2521 Duco
643 2482 695 2521 ad
727 2495 798 2522 vos
830 2482 955 2522 virum
989 2485 1276 2533 honorabilem,
1307 2486 1481 2526 doctoris
1514 2486 1630 2526 titulo
1659 2486 1802 2538 triplici
1831 2493 1938 2526 trans
1968 2498 2164 2526 oceanum
2193 2491 2388 2533 ornatum,

383 2542 623 2595 reipublicae
652 2543 846 2584 maximae
874 2546 1158 2587 transmarinae
1186 2549 1370 2600 legatum,
1402 2549 1647 2588 WHITELAW
1675 2547 1820 2588 Rmn‘h

490 2655 604 2707 (347)
635 2656 755 2707 Regis
779 2656 903 2697 nostri
928 2657 969 2697 in
995 2659 1199 2709 honorem,
1222 2674 1332 2713 reges
1355 2661 1519 2714 quidam
1542 2662 1715 2715 insignes
1739 2675 1786 2703 ex
1810 2662 1928 2702 India
1950 2661 2109 2713 publice
2129 2661 2268 2710 vocati,
2289 2660 2390 2713 regis

382 2718 506 2759 nostri
538 2718 799 2758 consecrandi
829 2723 1057 2770 spectaculo
1087 2723 1256 2763 sollenni
1293 2724 1455 2765 honoris
1488 2738 1607 2765 causa
1639 2733 1732 2765 sunt
1761 2725 1994 2765 interfuturi.
2053 2724 2170 2765 India
2202 2738 2225 2764 e
2258 2724 2391 2764 media

382 2782 435 2821 ad
458 2795 531 2821 nos
554 2782 765 2821 advectum
788 2782 910 2823 hodie
933 2783 1101 2825 libenter
1126 2787 1342 2826 salutamus
1362 2787 1487 2827 virum
1508 2801 1630 2840 regno
1650 2801 1734 2836 suo,
1757 2787 1978 2828 Caledonia
1996 2795 2130 2827 nostra
2151 2800 2234 2827 non
2258 2785 2390 2826 minus

382 2845 459 2884 late
497 2844 659 2896 patenti,
694 2844 844 2885 fortiter
876 2853 915 2885 et
947 2847 1145 2898 sapienter
1175 2849 1436 2900 gubernando
1473 2849 1665 2901 imprimis
1703 2849 1895 2898 deditum,
1931 2849 2010 2901 qui,
2046 2849 2165 2888 etiam
2198 2848 2239 2888 in
2272 2849 2390 2888 rebus

469 2939 481 2961 ¹
508 2940 577 2971 ‘Tu
594 2940 809 2981 septiformis’
835 2948 910 2982 etc.,
941 2944 1068 2976 ‘dans'
1095 2949 1158 2977 ete.
1181 2946 1307 2988 quoted
1333 2947 1367 2977 in
1397 2946 1528 2978 Flacius
1554 2946 1718 2988 Illyricus,
1752 2946 1855 2978 Varia
1881 2947 2046 2985 Poimata,
2074 2956 2108 2987 p.
2134 2944 2187 2982 66,
2214 2945 2268 2977 ed.
2295 2953 2389 2986 1557,

385 2986 393 3001 ⁴
406 2983 503 3022 Veni,
522 2983 662 3016 Creator
678 2984 832 3026 Spiritus,
852 2986 994 3028 Spiritus
1009 2995 1171 3020 recreator
1182 2989 1202 3019 '.
1414 2989 1428 3009 ²
1450 2988 1611 3022 Trench’s
1626 2990 1748 3021 Sacred
1759 2989 1862 3021 Latin
1879 2990 1995 3029 Poetry
2013 2987 2078 3030 (ed.
2099 2988 2206 3028 1864),
2224 2998 2257 3031 p.
2282 2987 2342 3029 176
2353 2998 2386 3021 n.

381 3026 394 3047 ³
417 3028 453 3058 S.
470 3027 571 3058 Matt.
587 3028 655 3077 Ev3
672 3038 694 3058 v
709 3037 740 3069 9.
861 3027 875 3048 ⁴
898 3030 1070 3072 Suffragan
1088 3032 1214 3074 Bishop
1231 3033 1269 3064 of
1281 3032 1450 3065 Sheffield.
1568 3031 1582 3051 ⁶
1605 3033 1765 3065 Memoirs
1779 3032 1821 3073 of
1835 3033 1868 3064 T
1861 3033 2045 3073 alleyrand,
2067 3032 2159 3074 ¹89¹·
2277 3030 2291 3052 ⁶
2313 3031 2388 3063 The

380 3071 463 3102 New
487 3070 570 3101 York
594 3070 747 3102 Trzbune·
899 3071 913 3092 ⁷
936 3074 1010 3106 The
1032 3075 1180 3107 Tribune
1196 3076 1223 3107 F
1225 3076 1299 3108 resh
1316 3076 1378 3108 Air
1395 3076 1502 3108 Fund.
1660 3075 1673 3096 ⁸
1696 3075 1830 3118 Special
1847 3075 2075 3107 Ambassador
2090 3079 2125 3106 to
2142 3074 2245 3107 Great
2262 3074 2388 3106 Britain

379 3112 858 3200 ῗὲῃὲἓὲδὲἂιξὲειεῷἕῇῼυεεη
880 3115 1029 3149 Victoria
1052 3117 1177 3161 (1897),
1201 3119 1268 3151 and
1290 3120 1342 3152 for
1363 3119 1420 3151 the
1443 3119 1648 3152 Coronation
1671 3119 1710 3151 of
1728 3119 1874 3151 Edward
1894 3119 1965 3150 VII
1993 3118 2130 3161 (1902);
2153 3118 2390 3161 subsequently

1352 3235 1424 3272 162
