2704 3770
498 311 563 358 E.
602 311 1053 374 Brown-Sequard.
1127 313 1185 360 F.
1230 312 1282 361 C.
1320 313 1562 361 Donders.
1639 313 1690 362 S.
1735 314 1899 362 Gross.
1974 313 2069 362 Sir
2099 313 2211 361 Wm
2234 313 2451 379 Jenner.

465 453 630 494 feliciter
663 461 929 506 perscrutatus
963 461 1023 494 est
1059 454 1186 494 diram
1219 454 1326 494 illam
1357 456 1500 505 labem,
1536 470 1615 508 qua
1646 455 1812 495 materni
1849 455 2080 496 nutrimenti
2118 455 2289 496 fontium
2326 455 2471 497 vicinia

465 528 766 566 nonnumquam
805 515 1256 567 corrumpitur‚—hunc,
1297 516 1471 567 inquam,
1514 519 1644 557 Mater
1685 518 1804 556 Alma
1842 516 2177 568 Cantabrigiensis
2218 519 2470 558 alumnorum

465 591 626 618 suorum
646 578 748 618 inter
770 592 980 618 numerum
1000 578 1169 618 libenter
1191 578 1385 618 adsciscit.
1447 580 1646 628 Eundem,
1668 579 1792 619 filium
1818 580 1925 619 velut
1947 579 2190 631 adoptivum,
2219 593 2292 620 suo
2320 579 2470 620 fovebit

464 639 626 691 gremio,
646 639 787 679 veteris
806 643 949 691 poetae
968 639 1097 679 verbis
1117 641 1250 679 locuta
1265 655 1328 679 :—

790 713 876 753 ‘hic
905 727 986 770 non
1015 715 1240 754 amandus?
1267 714 1423 754 hiccine
1451 728 1533 755 non
1562 716 1776 767 gestandus
1805 715 1846 755 in
1874 715 1963 755 sinu
1992 716 2129 756 est?’¹.

574 786 679 837 Ergo
703 794 878 825 nostram
907 786 947 825 in
974 786 1162 826 familiam
1191 786 1326 826 animo
1352 789 1456 827 laeto
1485 787 1712 828 inducimus
1737 800 1867 827 rerum
1896 787 2238 839 pathologicarum
2266 786 2472 839 investiga-

464 854 590 886 torem
637 847 995 899 diligentissimum,
1043 848 1230 889 scientiae
1277 849 1526 890 anatomicae
1573 857 1872 902 praeceptorem
1919 849 2206 898 admirabilem,
2255 849 2470 890 CAROLUM

465 909 732 949 CREIGHTON.

1236 1042 1286 1073 11
1329 1027 1534 1091 August
1577 1029 1702 1075 1880

827 1120 1057 1184 Meetz'ng
1088 1121 1152 1184 of
1175 1121 1256 1168 tlze
1290 1121 1492 1169 Brz'tz'slz
1529 1121 1758 1169 Medz'cal
1785 1121 1838 1167 A
1845 1119 2100 1168 ssocz‘atz'on

574 1215 625 1252 IN
652 1212 739 1264 ipso
765 1212 900 1253 limine
926 1214 1114 1254 orationis
1140 1223 1298 1255 nostrae
1324 1215 1422 1254 nihil
1447 1215 1688 1267 auspicatius
1715 1228 1801 1254 esse
1827 1214 2061 1253 arbitramur
2084 1226 2204 1264 quarn
2227 1220 2271 1253 ut
2295 1227 2377 1262 vos,
2399 1214 2469 1266 qui

465 1275 721 1314 consiliorum
768 1283 986 1314 vestrorum
1033 1278 1169 1316 sedem
1218 1279 1321 1316 hanc
1358 1279 1508 1317 curiam
1547 1277 1729 1329 elegistis,
1766 1278 1935 1317 Senatus
1972 1276 2095 1316 totius
2128 1276 2291 1316 nomine
2328 1289 2468 1317 omnes

464 1338 691 1375 salutemus.
750 1336 832 1386 Qui
863 1338 1030 1376 salutem
1061 1338 1145 1377 aliis
1180 1339 1324 1378 totiens
1362 1339 1556 1385 attulistis,
1593 1346 1746 1378 vosmet
1775 1336 1883 1390 ipsos
1917 1351 2057 1378 omnes
2089 1337 2274 1377 iubemus
2307 1339 2466 1379 salvere.

465 1398 731 1438 Athenienses
765 1398 928 1449 quidem
963 1401 1057 1438 olim
1091 1408 1223 1440 vestro
1256 1401 1310 1440 illi
1345 1401 1584 1453 Hippocrati
1620 1414 1780 1440 auream
1818 1414 2008 1441 coronam
2046 1400 2087 1440 in
2125 1402 2279 1440 theatro
2309 1401 2469 1452 publice

463 1462 722 1501 decreverunt
735 1477 746 1511 3
775 1476 848 1501 nos
878 1469 1023 1510 autem,
1058 1470 1100 1502 ut
1131 1471 1306 1503 nostram
1340 1478 1430 1515 erga
1465 1477 1534 1503 vos
1566 1477 1707 1504 omnes
1740 1463 2058 1503 benevolentiam
2086 1463 2335 1514 aliquatenus
2367 1463 2468 1503 indi-

464 1537 611 1572 cemus,
632 1538 654 1564 e
674 1531 733 1564 tot
753 1524 842 1564 viris
863 1526 914 1565 de
933 1526 1110 1565 humano
1133 1539 1276 1577 genere
1295 1527 1399 1566 bene
1425 1526 1586 1574 meritis,
1608 1527 1833 1575 nonnullos,
1855 1527 1963 1566 velut
1986 1525 2156 1577 exempli
2178 1525 2312 1577 gratia,
2335 1533 2469 1566 nostra

463 1600 610 1627 corona
634 1587 916 1639 qualicumque
935 1588 1056 1628 hodie
1077 1602 1215 1629 ornare
1235 1590 1430 1637 volumus,
1451 1589 1519 1640 qui
1539 1590 1669 1628 honos
1690 1588 1838 1628 idcirco
1857 1588 1933 1628 illis
1953 1587 2062 1627 laudi
2081 1595 2140 1627 est
2160 1589 2280 1639 quod,
2295 1596 2467 1629 vestrum

465 1650 646 1689 omniurn
667 1650 888 1701 frequentia
907 1650 1132 1700 illustratus,
1153 1659 1326 1691 vestrum
1347 1651 1538 1700 omnium,
1561 1651 1618 1691 uti
1639 1665 1853 1703 speramus,
1875 1664 2073 1691 consensu
2094 1651 2384 1702 comprobatur.

573 1737 658 1789 (37)
698 1739 792 1776 Erat
826 1737 942 1777 nobis
976 1738 1016 1776 in
1049 1738 1185 1778 animo
1226 1739 1487 1790 Reipublicae
1526 1739 1703 1779 Gallicae
1741 1740 1973 1779 Senatorem
2011 1738 2213 1787 illustrem,
2252 1738 2379 1778 virum
2416 1740 2469 1780 de

461 1799 744 1851 investigandis
763 1801 929 1840 humani
947 1801 1101 1852 generis
1121 1801 1374 1841 varietatibus
1394 1802 1545 1853 optime
1566 1801 1759 1850 meritum,
1783 1809 1916 1841 nostra
1934 1802 2108 1840 laureola
2127 1800 2248 1840 hodie
2268 1802 2466 1843 decorare.

462 1863 584 1914 Atqui
618 1865 751 1903 laurea
783 1863 849 1903 illa
879 1864 919 1903 in
950 1878 1182 1915 cupressum
1215 1872 1367 1904 mutata
1397 1872 1481 1913 est3
1514 1865 1580 1903 ille
1610 1864 1728 1913 enim,
1760 1863 1829 1915 qui
1858 1863 1989 1915 ipsum
2023 1864 2175 1902 fontem
2209 1870 2248 1903 et
2275 1864 2467 1916 originem

462 1926 654 1976 loquendi
682 1926 881 1975 indicavit,
911 1927 995 1978 ipse
1024 1927 1125 1967 inter
1153 1927 1334 1966 omnium
1364 1928 1558 1974 dolorem,
1585 1934 1713 1966 morte
1741 1926 1953 1966 immatura
1980 1925 2179 1976 abreptus,
2209 1925 2401 1966 conticuit
2428 1933 2468 1966 et

462 1987 689 2027 obmutuit¹.
750 1989 844 2038 Quo
870 1996 1002 2028 autem
1031 1989 1178 2028 maiore
1204 1989 1326 2028 animi
1354 1988 1602 2040 aegritudine
1627 1988 1738 2027 illum
1767 1987 2050 2035 desideramus,
2073 1999 2122 2026 eo
2148 1987 2297 2028 maiore
2321 1988 2467 2039 gaudio

461 2050 640 2090 eiusdem
662 2051 923 2102 Reipublicae
942 2051 1069 2091 civem
1090 2053 1316 2106 salutamus,
1335 2051 1403 2102 qui
1417 2051 1485 2103 (ne
1505 2053 1617 2102 plura
1636 2048 1966 2100 commemorem)
1982 2049 2107 2100 ipsam
2123 2062 2254 2089 arcem
2269 2050 2467 2091 sentiendi

460 2112 502 2151 in
535 2113 697 2152 cerebro
729 2113 910 2164 positam,
945 2114 1071 2165 ipsam
1105 2113 1279 2153 carinam
1313 2114 1421 2153 illam
1455 2113 1630 2164 corporis
1664 2127 1766 2164 quae
1801 2113 1975 2152 medulla
2008 2112 2170 2163 spinalis
2202 2120 2464 2165 nuncupatur,

460 2174 610 2214 fortiter
628 2177 853 2227 exploravit.
912 2178 1101 2217 Ceterum
1127 2177 1168 2216 in
1195 2177 1262 2216 tali
1287 2177 1448 2216 materia
1475 2190 1557 2216 non
1586 2176 1722 2216 omnia
1750 2176 1867 2216 nobis
1891 2175 2086 2215 subtiliter
2110 2175 2360 2227 disputanda,
2382 2189 2466 2216 non

461 2236 596 2277 omnia
615 2237 676 2289 (ut
695 2240 747 2279 de
765 2238 938 2278 amicitia
957 2238 1128 2291 Tullius)
1152 2242 1161 2259 ‘
1173 2241 1225 2279 ad
1244 2239 1377 2279 vivum
1389 2240 1419 2262 '³
1437 2240 1661 2279 resecanda.
1720 2239 1847 2279 Vobis
1866 2238 1983 2290 igitur
2002 2246 2211 2290 praesento
2238 2238 2466 2279 Medicinae

462 2299 729 2340 Professorem
749 2301 955 2352 insignem,
978 2302 1227 2341 EDVARDUM
1249 2301 1641 2348 BROWN-SfiQUARD.

569 2387 655 2440 (38)
694 2391 730 2428 A
769 2389 903 2429 Rheni
937 2389 1121 2429 Traiecto
1149 2391 1201 2430 ad
1236 2390 1351 2431 Carni
1384 2390 1487 2441 ripas
1516 2390 1680 2430 transire
1708 2389 1892 2441 dignatus
1922 2396 1981 2429 est
2010 2389 2078 2436 vir,
2106 2389 2176 2440 qui
2199 2388 2466 2440 pulcherrimo

461 2450 594 2490 studio
606 2450 826 2498 dedicatus,
843 2451 1075 2503 disciplinae
1091 2452 1407 2501 mathematicae,
1425 2465 1504 2503 qua
1517 2466 1590 2491 nos
1603 2465 1764 2503 quoque
1779 2451 2001 2503 gloriamur,
2019 2450 2225 2491 scientiam
2239 2458 2464 2490 accuratam

461 2527 553 2553 cum
591 2515 797 2554 oculorum
834 2515 1101 2554 humanorum
1139 2515 1409 2566 exploratione
1447 2514 1642 2566 exquisita
1679 2514 1895 2555 coniunxit.
1973 2516 2142 2553 Laetum
2185 2514 2364 2565 profecto
2404 2519 2465 2553 est

460 2575 680 2626 auspicium
702 2577 811 2627 quod
831 2576 956 2615 oculis
976 2576 1119 2616 nostris
1139 2590 1246 2616 nunc
1267 2578 1431 2616 demum
1452 2576 1713 2628 contemplari
1733 2575 1927 2627 contingit
1950 2575 2077 2615 virum
2098 2574 2287 2615 Societati
2306 2581 2463 2617 nostrae

461 2637 766 2688 Philosophicae
794 2638 956 2677 honoris
985 2651 1103 2677 causa
1130 2638 1367 2678 iamdudum
1395 2638 1622 2689 ascriptum,
1654 2636 1930 2689 Physiologiae
1963 2637 2230 2676 Professorem
2258 2635 2460 2683 illustrem,

461 2700 679 2738 Doctorem
709 2701 929 2739 DoNDERS.

568 2784 654 2836 (39)
693 2788 820 2826 Trans
849 2787 991 2826 fluctus
1020 2788 1264 2835 Atlanticos,·
1287 2794 1394 2826 trans
1424 2787 1631 2827 Oceanum
1666 2799 1747 2825 non
1781 2785 1858 2824 iam
1889 2792 1932 2824 ut
1961 2791 2078 2823 antea
2114 2782 2426 2823 ‘dissociabilem
2440 2785 2459 2830 ’,

461 2846 609 2897 patriae
638 2855 795 2888 nostrae
820 2850 871 2888 ad
901 2856 1037 2900 portus
1067 2862 1193 2899 nuper
1221 2850 1411 2888 advectus
1440 2856 1499 2888 est
1527 2848 1584 2887 vir
1611 2846 1856 2894 venerabilis,
1878 2859 1999 2896 quem
2022 2845 2124 2884 inter
2143 2846 2279 2884 fratres
2305 2852 2461 2884 nostros

460 2909 796 2950 Transatlanticos
827 2910 1014 2950 scientiae
1048 2911 1303 2962 Chirurgicae
1335 2910 1448 2962 quasi
1481 2911 1648 2950 alterum
1678 2911 1890 2949 Nestorem
1920 2908 2125 2948 nominare
2159 2907 2295 2946 ausim.
2356 2908 2462 2958 Ergo

460 2969 627 3010 libenter
657 2972 769 3022 quasi
803 2973 974 3011 fraterno
1005 2985 1140 3012 amore
1171 2972 1293 3012 hodie
1326 2974 1553 3020 salutamus,
1585 2970 1752 3011 civitatis
1786 2970 1890 3009 bene
1920 2969 2087 3009 ominati
2119 2969 2292 3008 nominis
2321 2968 2461 3017 civem,

460 3032 690 3085 Chirurgiae
720 3036 987 3075 Professorem
1018 3035 1420 3086 Philadelphiensem,
1452 3036 1689 3074 SAMUELEM
1719 3034 1868 3073 GRoss.

503 3120 515 3140 ¹
538 3122 697 3160 Terence,
710 3123 775 3154 Ad.
790 3131 863 3165 709.
941 3121 955 3141 ²
978 3123 1025 3154 M.
1039 3123 1120 3154 Paul
1134 3123 1251 3162 Broca,
1264 3123 1321 3155 the
1333 3122 1479 3155 eminent
1492 3132 1633 3164 surgeon
1646 3122 1711 3153 and
1724 3120 2001 3163 anthropologist.
2074 3118 2088 3140 ³
2111 3120 2240 3158 Cicero,
2251 3120 2305 3153 Dc
2313 3121 2392 3152 Am.
2410 3119 2459 3152 18.

1439 3206 1489 3241 24
