2704 3770
906 350 975 401 D.
1014 352 1057 400 I.
1097 352 1393 416 Mendeleef.
1464 354 1658 402 Ernest
1694 354 1888 403 Clarke.

400 501 535 546 posset
555 507 763 546 usurpare:
796 493 934 534 ‘nobis
953 501 1034 534 erat
1055 496 1209 535 nullum
1229 503 1440 545 certamen,
1462 498 1571 536 nulla
1589 496 1804 544 contentio,
1820 510 1911 536 cum
1932 504 2097 548 uterque
2116 497 2199 549 pari
2218 498 2310 549 iugo
2326 511 2407 539 non

401 571 474 609 pro
494 571 548 605 se,
570 558 642 598 sed
660 570 732 608 pro
751 570 871 597 causa
890 556 1130 597 niteretur’¹.
1192 560 1202 578 ‘
1215 557 1365 599 Felices
1385 565 1443 599 ter
1462 566 1500 599 et
1519 558 1689 610 amplius
1709 571 1810 611 quos
1832 558 1980 611 irrupta
1999 566 2107 599 tenet
2126 561 2270 611 copula
2283 559 2319 598 '².

512 621 630 660 Duco
649 620 701 660 ad
721 632 790 659 vos
811 619 960 671 Regiae
979 619 1186 660 Societatis
1206 620 1370 670 socium,
1393 621 1518 661 virum
1539 621 1590 661 ab
1610 621 1695 673 ipsa
1719 621 1874 674 Regina
1898 621 2074 674 equitem
2094 629 2254 674 propter
2272 623 2411 664 merita

403 681 664 732 nominatum,
688 684 910 723 IosEPHUM
932 684 1175 723 HENRICUM
1197 683 1398 724 GILBERT.

511 836 625 890 (234)
656 838 705 877 In
731 837 896 877 scientia
920 837 1100 878 chemica
1122 837 1396 889 investiganda
1418 838 1487 878 diu
1510 837 1611 879 inter
1629 838 1775 891 peritos
1796 839 2068 891 quaerebatur,
2089 852 2287 891 quaenam
2312 838 2412 880 ratio

401 900 608 941 interesset
632 900 733 941 inter
757 907 980 941 atomorum
1000 902 1188 952 pondera,
1211 914 1234 941 e
1258 901 1404 952 quibus
1423 915 1552 941 rerum
1576 903 1773 942 elementa
1796 909 2032 951 constarent,
2054 909 2094 942 et
2113 902 2212 942 vires
2231 915 2308 950 eas,
2330 902 2413 943 sive

404 961 604 1002 chemicas
630 961 712 1002 sive
737 962 930 1013 physicas,
953 976 1056 1014 quae
1086 962 1292 1002 elementis
1318 962 1411 1014 ipsis
1434 964 1541 1003 velut
1563 963 1743 1015 propriae
1766 963 2024 1004 inhaererent.
2083 965 2175 1014 Qua
2193 963 2235 1003 in
2260 963 2412 1004 ratione

404 1026 563 1078 penitus
587 1028 871 1078 perscrutanda
897 1034 1018 1078 atque
1042 1027 1095 1067 ad
1121 1034 1268 1066 certam
1297 1027 1499 1078 quandam
1523 1029 1652 1079 legem
1680 1027 1895 1079 redigenda
1921 1040 2040 1067 nemo
2064 1028 2176 1078 plura
2203 1025 2414 1078 perfecisse

404 1088 647 1142 existimatur
675 1102 796 1140 quam
821 1089 879 1129 vir
906 1089 1074 1137 illustris,
1106 1089 1175 1140 qui
1205 1089 1356 1129 Siberia
1382 1089 1423 1129 in
1446 1097 1599 1131 remota
1626 1098 1753 1139 natus,
1775 1097 1815 1131 et
1841 1090 1988 1130 abhinc
2015 1103 2143 1131 annos
2171 1089 2359 1130 undecim
2387 1103 2412 1129 a

404 1151 602 1192 Societate
621 1151 748 1204 Regia
768 1152 1030 1193 Londiniensi
1048 1152 1288 1192 numismate
1306 1165 1427 1193 aureo
1447 1153 1649 1202 donatus³‚
1671 1153 1792 1194 hodie
1811 1160 1946 1193 nostra
1965 1166 2112 1193 corona
2130 1152 2412 1205 qualicumque

406 1215 625 1254 decoratur.
685 1216 880 1266 Magnum
917 1217 1096 1266 profecto
1133 1222 1192 1255 est
1230 1214 1332 1255 inter
1368 1222 1427 1255 tot
1460 1217 1658 1256 elementa
1689 1216 1883 1257 rationem
1915 1216 2030 1257 certis
2063 1215 2274 1256 intervallis
2306 1216 2414 1255 velut

406 1274 571 1315 circuitu
595 1277 771 1327 quodam
798 1284 1062 1317 recurrentem
1088 1277 1329 1325 observasse,
1350 1290 1453 1328 eque
1476 1291 1604 1317 rerum
1627 1285 1809 1318 notarum
1833 1278 2108 1318 observatione
2133 1277 2253 1318 etiam
2278 1277 2414 1329 ignota

404 1336 652 1387 providisse⁴.
710 1336 794 1376 Viri
833 1337 998 1377 huiusce
1036 1338 1196 1389 ingenio
1239 1338 1358 1378 etiam
1398 1340 1595 1379 elementa
1631 1339 1737 1390 prius
1774 1339 1952 1380 inaudita
1988 1339 2133 1380 mentis
2169 1338 2412 1379 divinatione

406 1398 591 1450 singulari
618 1398 821 1450 praedicta
849 1407 940 1439 sunt
968 1407 1187 1451 posteaque
1213 1400 1253 1440 in
1279 1400 1365 1452 ipsa
1389 1414 1519 1440 rerum
1542 1408 1681 1441 natura
1701 1409 1863 1452 reperta.
1923 1402 2038 1451 Quae
2065 1403 2274 1450 elementa,
2294 1399 2412 1440 trium

404 1460 583 1511 gentium
608 1461 821 1513 insignium
851 1462 1081 1502 nominibus
1108 1463 1293 1511 Gallium,
1315 1464 1544 1510 Scandium‚
1568 1465 1829 1505 Germanium
1855 1472 2094 1517 nuncupata,
2119 1478 2268 1505 nomen
2291 1463 2414 1516 ipsius

404 1522 590 1563 illustrius
615 1523 874 1564 reddiderunt
899 1531 938 1564 et
965 1526 1186 1565 Russorum
1211 1527 1370 1575 famam,
1391 1534 1584 1578 quantum
1613 1529 1665 1568 ad
1692 1527 1823 1580 ipsum
1851 1528 2002 1575 attinet,
2022 1528 2186 1569 feliciter
2209 1533 2411 1568 auxerunt.

407 1586 512 1636 Ergo
531 1584 657 1625 virum
678 1586 730 1626 de
749 1585 913 1625 scientia
933 1586 1112 1626 chemica
1132 1594 1214 1627 tam
1233 1587 1302 1628 diu
1322 1596 1485 1640 tamque
1503 1590 1701 1640 praeclare
1725 1589 1920 1640 meritum,
1942 1597 2081 1642 totque
2107 1589 2228 1629 titulis
2253 1588 2415 1630 aliunde

408 1654 603 1696 ornatum,
625 1646 747 1688 hodie
766 1647 887 1688 etiam
906 1655 1131 1688 nostrorum

1404 1721 1543 1760 ‘turba
1573 1721 1787 1771 Quiritium

986 1780 1108 1813 certat
1137 1773 1362 1825 tergeminis
1390 1776 1527 1815 tollere
1555 1776 1825 1816 honoribus'5.

407 1855 445 1894 N
449 1853 592 1893 ewtoni
618 1860 723 1894 certe
749 1854 790 1893 in
814 1855 1034 1895 Academia
1058 1856 1187 1895 honos
1212 1855 1248 1895 ei
1276 1856 1504 1907 praesertim
1534 1857 1710 1906 debetur,
1739 1860 1807 1909 qui
1830 1858 1950 1898 etiam
1979 1857 2020 1897 in
2045 1856 2210 1898 scientia
2234 1856 2415 1897 chemica

407 1915 592 1956 Newtoni
620 1915 661 1955 in
686 1915 858 1968 vestigiis
887 1924 968 1956 tarn
995 1917 1162 1957 fideliter
1187 1917 1342 1966 insistit,
1363 1925 1407 1958 ut
1429 1918 1580 1958 alumni
1602 1919 1725 1959 nostri
1748 1920 1838 1971 ‘qui
1859 1933 1984 1971 genus
2009 1921 2229 1959 humanum
2255 1918 2414 1970 ingenio

407 1977 604 2029 superavit
619 1978 647 2000 ’⁶
666 1978 878 2030 imaginem
900 1979 1068 2027 intuens,
1093 1980 1250 2020 Lucreti
1270 1981 1388 2021 verba
1406 1983 1612 2032 paululum
1632 1989 1783 2022 mutata
1801 1983 1925 2034 possit
1944 1997 2131 2035 usurpare
2145 1999 2209 2023 :—

757 2065 822 2102 ‘te
852 2076 1006 2114 sequor,
1037 2076 1062 2102 0
1092 2064 1266 2103 Grantae
1295 2077 1483 2115 magnum
1512 2065 1646 2111 decus,
1677 2064 1798 2116 inque
1826 2065 1903 2105 tuis
1932 2079 2040 2105 nunc

781 2117 875 2155 ficta
902 2118 1052 2168 pedum
1081 2130 1190 2168 pono
1218 2117 1360 2168 pressis
1389 2117 1552 2170 vestigia
1579 2118 1757 2170 signis’⁷.

517 2198 635 2238 Duco
662 2199 715 2238 ad
747 2212 818 2238 vos
851 2198 1038 2239 scientiae
1066 2199 1269 2239 chemicae
1299 2201 1561 2251 professorem
1595 2199 1961 2252 Petroburgensem,
1995 2201 2264 2240 DEMETRHJM
2294 2201 2416 2240 lvm-

408 2272 564 2300 ovlrcn
595 2263 895 2301 MENDELEEFS.

518 2399 630 2454 (235)
650 2401 777 2441 Vobis
790 2402 976 2442 omnibus
992 2410 1131 2443 notum
1145 2417 1231 2444 esse
1243 2404 1476 2444 arbitramur
1488 2404 1647 2445 concilii
1662 2405 1779 2446 vestri
1798 2419 1867 2456 per
1881 2419 2008 2445 annos
2024 2412 2176 2456 septem
2191 2404 2413 2445 adiutorem

408 2471 612 2504 strenuum
641 2472 680 2505 et
708 2465 963 2516 indefessum,
994 2466 1119 2506 virum
1149 2467 1190 2506 in
1220 2467 1423 2507 Britannia
1446 2467 1610 2519 quidem
1639 2467 1826 2508 Societati
1856 2466 2101 2519 antiquitatis
2131 2467 2411 2514 studiosorum,

408 2525 510 2565 inter
528 2532 681 2566 exteros
700 2534 834 2567 autem
854 2527 1109 2568 societatibus
1132 2529 1309 2579 plurimis
1335 2529 1496 2569 honoris
1519 2542 1638 2569 causa
1663 2529 1916 2580 adscriptum.
1977 2531 2026 2568 In
2051 2543 2144 2581 agro
2168 2527 2416 2569 Suffolciensi

410 2595 548 2628 natum
568 2588 687 2629 fuisse
707 2596 863 2629 constat
881 2590 1007 2630 virum
1027 2591 1233 2642 insignem,
1256 2591 1325 2643 qui
1344 2592 1496 2643 scriptis
1517 2592 1596 2632 suis
1618 2592 1766 2633 abhinc
1787 2606 1914 2633 annos
1934 2594 2014 2633 fere
2033 2600 2197 2633 centum
2219 2592 2260 2632 in
2285 2594 2415 2631 lucem

410 2649 537 2689 missis
555 2650 636 2701 agri
655 2652 848 2691 culturam
865 2651 988 2704 (velut
1006 2654 1104 2692 alter
1118 2653 1371 2706 Tremellius)
1387 2656 1663 2705 ‘eloquentem
1678 2654 1852 2695 reddidit
1863 2655 1900 2691 '⁹.
1959 2654 2042 2693 Viri
2059 2654 2156 2694 tanti
2170 2655 2413 2706 popularem,

410 2725 530 2763 quern
551 2712 672 2753 hodie
691 2715 911 2762 laudamus,
934 2728 956 2754 e
975 2716 1066 2754 loco
1086 2728 1159 2755 suo
1179 2715 1299 2755 natali
1319 2715 1497 2767 spiritum
1518 2717 1697 2758 eiusdem
1717 2718 1894 2757 hausisse
1913 2717 2160 2757 crediderim.

518 2777 636 2815 Duco
654 2777 707 2816 ad
726 2789 796 2816 vos
817 2778 1055 2817 ERNESTUM
1077 2779 1266 2819 CLARKE.

496 2886 509 2907 1
533 2888 641 2930 Pliny,
661 2889 748 2931 Epp.
764 2889 799 2921 iii
815 2899 846 2932 9,
864 2900 895 2932 9.
984 2888 998 2909 ²
1022 2891 1166 2930 Horace,
1189 2891 1302 2923 Carm.
1319 2891 1329 2923 i
1350 2902 1399 2933 13,
1423 2899 1470 2933 17.
1573 2890 1586 2911 ³
1608 2892 1752 2929 Nature,
1773 2902 1811 2932 14
1828 2892 1911 2924 Dec.
1933 2893 2026 2930 1882,
2046 2903 2076 2933 p.
2101 2890 2161 2924 166
2173 2902 2206 2923 a.
2304 2890 2318 2911 4
2342 2892 2413 2924 The

411 2931 557 2963 Periodic
571 2933 655 2964 Law
670 2933 710 2974 of
723 2933 777 2964 the
796 2933 964 2965 Clzemical
979 2934 1158 2971 Elements,
1175 2934 1244 2966 first
1267 2935 1446 2977 published
1469 2940 1502 2967 at
1525 2946 1545 2967 a
1567 2935 1713 2977 meeting
1735 2935 1773 2967 of
1791 2935 1847 2967 the
1868 2935 2030 2967 ‘Russian
2054 2935 2226 2967 Chemical
2244 2934 2411 2976 Society’,

413 2975 530 3006 March
550 2975 646 3019 1869;
670 2986 722 3018 cp.
742 2976 895 3017 Faraday
918 2978 1057 3009 Lecture
1081 2978 1119 3009 of
1137 2990 1157 3018 4
1177 2978 1265 3019 June
1292 2980 1385 3021 1889,
1403 2979 1438 3009 in
1462 2977 1679 3011 Mendeleef’s
1701 2979 1885 3020 I'rincz'ples
1899 2978 1941 3020 of
1957 2978 2150 3019 Chemistry,
2170 2979 2260 3010 E.T.
2280 2980 2373 3021 1891,
2390 2978 2413 3010 ii

413 3017 510 3091 βῇξ.
534 3061 565 3092 A
591 3065 603 3092 t
642 3017 665 3093 ἱ
679 3019 836 3094 quaqe÷
847 3020 987 3096 (fa-rmbi
1004 3031 1035 3094 l1¹,
1055 3027 1083 3061 7.
1219 3019 1457 3096 6⁷Iri³ii³ript1i⁰n
1477 3021 1572 3071 (from
1591 3021 1772 3080 Ppcrefiffi’
1793 3021 1827 3053 iii
1852 3021 1946 3063 1043)
1954 3032 2007 3097 (qn
2022 3021 2079 3071 the
2094 3026 2201 3072 statue
2212 3021 2254 3096 gf
2266 3022 2412 3096 Neyvtpn

410 3071 553 3152 ᾆηῦτεῗεε
567 3072 658 3145 gfe1c4
667 3072 778 3146 affige?
782 3068 1118 3148 1891i4niiiricortineigtzd
1134 3107 1214 3139 with
1230 3107 1286 3139 the
1301 3070 1692 3150 rntggtingcgittlhlg’llllossal
1705 3070 2198 3150 Ᾰθξτείῖῖῗῖῖιῐιῖαῗὸοἱῗειτῗξνξθῃῒῗ
2210 3075 2411 3145 Οῐῗὲῗηεῗὶἓ

411 3157 423 3177 1
443 3156 471 3185 1,
494 3156 544 3178 12.
589 3147 716 3180 Arthur
732 3149 865 3191 Young,
883 3150 940 3182 the
955 3150 1074 3182 author
1088 3149 1127 3182 of
1138 3150 1194 3182 the
1210 3150 1339 3183 famous
1359 3152 1394 3183 Τ
1388 3152 1495 3183 ravels
1509 3152 1546 3183 in
1563 3152 1698 3189 France,
1720 3160 1812 3194 1792,
1830 3162 1898 3184 was
1913 3162 1933 3183 a
1947 3151 2059 3184 native
2074 3151 2112 3184 of
2124 3151 2265 3185 Suffolk.

1371 3230 1446 3267 116
