2704 3770
679 317 890 368 Charles
932 317 984 366 Τ
976 318 1082 367 odd.
1155 318 1386 383 Douglas
1419 319 1719 369 McKenzz'e.

185 466 351 508 nomina
369 468 524 507 honore
545 465 685 507 debito
704 466 990 515 recordamur1,
1013 472 1099 505 tum
1119 464 1286 505 huiusce
1306 464 1551 506 Academiae
1570 465 1623 505 ab
1642 464 1814 505 alumnis
1834 478 1940 505 novo
1959 466 2102 507 robore
2121 480 2214 507 con-

184 529 387 570 firmatum
409 529 500 569 est².
558 529 620 569 Ex
638 527 811 568 alumnis
830 534 965 568 autem
991 527 1069 568 illis
1095 526 1246 580 primus
1272 535 1356 568 erat
1379 527 1445 568 ille
1473 527 1594 577 idem,
1623 541 1743 580 quem
1770 534 1861 579 post
1887 527 2086 580 stipendia
2115 530 2215 569 dura

183 591 336 634 fortiter
353 600 493 634 exacta
511 591 634 633 hodie
652 593 704 633 ad
725 605 799 632 nos
818 591 1019 644 paulisper
1039 591 1229 632 reducem
1250 592 1478 640 salutamus,
1501 605 1704 644 quemque
1730 591 1772 631 in
1798 590 2043 643 provinciam
2068 605 2213 632 novam

184 655 420 710 propediem
445 658 716 710 profecturum
745 655 868 696 hodie
898 669 947 696 ex
974 654 1111 695 animo
1139 654 1326 695 iubemus
1355 656 1495 696 valere.
1554 654 1715 696 Scilicet
1742 654 1972 695 valetudine
1997 654 2135 706 iniqua
2162 654 2214 694 ab

185 717 304 760 India
328 720 522 772 repulsus,
544 726 603 759 ter
627 725 795 759 conatus
821 725 904 758 erat
930 724 1059 758 castra
1082 723 1164 757 tam
1189 716 1260 758 diu
1283 716 1430 758 dilecta
1450 716 1629 766 revisere,
1652 724 1711 757 ter
1738 730 1761 756 e
1791 715 1977 756 manibus
2006 716 2100 769 ipsis
2124 729 2215 769 spes

182 779 290 821 irrita
308 788 548 832 recesserat3
576 788 661 822 tum
682 794 775 821 vero
794 779 931 821 audita
951 787 1011 820 est
1031 793 1107 820 vox
1125 780 1179 820 ad
1199 779 1375 821 Orientis
1394 779 1545 820 insulas
1565 778 1850 820 remotissimas
1870 779 2061 828 vocantis,
2084 792 2215 830 neque

183 842 298 884 miles
316 850 462 893 noster,
484 857 564 896 qua
582 850 643 884 est
662 842 906 891 fortitudine,
927 856 1070 883 vocem
1089 842 1198 882 illam
1219 842 1333 894 sequi
1353 842 1559 883 recusavit.
1621 843 1727 894 Ergo
1750 842 1942 882 ecclesiae
1968 841 2214 894 Anglicanae

182 904 287 946 inter
312 907 560 958 Iaponenses
582 904 796 958 episcopus
826 918 953 957 nuper
981 911 1248 955 consecratus,
1271 905 1410 945 sedem
1439 904 1548 945 illam
1577 911 1773 946 remotam
1802 903 1984 944 omnium
2014 903 2214 945 bonorum

179 967 367 1020 precibus
390 967 576 1020 votisque
604 967 818 1009 comitatus
847 974 968 1019 petet.
1027 968 1172 1019 Neque
1202 968 1323 1016 solus,
1354 967 1412 1008 uti
1436 980 1653 1019 speramus,
1683 966 1806 1006 maria
1831 979 1977 1018 magna
2007 965 2214 1015 transibit3

180 1030 315 1072 adsint
333 1030 429 1073 duci
447 1038 488 1073 et
507 1031 694 1084 signifero
714 1038 852 1072 nostro
871 1031 1141 1083 proficiscenti
1160 1031 1458 1072 commilitones
1478 1030 1700 1072 fidelissimi
1715 1045 1726 1080 3
1753 1029 1858 1071 adsit
1873 1030 2005 1070 eidem
2025 1029 2214 1070 excubias

180 1093 268 1135 illas
285 1094 525 1147 longinquas
544 1095 729 1135 toleranti
749 1095 1097 1136 contubernalium
1119 1096 1201 1136 fida
1219 1103 1259 1136 et
1278 1096 1450 1136 fraterna
1469 1096 1626 1136 cohors.
1682 1094 1830 1136 Videat
1855 1095 2040 1136 iuventus
2066 1101 2212 1142 nostra,

181 1170 234 1198 ne
253 1155 353 1210 quid
373 1157 488 1198 militi
507 1164 647 1198 nostro
665 1157 889 1198 adiumenti
908 1157 1022 1198 desit.

289 1218 419 1260 Vobis
444 1226 656 1271 praesento
682 1220 931 1272 Episcopum
959 1221 1242 1273 Iaponensem,
1269 1219 1463 1273 Episcopi
1488 1219 1627 1269 filium,
1654 1219 1823 1273 Collegii
1849 1234 1940 1261 vere
1964 1219 2215 1272 Episcopalis

181 1281 348 1333 socium,
372 1284 621 1324 EDVARDUM
643 1285 960 1324 BchERS‘rETH.

980 1439 1030 1470 11
1076 1422 1263 1471 March
1307 1424 1432 1472 1886

289 1533 379 1587 (97)
409 1534 550 1574 ILLUM
573 1533 692 1574 nobis
718 1534 841 1575 hodie
865 1533 1065 1575 redditum
1093 1536 1322 1583 salutamus,
1352 1535 1422 1587 qui
1445 1535 1594 1576 abhinc
1620 1549 1749 1576 annos
1777 1536 1868 1588 plus
1894 1548 2016 1587 quam
2041 1535 2210 1588 triginta,

179 1597 352 1650 primum
383 1597 424 1638 in
454 1600 557 1639 colle
579 1599 723 1647 vicino,
752 1599 900 1640 deinde
928 1599 1140 1639 Thamesis
1170 1613 1295 1651 prope
1323 1599 1462 1652 ripam,
1491 1599 1590 1640 caeli
1619 1599 1744 1639 nostri
1773 1599 1903 1640 sidera
1932 1613 2089 1639 summa
2117 1613 2213 1639 cura

179 1660 428 1701 observabat.
487 1661 603 1701 Idem
624 1668 766 1713 postea
786 1660 908 1701 maria
928 1662 1008 1701 lata
1027 1674 1226 1711 emensus,
1241 1661 1323 1713 poli
1343 1661 1539 1702 Australis
1555 1663 1689 1703 stellas
1704 1661 1821 1702 nobis
1836 1661 1992 1714 ignotas
2008 1661 2213 1713 diligentia

181 1735 266 1763 non
289 1721 445 1763 minore
463 1729 524 1763 est
546 1730 825 1774 perscrutatus.
886 1725 935 1763 In
960 1730 1128 1774 utraque
1151 1723 1269 1775 igitur
1294 1723 1402 1764 orbis
1426 1731 1617 1764 terrarum
1637 1731 1759 1776 parte,
1781 1723 1976 1764 industria
2006 1731 2046 1764 et
2068 1723 2212 1764 virtute

179 1785 324 1826 eadem
361 1783 540 1836 insignis,
579 1786 736 1825 caelum
774 1792 943 1833 tantum,
983 1799 1066 1826 non
1104 1785 1286 1826 animum
1325 1786 1503 1826 mutavit.
1577 1787 1722 1838 Neque
1764 1799 1858 1826 vero
1896 1785 2082 1826 caelestia
2119 1799 2213 1826 con-

178 1848 404 1900 templatus,
433 1847 630 1889 terrestria
659 1848 841 1901 neglexit,
868 1848 908 1888 in
938 1848 1099 1889 colonia
1126 1848 1194 1889 illa
1222 1857 1385 1899 remota,
1409 1863 1492 1890 non
1519 1851 1631 1890 caelo
1660 1857 1817 1890 tanturn
1846 1849 2111 1899 observando,
2139 1851 2212 1890 sed

177 1911 391 1953 tabellariis
410 1924 574 1964 quoque
593 1912 764 1964 publicis
784 1911 967 1964 regendis
987 1912 1251 1964 praepositus.
1308 1913 1469 1954 Scilicet
1488 1913 1530 1954 in
1550 1915 1662 1954 caelo
1689 1913 2004 1964 contemplando
2027 1920 2212 1964 expertus

175 1973 295 2016 orbes
324 1973 428 2015 inter
454 1987 542 2015 sese
570 1974 765 2015 distantes
790 1974 1017 2015 admirabili
1040 1976 1216 2027 quadam
1246 1976 1284 2015 vi
1313 1989 1400 2016 sese
1427 1976 1599 2016 invicem
1629 1977 1838 2024 attrahere,
1870 1974 1978 2015 idem
2008 1975 2210 2015 laboribus

176 2035 253 2077 illis
303 2049 467 2088 operam
510 2036 633 2085 dedit,
684 2051 732 2077 ex
788 2036 936 2089 quibus
980 2037 1166 2078 homines
1211 2051 1374 2090 quoque
1416 2038 1519 2078 inter
1574 2052 1661 2079 sese
1708 2037 1902 2078 distantes
1953 2036 2211 2088 epistolarum

175 2099 420 2141 commercio
455 2099 620 2152 propius
655 2101 961 2141 adducerentur.
1020 2102 1101 2141 Sed
1140 2115 1191 2142 ne
1236 2101 1470 2154 scriptarum
1513 2101 1677 2154 quidem
1716 2101 1974 2154 epistolarum
2011 2100 2211 2141 celeritate

176 2169 403 2212 contentus,
424 2164 477 2204 de
502 2163 672 2204 coloniis
695 2163 771 2204 illis
797 2164 987 2204 omnibus
1014 2171 1054 2204 et
1082 2164 1184 2205 inter
1210 2178 1298 2205 sese
1324 2172 1363 2206 et
1387 2179 1480 2205 cum
1506 2165 1711 2206 Britannia
1733 2165 1820 2218 ipsa
1845 2165 2006 2205 vinculo
2032 2166 2210 2215 quodam

174 2224 468 2278 coniungendis
496 2225 601 2266 bene
630 2227 794 2266 meritus
822 2234 893 2266 est.
953 2226 1089 2266 Huius
1118 2226 1227 2267 enim
1256 2227 1455 2280 auspiciis,
1478 2228 1623 2280 partim
1652 2228 1770 2268 huius
1794 2227 1919 2279 ipsius
1943 2228 2080 2275 ductu,
2103 2234 2211 2266 trans

175 2295 302 2330 totam
321 2289 575 2340 Australiam,
596 2303 667 2342 per
686 2289 891 2342 regionem
910 2289 1023 2330 aditu
1043 2289 1330 2340 difficillimam,
1354 2305 1436 2332 non
1464 2291 1597 2331 minus
1624 2305 1746 2343 quam
1767 2290 1887 2331 vicies
1907 2298 2079 2331 centena
2102 2289 2211 2329 milia

175 2364 367 2404 passuum
392 2353 472 2392 late
496 2358 712 2404 patentem,
744 2359 886 2392 catena
915 2353 1115 2404 quaedam
1145 2354 1331 2393 electrica
1357 2353 1457 2393 serie
1488 2361 1680 2406 perpetua
1706 2360 1888 2406 porrecta
1917 2359 1986 2393 est.
2047 2351 2207 2392 Talium

175 2413 351 2456 virorum
376 2415 591 2464 laboribus,
614 2415 767 2455 utinam
796 2415 979 2456 coloniae
1005 2415 1095 2456 illae
1124 2430 1148 2455 a
1174 2416 1292 2457 nobis
1319 2416 1620 2465 remotissimae,
1648 2416 1816 2457 vinculis
1842 2415 1973 2457 indies
1998 2415 2209 2456 artioribus

175 2475 279 2518 inter
310 2490 398 2518 sese
428 2475 694 2527 consociatae,
726 2490 820 2517 cum
853 2477 941 2530 ipsa
974 2477 1180 2518 Britannia
1210 2479 1372 2519 foedere
1406 2492 1513 2519 novo
1546 2478 1587 2518 in
1625 2486 1864 2532 perpetuum
1897 2479 2088 2518 duraturo
2117 2490 2210 2518 con-

175 2539 399 2594 iungantur.

283 2604 413 2646 Vobis
432 2611 644 2658 praesento
665 2605 883 2646 CAROLUM
904 2606 1042 2645 Tom).

994 2771 1053 2804 10
1082 2755 1225 2822 June
1268 2759 1392 2806 1886

284 2863 375 2917 (98)
408 2866 564 2906 Nosns
584 2878 736 2913 omnes,
759 2863 943 2903 nonnulli
969 2871 1145 2904 vestrum
1171 2877 1299 2916 nuper
1322 2863 1486 2913 vidistis,
1508 2863 1718 2904 ecclesiam
1741 2863 1850 2903 illam
1874 2864 2205 2903 Verulamensem

175 2925 311 2967 militis
330 2927 559 2977 Christiani,
581 2926 717 2968 Sancti
737 2926 896 2975 Albani,
919 2926 1138 2967 memoriae
1157 2934 1443 2968 consecratam.
1504 2928 1554 2967 In
1574 2927 1744 2968 ecclesia
1766 2927 1842 2976 illa,
1865 2928 1974 2967 unde
2000 2926 2206 2968 doctrinae

173 2989 311 3031 lumen
341 2998 423 3031 tarn
452 2991 522 3032 diu
552 2990 708 3040 effulsit,
740 2990 855 3031 miles
885 2997 1021 3031 noster
1046 2990 1183 3042 primis
1210 2990 1417 3031 doctrinae
1446 2990 1681 3031 rudimentis
1710 2990 1888 3030 imbutus
1917 2991 2007 3031 est⁸.
2067 2991 2206 3030 Nostis

265 3083 278 3106 ¹
302 3085 387 3118 Rev.
403 3085 553 3119 Thomas
576 3086 731 3123 Skelton,
754 3086 838 3119 Rev.
858 3086 898 3118 R.
922 3086 963 3118 R.
986 3084 1066 3128 (and
1091 3084 1175 3128 Mrs)
1200 3085 1343 3124 winter,
1368 3086 1435 3119 and
1460 3087 1543 3119 Rev.
1569 3087 1599 3129 J.
1622 3086 1671 3118 H.
1688 3086 1871 3119 Crowfoot.
1964 3084 1978 3106 ²
2000 3084 2206 3128 Cambridge

178 3128 322 3162 Mission
337 3133 373 3162 to
389 3129 504 3171 Delhi,
522 3130 670 3163 founded
685 3130 720 3162 in
740 3129 879 3171 1876-7.
1065 3127 1079 3149 ⁸
1103 3129 1200 3163 Until
1229 3131 1323 3172 1870,
1347 3130 1404 3163 the
1422 3131 1519 3173 Lady
1534 3130 1664 3173 Chapel
1681 3130 1720 3163 of
1740 3130 1796 3164 the
1810 3130 1932 3173 Abbey
1948 3129 2083 3164 Church
2107 3129 2146 3163 of
2166 3130 2205 3164 St

177 3171 320 3206 Alban’s
335 3183 405 3206 was
420 3173 505 3207 used·
518 3184 554 3207 as
570 3173 627 3206 the
645 3175 655 3191 ⁴
667 3173 846 3207 Grammar
863 3173 987 3207 School
1005 3172 1044 3206 of
1056 3173 1148 3216 King
1165 3174 1311 3206 Edward
1328 3174 1378 3206 VI
1391 3173 1411 3205 ’-

1162 3258 1210 3298 53
