2704 3770
647 341 718 390 A.
757 341 829 389 A.
865 342 922 389 de
957 342 1260 406 Lapparent.
1328 341 1398 390 A.
1441 341 1500 390 G.
1539 341 1806 389 Natkorst.
1878 341 1933 388 E
1934 340 2031 388 mz‘l
2059 340 2278 389 Fischer.

570 485 685 537 (464)
715 487 1062 538 Francogallorum
1090 486 1314 538 respublica
1343 485 1526 535 maxima,
1554 485 1765 525 vicinitatis
1795 485 1961 524 vinculis
1989 485 2199 525 nobiscum
2228 483 2467 533 consociata,

461 554 569 587 trans
587 549 730 588 fretum
752 555 976 600 angustum,
999 548 1200 588 nonnullis
1223 556 1304 588 tam
1328 548 1661 596 formidulosum¹,
1684 549 1736 587 ad
1758 547 1874 587 litora
1898 555 2033 587 nostra
2057 549 2229 600 legatum
2255 545 2470 587 transmisit

461 609 795 661 acceptissimum.
855 611 1018 661 Hospes
1044 618 1178 651 autern
1204 617 1349 658 noster,
1371 609 1440 660 qui
1464 611 1503 649 N
1506 622 1791 649 ormannorum
1817 608 1858 647 in
1878 609 2082 660 provincia
2102 608 2301 660 superiore
2326 608 2470 647 vallem

463 673 664 722 quandam
703 672 868 712 viridem
901 672 997 712 olim
1029 673 1082 712 ab
1114 686 1267 713 oceano
1300 673 1544 713 denudatam
1578 671 1737 723 penitus
1774 680 2040 724 perscrutatus
2077 671 2167 722 est'‚
2202 672 2243 711 in
2282 670 2472 711 Instituto

464 735 675 776 Catholico
695 735 905 776 Parisiensi
924 736 1145 788 geologiam
1165 737 1363 787 praeclare
1383 736 1597 787 profitetur.
1656 734 1853 775 Scientiae
1877 748 1968 775 vero
1991 735 2095 775 illius
2113 735 2155 774 in
2174 734 2286 774 Actis
2304 731 2472 774 edendis

463 795 533 835 diu
566 805 795 850 occupatuS,
828 797 1088 837 Scientiarum
1122 798 1175 837 ab
1204 797 1433 845 Academia,
1468 795 1539 835 viri
1570 796 1724 847 magni³
1757 796 1798 836 in
1830 797 1975 845 locum,
2012 796 2265 848 epistolarum
2296 794 2474 834 minister

464 865 678 910 perpetuus
715 872 842 911 nuper
879 866 939 899 est
976 860 1136 899 electus.
1196 860 1312 898 Idem
1350 858 1427 898 stili
1469 857 1592 897 lucidi
1633 857 1913 909 perspicuitate
1959 865 1998 898 et
2039 858 2249 898 verborum
2290 864 2473 908 aptorum

464 928 671 961 venustate
699 921 874 974 insignis,
897 935 997 974 opus
1025 922 1176 973 ingens,
1198 920 1343 973 sum-mi
1371 920 1528 969 laboris,
1554 920 1700 960 summi
1727 920 1921 960 acuminis
1948 927 2265 968 monumentum,
2286 916 2474 959 scientiae

465 994 560 1022 suae
588 982 775 1023 studiosis
804 983 1031 1032 dedicavit⁴¹‚
1054 983 1165 1023 cuius
1191 983 1232 1022 in
1261 982 1349 1034 ipso
1376 982 1514 1022 limine
1541 983 1804 1034 professorem
1833 983 2037 1033 quendam
2065 984 2324 1028 Germanum,
2345 978 2474 1031 operis

464 1042 564 1082 tanti
582 1045 782 1084 aemulum
798 1044 1156 1097 generosissimum,
1174 1052 1308 1096 aperte
1327 1052 1447 1096 atque
1465 1044 1637 1096 ingenue
1652 1045 1862 1090 collaudat,
1881 1043 1960 1095 qui,
1978 1051 2158 1095 tempore
2173 1044 2328 1091 eodem,
2346 1041 2475 1082 laudis

466 1105 582 1145 titulo
608 1108 751 1147 eodem
774 1121 799 1147 a
824 1108 940 1148 nobis
966 1107 1049 1148 iure
1075 1107 1229 1159 optimo
1252 1106 1492 1147 exornatur⁶.
1551 1106 1699 1146 Laudis
1728 1106 1908 1147 eiusdem
1934 1106 2065 1146 socius
2091 1105 2231 1146 merito
2257 1106 2477 1153 declaratur

467 1168 692 1208 ALBERTUS
711 1170 941 1210 AUGUSTUS
961 1181 1018 1208 DE
1038 1171 1305 1208 LAPPARENT.

577 1260 692 1314 (465)
725 1261 963 1302 Germaniae
995 1261 1159 1312 quidem
1192 1275 1216 1301 e
1246 1261 1384 1312 legatis
1413 1262 1580 1300 alterum
1614 1260 1735 1301 bodie
1768 1273 1850 1300 non
1884 1261 1969 1301 sine
2002 1261 2140 1301 dolore
2173 1259 2474 1308 desffleramus',

469 1323 756 1363 Scandinaviae
775 1336 868 1363 vero
891 1325 1065 1375 legatum
1091 1325 1259 1363 alterum
1282 1337 1365 1363 non
1388 1323 1474 1363 sine
1499 1323 1646 1374 gaudio
1672 1325 1900 1363 salutamus.
1958 1325 2183 1364 Salutamus
2202 1324 2475 1374 professorem,

468 1385 580 1425 cuius
610 1388 763 1437 Regem
791 1386 982 1426 illustrem
1011 1386 1114 1426 inter
1141 1387 1325 1426 doctores
1355 1393 1511 1425 nostros
1539 1385 1618 1424 iam
1645 1387 1798 1425 dudum
1829 1386 1998 1426 libenter
2020 1385 2346 1434 numeravimus⁷,
2367 1383 2479 1424 cuius

469 1449 702 1499 popularem
731 1449 938 1500 insignem,
969 1448 1204 1497 Linnaeum,
1232 1462 1324 1488 cum
1354 1448 1451 1488 orbe
1480 1455 1668 1488 terrarum
1697 1455 1783 1488 toto
1812 1462 1939 1501 nuper
1967 1448 2282 1490 celebravimus⁸.
2341 1446 2480 1488 Hodie

468 1521 562 1549 vero
583 1511 722 1550 Florae
740 1511 928 1561 antiquae
947 1509 1080 1561 potius
1100 1523 1219 1561 quam
1240 1509 1458 1549 hodiernae
1477 1509 1694 1549 antistitem
1714 1511 1960 1559 decoramus,
1978 1510 2047 1562 qui
2066 1509 2317 1550 scientiarum
2337 1510 2481 1549 ardens

469 1584 615 1621 amore,
638 1586 924 1624 saepenumero
951 1575 1071 1613 etiam
1096 1572 1196 1613 caeli
1221 1572 1346 1612 arctoi
1371 1572 1514 1624 frigora
1539 1573 1690 1612 sortiter
1711 1572 1901 1613 toleravit.
1959 1573 2118 1613 Talium
2146 1572 2315 1613 virorum
2334 1570 2480 1612 auxilio

469 1641 602 1674 vetera
620 1634 686 1674 illa
705 1638 848 1686 poe'tae
868 1634 1044 1675 Romani
1063 1634 1184 1675 verba
1203 1635 1338 1674 denuo
1357 1647 1449 1673 vera
1468 1634 1688 1673 redduntur
1703 1649 1767 1674 :—

1092 1710 1102 1728 ‘
1117 1707 1278 1747 venient
1305 1707 1420 1746 annis
1448 1708 1606 1747 saecula
1634 1707 1742 1757 seris,

1119 1761 1265 1812 quibus
1294 1762 1481 1802 Oceanus
1509 1761 1668 1801 vincula
1695 1775 1826 1801 rerum

1117 1817 1230 1863 laxet,
1262 1823 1302 1855 et
1330 1815 1470 1867 ingens
1498 1822 1631 1867 pateat
1659 1816 1786 1864 tellus,

1120 1871 1352 1921 Tethysque
1381 1882 1506 1909 novos
1536 1870 1695 1921 detegat
1723 1870 1851 1917 orbes,

1122 1937 1197 1963 nee
1226 1923 1276 1963 sit
1304 1923 1414 1963 terris
1443 1923 1583 1962 ultima
1611 1924 1794 1963 Thule’0.

582 2005 746 2045 Interim
786 2006 893 2045 velut
930 2003 1109 2044 ultimam
1153 2004 1314 2043 Thulen
1357 2003 1479 2043 hodie
1522 2003 1639 2042 nobis
1686 2010 1953 2055 repraesentat
1999 2004 2210 2044 doctorum
2257 2011 2483 2044 nostrorum

473 2067 682 2107 illustrium
702 2067 743 2107 in
764 2068 863 2108 serie
882 2080 1102 2119 supremus,
1118 2068 1200 2118 poli
1219 2066 1343 2106 arctoi
1363 2067 1571 2117 indagator
1585 2067 1724 2115 audax,
1743 2068 1973 2106 ALFREDUS
1990 2068 2183 2106 GABRIEL
2203 2067 2480 2106 NATHORST10.

1301 2286 1355 2335 17
1399 2273 1500 2322 Oct.
1547 2286 1671 2335 1907

585 2390 699 2444 (466)
719 2392 949 2431 SCOENTlAE
968 2390 1172 2431 chemicae
1191 2392 1390 2443 professor
1410 2390 1688 2440 Berolinensis,
1711 2404 1882 2442 purpura
1901 2397 2036 2430 nostra
2055 2390 2117 2441 (ut
2135 2387 2294 2441 videtis)
2309 2388 2482 2439 vestitus,

477 2467 524 2493 ex
552 2452 752 2504 insperato
780 2452 897 2492 nobis
925 2452 1047 2493 hodie
1075 2452 1274 2504 paulisper
1305 2452 1461 2501 affulsit.
1522 2452 1719 2492 Novimus
1747 2459 1882 2491 tamen
1910 2464 2031 2503 quarn
2060 2450 2254 2490 subtiliter
2280 2449 2485 2490 materiam

476 2515 583 2555 illam
609 2514 909 2566 investigaverit,
935 2527 1038 2565 quae
1067 2528 1159 2554 cum
1185 2528 1290 2566 aqua
1314 2514 1530 2554 commixta
1555 2516 1687 2553 lanam
1716 2514 1849 2553 colore
1877 2525 1991 2552 roseo
2019 2511 2284 2564 pulcherrimo
2312 2510 2462 2564 tingitu
2474 2526 2486 2562 ς

477 2577 673 2624 novimus,
694 2576 756 2616 via
784 2589 906 2627 quam
928 2576 1151 2616 admirabili
1174 2576 1435 2628 pedetemtim
1461 2576 1733 2628 progressus12,
1759 2574 1935 2615 sacchari
1963 2587 2107 2626 genera
2135 2574 2270 2621 multa,
2293 2579 2362 2613 aut
2389 2572 2486 2613 olim

478 2649 575 2681 nota
591 2648 660 2680 aut
679 2639 731 2679 ab
750 2639 837 2691 ipso
858 2640 1066 2691 patefacta,
1087 2639 1128 2679 in
1149 2641 1347 2679 elementa
1366 2653 1437 2679 sua
1456 2639 1583 2690 prima
1602 2637 1814 2685 resolverit,
1835 2645 1955 2688 atque
1974 2644 2198 2676 atomorum
2218 2637 2270 2675 de
2288 2635 2429 2676 ordine
2447 2643 2486 2675 et

478 2703 657 2754 positura
674 2704 780 2754 leges
800 2716 922 2743 novas
931 2703 958 2724 ¹³
972 2702 1231 2742 illustraverit.
1290 2702 1430 2742 Peritis
1446 2703 1585 2741 saltem
1601 2709 1696 2741 nota
1716 2707 1808 2740 sunt
1827 2699 1996 2751 plurima
2010 2699 2086 2738 alia
2100 2698 2170 2738 viri
2185 2698 2302 2738 huius
2313 2697 2484 2746 inventa,

479 2779 582 2818 quae
608 2765 796 2806 scientiae
824 2766 987 2806 intimae
1009 2766 1062 2806 ad
1089 2765 1175 2817 ipsa
1197 2765 1414 2817 penetralia
1440 2764 1651 2816 pertinent.
1709 2765 1804 2803 Duo
1828 2775 1922 2802 vero
1945 2761 2090 2802 laboris
2115 2762 2200 2801 eius
2227 2767 2488 2801 monumenta

566 2857 578 2878 ¹
602 2859 652 2890 As
667 2858 716 2890 sar
732 2858 817 2890 back
834 2869 870 2890 as
890 2857 982 2897 1876,
1003 2858 1052 2889 M.
1069 2857 1261 2900 Lapparent
1276 2856 1344 2888 had
1359 2856 1444 2889 been
1464 2855 1630 2898 ‘engaged
1647 2856 1680 2887 in
1696 2855 1753 2887 the
1769 2853 1982 2897 preliminary
1997 2853 2121 2885 studies
2136 2851 2319 2885 connected
2335 2850 2415 2884 with
2429 2849 2487 2883 the

480 2902 647 2944 proposed
662 2900 961 2935 Channel-tunnel‘
980 2900 1045 2941 (see
1063 2900 1115 2932 his
1132 2900 1261 2943 Speech
1282 2900 1450 2932 delivered
1465 2910 1485 2931 a
1501 2899 1563 2931 few
1579 2899 1680 2931 hours
1695 2898 1778 2930 later
1793 2898 1827 2930 in
1843 2898 1899 2929 the
1916 2896 1998 2929 Hall
2014 2896 2052 2928 of
2072 2897 2110 2929 St
2128 2895 2258 2938 John's,
2273 2895 2341 2927 and
2356 2894 2487 2937 printed

479 2945 514 2977 in
535 2945 601 2977 The
619 2945 796 2987 Geological
810 2947 930 2986 Society
949 2945 1141 2985 Centenmy,
1159 2954 1215 2986 pp.
1239 2943 1368 2986 162-4).
1530 2942 1543 2962 ²
1567 2942 1712 2974 Memoir
1727 2952 1771 2973 on
1788 2941 1844 2973 the
1859 2942 1947 2981 Pays
1962 2941 1999 2972 de
2013 2940 2119 2981 Bray.
2267 2937 2281 2958 ³
2304 2937 2486 2970 Berthelot.

481 2988 495 3008 ⁴
524 2990 557 3020 T
551 2987 640 3021 raite'
651 2989 689 3021 de
708 2989 861 3029 Gdologv'e.
991 2986 1005 3007 ⁶
1030 2988 1204 3019 Hermann
1220 2986 1379 3020 Credner.
1510 2984 1524 3005 ⁶
1547 2985 1635 3017 Prof.
1654 2983 1873 3017 Rosenbusch
1889 2983 1927 3016 of
1940 2982 2157 3024 Heidelberg.
2298 2979 2313 3001 ⁷
2336 2981 2402 3013 No.
2423 2989 2485 3022 325

478 3037 592 3073 supra.
723 3030 737 3050 ⁸
760 3031 974 3064 Celebration
989 3030 1027 3063 of
1038 3031 1094 3062 the
1111 3030 1329 3071 Bicentenary
1345 3029 1382 3061 of
1394 3029 1450 3061 the
1467 3029 1560 3061 Birth
1575 3029 1613 3060 of
1625 3028 1803 3064 Linnaeus,
1820 3033 1853 3059 at
1871 3027 1999 3069 Upsala
2015 3026 2080 3058 and
2098 3024 2307 3062 stockholm,
2322 3024 2357 3056 in
2376 3023 2484 3066 April,

486 3083 579 3117 1907.
667 3073 681 3094 ⁹
705 3075 842 3111 Seneca,
860 3075 985 3111 Medea,
1004 3075 1066 3115 378
1078 3073 1100 3105 f.
1189 3072 1216 3092 ¹⁰
1239 3073 1372 3105 Author
1387 3073 1425 3104 of
1437 3072 1546 3104 works
1562 3082 1606 3104 on
1622 3072 1678 3104 the
1698 3071 1807 3103 Fossil
1827 3071 1927 3102 Flora
1942 3070 1980 3102 of
1998 3069 2150 3108 Sweden‚
2168 3068 2235 3100 and
2257 3067 2296 3100 of
2313 3067 2370 3099 the
2390 3066 2488 3099 Polm-

483 3118 629 3159 Regions
643 3129 654 3156 3
675 3118 823 3150 member
842 3118 879 3149 of
899 3117 962 3149 five
979 3118 1092 3149 Arctic
1113 3117 1320 3159 expeditioris
1339 3117 1373 3147 in
1394 3118 1551 3158 1870-99,
1569 3115 1635 3146 and
1652 3115 1762 3147 leader
1779 3114 1816 3146 of
1828 3114 1885 3146 the
1901 3113 2117 3155 Spitzbergen
2133 3111 2324 3154 expedition
2340 3110 2378 3143 of
2393 3110 2486 3153 1898.

481 3159 507 3180 ¹¹
532 3161 737 3193 Rosaniline.
809 3160 836 3180 ¹²
859 3161 1020 3202 Through
1036 3160 1086 3193 his
1102 3160 1275 3201 discovery
1290 3160 1328 3192 of
1340 3160 1397 3192 the
1413 3159 1635 3198 Hydrazines.
1716 3157 1742 3177 ¹³
1766 3157 1839 3190 The
1855 3157 1973 3198 theory
1988 3156 2027 3189 of
2036 3156 2111 3188 Van
2127 3155 2151 3187 ’t
2169 3154 2258 3187 Hoff
2266 3154 2334 3186 and
2349 3154 2398 3186 Le
2414 3153 2486 3186 Bel.

1452 3243 1528 3268 210
