2704 3770
503 325 562 375 G.
597 322 838 373 Nickson.
910 321 985 372 H.
1023 321 1091 371 E.
1129 319 1276 368 Paul
1308 317 1538 368 Cambon.
1602 318 1762 385 Jacob
1798 320 2053 384 Sclzz'pper.

263 473 399 516 Etiam
426 475 592 514 alumno
621 478 771 522 nostro,
795 470 837 512 in
864 467 1085 511 ministerio
1114 481 1189 508 suo
1218 480 1332 507 sacro
1359 466 1440 506 iam
1469 480 1541 519 per
1568 480 1698 507 annos
1727 467 2005 519 duodeviginti
2033 476 2225 520 spectato,
2253 468 2295 508 in

262 544 479 590 posterum,
501 542 546 576 ut
565 547 783 588 speramus,
807 533 969 574 Baedae
988 531 1114 585 ipsius
1133 530 1176 570 in
1195 528 1370 581 vestigiis
1389 528 1601 578 insistenti,
1618 529 1705 569 laus
1726 542 1810 569 non
1825 528 2029 569 dissimilis
2047 530 2294 571 attribuetur.

263 597 435 652 Angliae
462 595 784 650 septentrionalis
813 594 934 648 regio,
962 593 1038 635 sub
1066 592 1260 646 episcopo
1290 590 1568 639 Dunelmensi,
1597 590 1682 631 viro
1711 590 1898 643 optim01,
1928 590 1966 630 ei
1994 591 2155 640 credita,
2189 591 2295 632 ‘eius

263 660 359 702 fidei
378 667 419 701 et
437 658 665 712 magisterio
684 659 862 711 palmam
875 659 885 677 '
903 655 1029 698 dabit.

374 723 495 763 Duco
540 722 593 762 ad
635 733 707 761 vos
749 719 877 760 virum
925 718 1190 759 reverendum
1233 717 1471 756 GEORGIUM
1515 716 1726 765 N1CKsoN,
1767 715 2004 768 episcopum
2052 717 2298 757 Gervensem

264 785 530 839 designatum.

1088 912 1104 944 1
1115 899 1145 944 6
1171 894 1314 962 June
1357 910 1374 944 1
1385 896 1484 955 906

374 1017 489 1073 (438)
528 1020 940 1059 FRANCOGALLORUM
975 1015 1265 1069 rempublicam
1300 1013 1529 1061 maximam,
1566 1012 1665 1053 mari
1697 1020 1869 1065 angusto
1902 1027 1927 1053 a
1959 1012 2077 1054 nobis
2116 1013 2297 1063 divisam,

263 1082 459 1123 laetamur
483 1094 626 1122 omnes
650 1093 760 1120 nunc
783 1080 950 1121 demum
974 1078 1218 1120 concordiae
1241 1077 1410 1118 vinculis
1436 1075 1644 1117 artissimis
1671 1076 1885 1117 nobiscum
1912 1089 2000 1118 esse
2026 1076 2300 1118 coniunctam.

265 1144 425 1198 Populo
452 1143 495 1184 in
521 1150 693 1196 utroque
716 1143 772 1184 ob
794 1157 879 1184 rem
903 1150 986 1183 tam
1011 1143 1183 1182 faustam
1207 1154 1329 1182 nemo
1359 1148 1419 1182 est
1445 1141 1515 1192 qui
1535 1154 1618 1180 non
1649 1139 1725 1180 sibi
1753 1142 1982 1193 gratulatur,
2004 1154 2127 1181 nemo
2146 1148 2207 1181 est
2231 1139 2302 1192 qui

264 1219 349 1248 non
384 1207 585 1260 gloriatur.
645 1205 723 1246 Rei
760 1213 894 1246 autem
935 1212 1017 1245 tam
1051 1217 1242 1257 prospere
1273 1210 1408 1256 gestae
1440 1203 1501 1256 (ut
1535 1203 1773 1244 meministis
1807 1206 1969 1256 omnes)
2000 1205 2172 1243 multum
2212 1204 2301 1243 Rex

264 1277 413 1319 noster,
437 1269 609 1310 multum
637 1269 723 1322 ipse
751 1268 996 1322 reipublicae
1025 1270 1201 1317 Praeses,
1227 1269 1399 1307 multum
1428 1267 1549 1307 etiam
1580 1267 1781 1319 utrimque
1810 1267 1882 1307 viri
1910 1266 2087 1319 primarii
2116 1274 2155 1307 et
2183 1265 2302 1318 legati

264 1331 408 1387 optimi
435 1333 704 1374 contulerunt.
763 1333 991 1372 Salutamus
1019 1331 1142 1372 hodie
1172 1332 1525 1383 Francogallorum
1551 1332 1726 1383 legatum
1757 1330 1963 1380 illustrem,
1994 1330 2122 1371 virum
2151 1330 2302 1382 patriae

264 1395 555 1445 fidelissimum,
589 1394 718 1435 virum
758 1394 960 1435 Britannis
998 1394 1335 1447 acceptissimum.
1397 1393 1506 1434 Olim
1541 1393 1582 1433 in
1616 1393 1875 1445 praefecturis
1910 1394 2090 1445 plurimis
2123 1400 2163 1433 et
2201 1393 2304 1433 inter

265 1458 458 1500 Tunisios
485 1459 717 1512 praesertim
746 1458 897 1510 patriae
926 1458 1220 1505 devotissimus,
1247 1471 1376 1510 nuper
1403 1457 1506 1498 inter
1534 1459 1731 1510 populum
1761 1465 1976 1510 utrumque
2005 1457 2116 1510 pacis
2142 1464 2182 1497 et
2210 1470 2304 1497 con-

265 1520 427 1563 cordiae
446 1520 714 1561 internuntius
734 1519 980 1561 admirabilis
1000 1519 1159 1560 exstitit.
1217 1519 1303 1559 Viri
1327 1518 1495 1559 huiusce
1522 1527 1561 1559 et
1586 1533 1718 1559 rerum
1742 1526 1964 1560 exterarum
1986 1519 2155 1560 ministri
2178 1518 2304 1559 nostri

265 1583 424 1631 auxilio,
454 1582 779 1624 benevolentiam
812 1584 921 1622 illam
953 1589 1148 1631 mutuam,
1181 1580 1303 1633 Regis
1333 1581 1458 1621 nostri
1492 1581 1680 1633 auspiciis
1709 1581 1859 1622 abhinc
1890 1581 2105 1622 triennium
2138 1581 2304 1622 feliciter

265 1645 588 1699 redintegratam,
609 1644 900 1686 discordiarum
928 1644 1059 1685 causis
1086 1643 1276 1684 omnibus
1307 1644 1347 1683 in
1372 1645 1485 1684 omni
1509 1644 1617 1684 orbis
1641 1652 1832 1685 terrarum
1857 1653 1968 1698 parte
1992 1644 2304 1697 prudentissime

266 1707 512 1761 compositis,
534 1708 696 1748 foedere
714 1706 917 1759 utrimque
937 1707 1043 1747 iusto
1062 1706 1166 1747 inter
1185 1705 1368 1746 omniurn
1389 1706 1674 1758 gratulationes
1694 1708 1972 1748 confirmatam
1992 1707 2195 1748 vidimus⁸.

377 1771 497 1811 Duco
516 1771 570 1811 ad
588 1783 660 1810 vos
681 1770 1032 1821 Francogallorum
1053 1770 1230 1821 legatum
1249 1767 1455 1817 illustrem,
1478 1767 1631 1809 ordinis
1651 1768 1875 1810 Victoriani
1893 1770 2071 1823 equitem
2091 1769 2302 1822 insignem,

268 1836 454 1877 PAULUM
475 1835 673 1877 CAMBON.

1103 1953 1120 1986 1
1138 1954 1155 1986 1
1203 1937 1307 1986 Oct.
1353 1940 1483 1998 1906

376 2056 493 2112 (439)
525 2058 674 2098 ADEST
706 2056 949 2110 philologiae
982 2055 1153 2109 Angliae
1181 2055 1224 2096 in
1254 2055 1527 2097 Universitate
1556 2054 1871 2097 Vindobonensi
1899 2058 2101 2110 professor
2127 2058 2304 2111 insignis,

268 2120 550 2167 Universitatis
580 2120 762 2162 eiusdem
796 2134 924 2172 nuper
958 2121 1110 2160 Rector
1141 2119 1385 2171 Magnificus
1423 2120 1678 2167 constitutus,
1711 2119 1826 2160 cuius
1859 2121 2000 2162 laudes
2033 2134 2083 2162 eo
2116 2121 2307 2163 libentius

267 2184 391 2228 hodie
422 2183 526 2225 inter
557 2185 712 2236 Anglos
744 2183 1007 2236 aggredimur,
1042 2184 1153 2235 quod
1187 2184 1352 2223 easdem
1386 2196 1524 2234 nuper,
1554 2183 1746 2236 temporis
1780 2184 1917 2236 spatiis
1953 2185 2100 2237 iniquis
2134 2187 2306 2236 exclusa,

269 2246 494 2290 Caledonia
530 2246 655 2287 invita
692 2246 852 2287 silentio
890 2245 1184 2298 praetermisit³.
1243 2245 1370 2298 Atqui
1409 2247 1658 2288 Caledoniae
1696 2249 1748 2289 de
1785 2252 1906 2301 poeta
1944 2251 2124 2302 quodam
2163 2250 2309 2303 insigni

269 2311 471 2364 praeclare
490 2317 574 2351 erat
592 2309 768 2358 meritus,
790 2309 861 2361 qui
881 2310 951 2362 (ne
970 2311 1084 2361 plura
1103 2309 1439 2362 commemorem)
1462 2312 1712 2363 Margaretae
1733 2313 1914 2365 Reginae
1938 2314 2211 2355 Caledonicae
2235 2314 2310 2355 iter

269 2373 563 2414 Aberdonense
589 2371 686 2412 olim
714 2371 958 2412 celebravit⁴.
1019 2373 1130 2412 Inter
1149 2378 1309 2412 nosmet
1328 2371 1438 2423 ipsos
1458 2380 1594 2413 autem
1620 2375 1823 2425 professor
1845 2383 1982 2416 noster
2006 2377 2187 2428 Collegia
2212 2377 2307 2425 duo,

271 2435 452 2488 Reginae
486 2434 592 2474 illius
624 2434 678 2474 ab
709 2433 809 2483 avia,
847 2432 1025 2474 Domina
1061 2435 1299 2485 Margareta,
1333 2433 1498 2473 condita
1531 2434 1732 2486 paulisper
1765 2438 2115 2489 contemplabitur.
2175 2438 2309 2478 Etiam

271 2497 464 2550 Corporis
491 2496 642 2539 Christi
671 2495 909 2548 Collegium,
942 2495 1129 2535 Marlovii
1157 2496 1293 2544 nostri,
1327 2495 1513 2536 Marlovii
1547 2496 1609 2536 sui
1638 2497 1881 2550 Collegium,
1910 2499 2081 2540 libenter
2113 2500 2308 2541 intrabit³.

271 2559 548 2602 Admirabitur
566 2557 744 2611 denique
763 2557 1036 2609 Collegiorum
1056 2564 1285 2597 nostrorum
1305 2557 1490 2597 omnium
1510 2558 1741 2607 maximum,
1760 2562 1872 2612 quod
1892 2561 1996 2602 inter
2013 2563 2200 2603 alumnos
2215 2576 2310 2604 suos

270 2622 442 2663 illustres
471 2621 731 2662 Franciscum
762 2622 968 2660 Baconem
997 2626 1192 2669 numerat,
1223 2620 1304 2670 qui,
1334 2619 1459 2671 gloria
1487 2633 1560 2660 sua
1589 2634 1734 2673 magna
1763 2635 1846 2662 non
1876 2631 2103 2673 contentus,
2130 2624 2211 2666 iam
2239 2639 2311 2678 per

271 2698 402 2726 annos
430 2683 722 2737 quinquaginta
749 2697 774 2724 a
803 2682 1018 2732 nonnullis,
1040 2682 1198 2722 insania
1226 2683 1402 2735 quadam
1430 2695 1557 2735 prope
1585 2683 1799 2726 insanabili
1827 2687 1992 2737 affectis,
2014 2690 2136 2729 etiam
2165 2690 2312 2730 Shake-

272 2747 416 2804 spearii
444 2749 599 2789 fabulas
627 2746 913 2800 conscripsisse
942 2746 1126 2787 creditur.
1187 2747 1352 2799 Hospes
1385 2755 1480 2788 vero
1509 2756 1646 2789 noster
1677 2750 1934 2802 pestilentem
1963 2752 2077 2793 illum
2111 2753 2311 2794 ‘Baconis

273 2810 486 2856 bacillum'
523 2823 608 2851 non
644 2810 770 2851 modo
808 2809 1031 2849 innocuum
1060 2807 1247 2858 reddidit,
1279 2809 1351 2850 sed
1385 2809 1507 2850 etiam
1540 2810 1603 2862 (ut
1636 2814 1862 2866 speramus)
1895 2828 2058 2867 prorsus
2092 2815 2308 2856 exstinxit⁸.

361 2903 373 2925 ¹
398 2905 559 2947 Handley
574 2904 658 2938 carr
674 2903 766 2946 Glyn
784 2904 913 2941 Moule,
932 2904 1028 2937 D.D.
1279 2902 1292 2923 ²
1315 2903 1373 2937 On
1394 2904 1451 2937 the
1473 2904 1543 2938 first
1558 2915 1645 2949 page
1666 2906 1705 2939 of
1723 2907 1780 2941 the
1797 2909 1971 2953 Despatch
1986 2910 2190 2954 forwarding
2205 2914 2241 2943 to
2258 2909 2314 2944 Sir

275 2948 437 2982 Edmund
454 2948 602 2982 Monson
619 2948 676 2981 the
692 2948 876 2991 important
892 2948 1115 2990 Agreements
1130 2947 1169 2980 of
1180 2948 1200 2980 8
1217 2948 1326 2990 April,
1349 2957 1444 2990 1904,
1464 2948 1556 2981 Lord
1573 2949 1787 2985 Lansdowne
1803 2963 1886 2995 pays
1902 2964 1922 2986 a
1937 2965 2041 2987 warm
2057 2955 2181 2987 tribute
2198 2959 2233 2987 to
2254 2953 2311 2987 the

274 2991 420 3034 friendly
439 2992 535 3035 spirit
556 2992 595 3024 of
613 2993 671 3025 the
693 2991 826 3024 French
847 2992 1088 3032 Ambassador,
1111 2993 1166 3024 ‘to
1182 2991 1297 3024 whose
1321 2992 1477 3034 personal
1500 2992 1702 3037 knowledge
1723 2996 1762 3028 of
1778 3007 1880 3039 many
1895 2998 1934 3030 of
1951 2998 2009 3031 the
2024 2999 2138 3041 points
2154 2998 2312 3030 involved

275 3036 344 3069 and
358 3036 445 3070 wide
461 3035 660 3079 diplomatic
683 3036 880 3079 experienee
903 3036 929 3068 it
951 3036 979 3068 is
998 3035 1126 3079 largely
1140 3036 1208 3068 due
1228 3035 1301 3068 that
1323 3036 1339 3068 Ι
1361 3046 1416 3068 am
1433 3036 1510 3069 able
1526 3042 1561 3069 to
1579 3048 1755 3072 announce
1771 3044 1807 3073 to
1823 3051 1889 3083 you
1906 3042 1962 3075 the
1979 3042 2186 3086 Agreement
2203 3042 2313 3075 which

275 3079 338 3114 has
352 3080 439 3113 been
454 3080 586 3113 arrived
601 3085 636 3112 at
647 3079 667 3111 '.
714 3080 780 3122 Cp.
797 3090 853 3112 no.
871 3078 935 3121 416
950 3085 1065 3123 supra.
1199 3078 1213 3099 ³
1237 3079 1418 3122 Honorary
1435 3081 1567 3123 Degree
1582 3087 1617 3114 at
1633 3082 1824 3122 Aberdeen,
1843 3084 1937 3126 Sept.
1962 3085 2056 3128 1906.
2203 3084 2219 3106 ⁴
2244 3085 2314 3118 The

276 3124 393 3158 Poenas
406 3123 448 3167 eff
464 3124 615 3156 William
631 3123 791 3163 Dunbar,
814 3125 952 3166 1892-4,
968 3123 1142 3166 including
1164 3123 1231 3156 The
1249 3124 1393 3164 Queenis
1407 3124 1564 3167 Progress
1577 3130 1614 3157 at
1628 3126 1797 3160 Aberdeen
1815 3128 1888 3170 (151
1898 3129 1941 3172 ι).
2111 3129 2125 3149 ⁵
2147 3130 2202 3162 De
2213 3140 2314 3162 versu

277 3168 452 3206 Marlovii‚
473 3169 567 3210 1887.
837 3166 852 3187 ⁶
874 3167 950 3199 Zur
964 3168 1085 3200 Kritik
1100 3169 1160 3199 der
1174 3167 1520 3211 Shakespeare-Bacon
1538 3170 1656 3212 Frage,
1678 3172 1761 3214 1889
1775 3184 1784 3212 ;
1808 3173 1884 3205 Der
1897 3174 2193 3212 Bucen-Baculus,
2215 3172 2309 3217 1896·

1271 3254 1346 3294 Ῐ99
