<?xml version="1.0" encoding="UTF-8"?>
<!DOCTYPE html PUBLIC "-//W3C//DTD XHTML 1.0 Transitional//EN"
    "http://www.w3.org/TR/xhtml1/DTD/xhtml1-transitional.dtd">
<html xmlns="http://www.w3.org/1999/xhtml" xml:lang="en" lang="en">
 <head>
  <title>
</title>
<meta http-equiv="Content-Type" content="text/html;charset=utf-8" />
  <meta name='ocr-system' content='tesseract 3.04.00' />
  <meta name='ocr-capabilities' content='ocr_page ocr_carea ocr_par ocr_line ocrx_word'/>
</head>
<body>
  <div class='ocr_page' id='page_1' title='image "./orationesetepist00sanduoft_0206.png"; bbox 0 0 2704 3770; ppageno 0'>
   <div class='ocr_carea' id='block_1_1' title="bbox 510 344 2382 412">
    <p class='ocr_par' dir='ltr' id='par_1_1' title="bbox 510 344 2382 412">
     <span class='ocr_line' id='line_1_1' title="bbox 510 344 2382 412; baseline 0 -18"><span class='ocrx_word' id='word_1_1' title='bbox 510 347 669 411; x_wconf 80' lang='lat' dir='ltr'>Percy</span> <span class='ocrx_word' id='word_1_2' title='bbox 703 346 853 395; x_wconf 82' lang='lat' dir='ltr'><em>Alex.</em></span> <span class='ocrx_word' id='word_1_3' title='bbox 891 346 1221 395; x_wconf 68' lang='lat' dir='ltr'>MacMalzon.</span> <span class='ocrx_word' id='word_1_4' title='bbox 1295 346 1391 396; x_wconf 72' lang='lat' dir='ltr'>Sir</span> <span class='ocrx_word' id='word_1_5' title='bbox 1435 347 1544 395; x_wconf 87' lang='lat' dir='ltr'>Wm</span> <span class='ocrx_word' id='word_1_6' title='bbox 1577 346 1811 412; x_wconf 85' lang='lat' dir='ltr'>Ramsay.</span> <span class='ocrx_word' id='word_1_7' title='bbox 1883 346 1937 394; x_wconf 83' lang='lat' dir='ltr'>A</span> <span class='ocrx_word' id='word_1_8' title='bbox 1943 345 2100 394; x_wconf 78' lang='lat' dir='ltr'>rtlzur</span> <span class='ocrx_word' id='word_1_9' title='bbox 2132 344 2382 394; x_wconf 70' lang='lat' dir='ltr'>Sckuster.</span> 
     </span>
    </p>
   </div>
   <div class='ocr_carea' id='block_1_2' title="bbox 441 488 2457 1285">
    <p class='ocr_par' dir='ltr' id='par_1_2' title="bbox 441 488 2457 1165">
     <span class='ocr_line' id='line_1_2' title="bbox 550 488 2454 543; baseline 0.001 -15"><span class='ocrx_word' id='word_1_10' title='bbox 550 490 663 542; x_wconf 86' lang='lat'><strong>(406)</strong></span> <span class='ocrx_word' id='word_1_11' title='bbox 692 491 820 530; x_wconf 84' lang='lat' dir='ltr'>Adest</span> <span class='ocrx_word' id='word_1_12' title='bbox 846 490 1036 543; x_wconf 86' lang='lat' dir='ltr'><strong>deinceps</strong></span> <span class='ocrx_word' id='word_1_13' title='bbox 1060 490 1194 531; x_wconf 89' lang='lat' dir='ltr'>militis</span> <span class='ocrx_word' id='word_1_14' title='bbox 1218 490 1382 543; x_wconf 88' lang='lat' dir='ltr'>insignis</span> <span class='ocrx_word' id='word_1_15' title='bbox 1406 490 1520 538; x_wconf 89' lang='lat' dir='ltr'>filius,</span> <span class='ocrx_word' id='word_1_16' title='bbox 1543 490 1656 530; x_wconf 91' lang='lat' dir='ltr'>miles</span> <span class='ocrx_word' id='word_1_17' title='bbox 1681 489 1970 530; x_wconf 87' lang='lat' dir='ltr'>mathematicis</span> <span class='ocrx_word' id='word_1_18' title='bbox 1989 488 2220 541; x_wconf 89' lang='lat' dir='ltr'>praesertim</span> <span class='ocrx_word' id='word_1_19' title='bbox 2245 488 2287 529; x_wconf 93' lang='lat' dir='ltr'>in</span> <span class='ocrx_word' id='word_1_20' title='bbox 2312 488 2454 530; x_wconf 81' lang='lat' dir='ltr'>studiis</span> 
     </span>
     <span class='ocr_line' id='line_1_3' title="bbox 441 549 2454 604; baseline 0 -13"><span class='ocrx_word' id='word_1_21' title='bbox 441 553 694 603; x_wconf 88' lang='lat' dir='ltr'>spectandus,</span> <span class='ocrx_word' id='word_1_22' title='bbox 717 553 786 603; x_wconf 92' lang='lat' dir='ltr'>qui</span> <span class='ocrx_word' id='word_1_23' title='bbox 808 559 963 604; x_wconf 91' lang='lat' dir='ltr'>praeter</span> <span class='ocrx_word' id='word_1_24' title='bbox 987 552 1086 592; x_wconf 90' lang='lat' dir='ltr'>alios</span> <span class='ocrx_word' id='word_1_25' title='bbox 1109 552 1238 593; x_wconf 90' lang='lat' dir='ltr'>laudis</span> <span class='ocrx_word' id='word_1_26' title='bbox 1263 554 1400 593; x_wconf 91' lang='lat' dir='ltr'>titulos</span> <span class='ocrx_word' id='word_1_27' title='bbox 1420 552 1539 592; x_wconf 87' lang='lat' dir='ltr'>etiam</span> <span class='ocrx_word' id='word_1_28' title='bbox 1560 552 1815 592; x_wconf 85' lang='lat' dir='ltr'>scientiarum</span> <span class='ocrx_word' id='word_1_29' title='bbox 1841 550 2050 591; x_wconf 91' lang='lat' dir='ltr'>Societatis</span> <span class='ocrx_word' id='word_1_30' title='bbox 2077 550 2330 592; x_wconf 85' lang='lat' dir='ltr'>Britannicae</span> <span class='ocrx_word' id='word_1_31' title='bbox 2351 549 2454 592; x_wconf 87' lang='lat' dir='ltr'>inter</span> 
     </span>
     <span class='ocr_line' id='line_1_4' title="bbox 443 613 2455 667; baseline 0 -13"><span class='ocrx_word' id='word_1_32' title='bbox 443 614 643 654; x_wconf 89' lang='lat' dir='ltr'>ministros</span> <span class='ocrx_word' id='word_1_33' title='bbox 663 615 898 666; x_wconf 91' lang='lat' dir='ltr'>praecipuos</span> <span class='ocrx_word' id='word_1_34' title='bbox 918 622 1158 656; x_wconf 91' lang='lat' dir='ltr'>numeratur.</span> <span class='ocrx_word' id='word_1_35' title='bbox 1217 615 1447 656; x_wconf 91' lang='lat' dir='ltr'>Studiorum</span> <span class='ocrx_word' id='word_1_36' title='bbox 1468 628 1628 655; x_wconf 92' lang='lat' dir='ltr'>suorum</span> <span class='ocrx_word' id='word_1_37' title='bbox 1648 615 1689 655; x_wconf 93' lang='lat' dir='ltr'>in</span> <span class='ocrx_word' id='word_1_38' title='bbox 1709 616 1821 655; x_wconf 90' lang='lat' dir='ltr'>caelo</span> <span class='ocrx_word' id='word_1_39' title='bbox 1839 628 1952 667; x_wconf 92' lang='lat' dir='ltr'>puro,</span> <span class='ocrx_word' id='word_1_40' title='bbox 1969 614 2011 654; x_wconf 92' lang='lat' dir='ltr'>in</span> <span class='ocrx_word' id='word_1_41' title='bbox 2030 613 2191 666; x_wconf 88' lang='lat' dir='ltr'>regione</span> <span class='ocrx_word' id='word_1_42' title='bbox 2209 614 2276 655; x_wconf 89' lang='lat' dir='ltr'>illa</span> <span class='ocrx_word' id='word_1_43' title='bbox 2294 613 2455 654; x_wconf 88' lang='lat' dir='ltr'>sublimi</span> 
     </span>
     <span class='ocr_line' id='line_1_5' title="bbox 442 676 2455 730; baseline -0 -13"><span class='ocrx_word' id='word_1_44' title='bbox 442 692 465 717; x_wconf 90' lang='lat' dir='ltr'>a</span> <span class='ocrx_word' id='word_1_45' title='bbox 489 678 652 729; x_wconf 89' lang='lat' dir='ltr'>Cayleio</span> <span class='ocrx_word' id='word_1_46' title='bbox 679 685 815 717; x_wconf 92' lang='lat' dir='ltr'>nostro</span> <span class='ocrx_word' id='word_1_47' title='bbox 842 678 1005 718; x_wconf 87' lang='lat' dir='ltr'>feliciter</span> <span class='ocrx_word' id='word_1_48' title='bbox 1029 685 1243 730; x_wconf 89' lang='lat' dir='ltr'>peragrata,</span> <span class='ocrx_word' id='word_1_49' title='bbox 1270 678 1339 718; x_wconf 91' lang='lat' dir='ltr'>diu</span> <span class='ocrx_word' id='word_1_50' title='bbox 1366 685 1552 726; x_wconf 89' lang='lat' dir='ltr'>versatus,</span> <span class='ocrx_word' id='word_1_51' title='bbox 1575 678 1715 717; x_wconf 89' lang='lat' dir='ltr'>studiis</span> <span class='ocrx_word' id='word_1_52' title='bbox 1738 677 1814 717; x_wconf 92' lang='lat' dir='ltr'>illis</span> <span class='ocrx_word' id='word_1_53' title='bbox 1840 677 2077 717; x_wconf 91' lang='lat' dir='ltr'>caelestibus</span> <span class='ocrx_word' id='word_1_54' title='bbox 2102 676 2295 717; x_wconf 91' lang='lat' dir='ltr'>sermonis</span> <span class='ocrx_word' id='word_1_55' title='bbox 2322 676 2455 717; x_wconf 89' lang='lat' dir='ltr'>Latini</span> 
     </span>
     <span class='ocr_line' id='line_1_6' title="bbox 445 739 2452 792; baseline 0.001 -14"><span class='ocrx_word' id='word_1_56' title='bbox 445 741 604 779; x_wconf 89' lang='lat' dir='ltr'>Musam</span> <span class='ocrx_word' id='word_1_57' title='bbox 631 740 868 790; x_wconf 88' lang='lat' dir='ltr'>pedestrem,</span> <span class='ocrx_word' id='word_1_58' title='bbox 890 741 1008 791; x_wconf 91' lang='lat' dir='ltr'>longe</span> <span class='ocrx_word' id='word_1_59' title='bbox 1031 741 1131 780; x_wconf 88' lang='lat' dir='ltr'>infra</span> <span class='ocrx_word' id='word_1_60' title='bbox 1157 741 1198 779; x_wconf 91' lang='lat' dir='ltr'>in</span> <span class='ocrx_word' id='word_1_61' title='bbox 1222 740 1332 780; x_wconf 92' lang='lat' dir='ltr'>terris</span> <span class='ocrx_word' id='word_1_62' title='bbox 1356 740 1544 787; x_wconf 89' lang='lat' dir='ltr'>relictam,</span> <span class='ocrx_word' id='word_1_63' title='bbox 1566 739 1664 779; x_wconf 91' lang='lat' dir='ltr'>nihil</span> <span class='ocrx_word' id='word_1_64' title='bbox 1692 739 1801 780; x_wconf 89' lang='lat' dir='ltr'>aliud</span> <span class='ocrx_word' id='word_1_65' title='bbox 1828 753 1949 792; x_wconf 89' lang='lat' dir='ltr'>quam</span> <span class='ocrx_word' id='word_1_66' title='bbox 1975 751 2232 779; x_wconf 91' lang='lat' dir='ltr'>numerorum</span> <span class='ocrx_word' id='word_1_67' title='bbox 2258 739 2452 780; x_wconf 89' lang='lat' dir='ltr'>theoriam</span> 
     </span>
     <span class='ocr_line' id='line_1_7' title="bbox 443 800 2455 854; baseline 0.001 -14"><span class='ocrx_word' id='word_1_68' title='bbox 443 802 645 852; x_wconf 88' lang='lat' dir='ltr'>quandam</span> <span class='ocrx_word' id='word_1_69' title='bbox 666 815 688 841; x_wconf 93' lang='lat' dir='ltr'>e</span> <span class='ocrx_word' id='word_1_70' title='bbox 707 801 928 853; x_wconf 85' lang='lat' dir='ltr'>longinquo</span> <span class='ocrx_word' id='word_1_71' title='bbox 948 802 1208 854; x_wconf 88' lang='lat' dir='ltr'>contemplari</span> <span class='ocrx_word' id='word_1_72' title='bbox 1228 815 1366 854; x_wconf 88' lang='lat' dir='ltr'>passus</span> <span class='ocrx_word' id='word_1_73' title='bbox 1387 801 1475 841; x_wconf 91' lang='lat' dir='ltr'>est¹.</span> <span class='ocrx_word' id='word_1_74' title='bbox 1536 803 1679 842; x_wconf 86' lang='lat' dir='ltr'>Cetera</span> <span class='ocrx_word' id='word_1_75' title='bbox 1699 801 1834 842; x_wconf 90' lang='lat' dir='ltr'>omnia</span> <span class='ocrx_word' id='word_1_76' title='bbox 1853 800 2042 841; x_wconf 91' lang='lat' dir='ltr'>scientiae</span> <span class='ocrx_word' id='word_1_77' title='bbox 2067 807 2150 840; x_wconf 90' lang='lat' dir='ltr'>tam</span> <span class='ocrx_word' id='word_1_78' title='bbox 2175 800 2356 842; x_wconf 90' lang='lat' dir='ltr'>sublimis</span> <span class='ocrx_word' id='word_1_79' title='bbox 2374 814 2455 854; x_wconf 86' lang='lat' dir='ltr'>my-</span> 
     </span>
     <span class='ocr_line' id='line_1_8' title="bbox 443 862 2454 915; baseline 0 -14"><span class='ocrx_word' id='word_1_80' title='bbox 443 862 570 911; x_wconf 91' lang='lat' dir='ltr'>steria,</span> <span class='ocrx_word' id='word_1_81' title='bbox 588 862 722 914; x_wconf 90' lang='lat' dir='ltr'>peritis</span> <span class='ocrx_word' id='word_1_82' title='bbox 741 864 949 914; x_wconf 87' lang='lat' dir='ltr'>patefacta,</span> <span class='ocrx_word' id='word_1_83' title='bbox 970 877 994 902; x_wconf 93' lang='lat' dir='ltr'>a</span> <span class='ocrx_word' id='word_1_84' title='bbox 1014 863 1131 903; x_wconf 92' lang='lat' dir='ltr'>nobis</span> <span class='ocrx_word' id='word_1_85' title='bbox 1151 871 1256 903; x_wconf 90' lang='lat' dir='ltr'>certe</span> <span class='ocrx_word' id='word_1_86' title='bbox 1275 865 1407 915; x_wconf 88' lang='lat' dir='ltr'>palam</span> <span class='ocrx_word' id='word_1_87' title='bbox 1428 863 1618 915; x_wconf 90' lang='lat' dir='ltr'>divulgari</span> <span class='ocrx_word' id='word_1_88' title='bbox 1638 877 1720 903; x_wconf 92' lang='lat' dir='ltr'>non</span> <span class='ocrx_word' id='word_1_89' title='bbox 1741 876 1988 903; x_wconf 90' lang='lat' dir='ltr'>concessum.</span> <span class='ocrx_word' id='word_1_90' title='bbox 2048 863 2155 902; x_wconf 93' lang='lat' dir='ltr'>Illud</span> <span class='ocrx_word' id='word_1_91' title='bbox 2174 869 2308 903; x_wconf 90' lang='lat' dir='ltr'>autern</span> <span class='ocrx_word' id='word_1_92' title='bbox 2328 875 2454 903; x_wconf 89' lang='lat' dir='ltr'>unum</span> 
     </span>
     <span class='ocr_line' id='line_1_9' title="bbox 443 924 2456 978; baseline 0.001 -14"><span class='ocrx_word' id='word_1_93' title='bbox 443 924 620 964; x_wconf 86' lang='lat' dir='ltr'>dixerim.</span> <span class='ocrx_word' id='word_1_94' title='bbox 679 924 730 973; x_wconf 92' lang='lat' dir='ltr'>Si,</span> <span class='ocrx_word' id='word_1_95' title='bbox 753 925 953 976; x_wconf 89' lang='lat' dir='ltr'>Syracusis</span> <span class='ocrx_word' id='word_1_96' title='bbox 980 925 1115 977; x_wconf 88' lang='lat' dir='ltr'>captis,</span> <span class='ocrx_word' id='word_1_97' title='bbox 1138 926 1434 974; x_wconf 90' lang='lat' dir='ltr'>Archimedem,</span> <span class='ocrx_word' id='word_1_98' title='bbox 1456 926 1655 966; x_wconf 91' lang='lat' dir='ltr'>intentum</span> <span class='ocrx_word' id='word_1_99' title='bbox 1675 926 1821 974; x_wconf 86' lang='lat' dir='ltr'>formis,</span> <span class='ocrx_word' id='word_1_100' title='bbox 1845 939 1942 978; x_wconf 92' lang='lat' dir='ltr'>quas</span> <span class='ocrx_word' id='word_1_101' title='bbox 1962 926 2003 966; x_wconf 92' lang='lat' dir='ltr'>in</span> <span class='ocrx_word' id='word_1_102' title='bbox 2023 927 2184 978; x_wconf 93' lang='lat' dir='ltr'>pulvere</span> <span class='ocrx_word' id='word_1_103' title='bbox 2209 926 2277 966; x_wconf 93' lang='lat' dir='ltr'>illo</span> <span class='ocrx_word' id='word_1_104' title='bbox 2299 925 2456 966; x_wconf 91' lang='lat' dir='ltr'>erudito</span> 
     </span>
     <span class='ocr_line' id='line_1_10' title="bbox 443 987 2452 1042; baseline 0.001 -15"><span class='ocrx_word' id='word_1_105' title='bbox 443 987 716 1039; x_wconf 85' lang='lat' dir='ltr'>descripserat,</span> <span class='ocrx_word' id='word_1_106' title='bbox 741 987 921 1027; x_wconf 88' lang='lat' dir='ltr'>Marcelli</span> <span class='ocrx_word' id='word_1_107' title='bbox 947 987 988 1027; x_wconf 90' lang='lat' dir='ltr'>in</span> <span class='ocrx_word' id='word_1_108' title='bbox 1014 988 1186 1028; x_wconf 87' lang='lat' dir='ltr'>exercitu</span> <span class='ocrx_word' id='word_1_109' title='bbox 1214 989 1326 1028; x_wconf 90' lang='lat' dir='ltr'>miles</span> <span class='ocrx_word' id='word_1_110' title='bbox 1355 989 1442 1029; x_wconf 90' lang='lat' dir='ltr'>talis</span> <span class='ocrx_word' id='word_1_111' title='bbox 1469 989 1695 1042; x_wconf 84' lang='lat' dir='ltr'>aspexisset,</span> <span class='ocrx_word' id='word_1_112' title='bbox 1722 989 1821 1030; x_wconf 89' lang='lat' dir='ltr'>caeli</span> <span class='ocrx_word' id='word_1_113' title='bbox 1847 997 2113 1042; x_wconf 89' lang='lat' dir='ltr'>spectatorem</span> <span class='ocrx_word' id='word_1_114' title='bbox 2136 990 2248 1030; x_wconf 93' lang='lat' dir='ltr'>illum</span> <span class='ocrx_word' id='word_1_115' title='bbox 2277 988 2452 1038; x_wconf 90' lang='lat' dir='ltr'>unicum,</span> 
     </span>
     <span class='ocr_line' id='line_1_11' title="bbox 443 1049 2457 1103; baseline 0.002 -16"><span class='ocrx_word' id='word_1_116' title='bbox 443 1055 733 1088; x_wconf 89' lang='lat' dir='ltr'>tormentorum</span> <span class='ocrx_word' id='word_1_117' title='bbox 768 1049 1001 1089; x_wconf 89' lang='lat' dir='ltr'>bellicorum</span> <span class='ocrx_word' id='word_1_118' title='bbox 1040 1049 1355 1090; x_wconf 88' lang='lat' dir='ltr'>machinatorem</span> <span class='ocrx_word' id='word_1_119' title='bbox 1392 1050 1503 1090; x_wconf 90' lang='lat' dir='ltr'>illum</span> <span class='ocrx_word' id='word_1_120' title='bbox 1541 1050 1774 1100; x_wconf 89' lang='lat' dir='ltr'>mirabilem,</span> <span class='ocrx_word' id='word_1_121' title='bbox 1810 1051 1895 1091; x_wconf 91' lang='lat' dir='ltr'>sine</span> <span class='ocrx_word' id='word_1_122' title='bbox 1928 1051 2053 1091; x_wconf 92' lang='lat' dir='ltr'>dubio</span> <span class='ocrx_word' id='word_1_123' title='bbox 2086 1065 2307 1103; x_wconf 87' lang='lat' dir='ltr'>numquam</span> <span class='ocrx_word' id='word_1_124' title='bbox 2341 1051 2457 1092; x_wconf 90' lang='lat' dir='ltr'>inter-</span> 
     </span>
     <span class='ocr_line' id='line_1_12' title="bbox 443 1109 1867 1165; baseline 0.003 -16"><span class='ocrx_word' id='word_1_125' title='bbox 443 1109 612 1159; x_wconf 88' lang='lat' dir='ltr'>fecisset,</span> <span class='ocrx_word' id='word_1_126' title='bbox 643 1111 715 1150; x_wconf 91' lang='lat' dir='ltr'>sed</span> <span class='ocrx_word' id='word_1_127' title='bbox 745 1112 850 1150; x_wconf 92' lang='lat' dir='ltr'>velut</span> <span class='ocrx_word' id='word_1_128' title='bbox 879 1111 1033 1151; x_wconf 91' lang='lat' dir='ltr'>socium</span> <span class='ocrx_word' id='word_1_129' title='bbox 1063 1118 1102 1151; x_wconf 91' lang='lat' dir='ltr'>et</span> <span class='ocrx_word' id='word_1_130' title='bbox 1129 1113 1288 1151; x_wconf 91' lang='lat' dir='ltr'>fratrem</span> <span class='ocrx_word' id='word_1_131' title='bbox 1317 1112 1450 1152; x_wconf 90' lang='lat' dir='ltr'>statim</span> <span class='ocrx_word' id='word_1_132' title='bbox 1479 1121 1582 1153; x_wconf 92' lang='lat' dir='ltr'>esset</span> <span class='ocrx_word' id='word_1_133' title='bbox 1610 1114 1867 1165; x_wconf 77' lang='lat' dir='ltr'>amplexus².‘</span> 
     </span>
    </p>

    <p class='ocr_par' dir='ltr' id='par_1_3' title="bbox 442 1173 2452 1285">
     <span class='ocr_line' id='line_1_13' title="bbox 551 1173 2452 1225; baseline 0.003 -14"><span class='ocrx_word' id='word_1_134' title='bbox 551 1173 669 1211; x_wconf 91' lang='lat' dir='ltr'>Duco</span> <span class='ocrx_word' id='word_1_135' title='bbox 689 1174 741 1212; x_wconf 92' lang='lat' dir='ltr'>ad</span> <span class='ocrx_word' id='word_1_136' title='bbox 761 1186 831 1213; x_wconf 93' lang='lat' dir='ltr'>vos</span> <span class='ocrx_word' id='word_1_137' title='bbox 852 1173 1018 1213; x_wconf 88' lang='lat' dir='ltr'>militem</span> <span class='ocrx_word' id='word_1_138' title='bbox 1039 1187 1158 1224; x_wconf 91' lang='lat' dir='ltr'>quem</span> <span class='ocrx_word' id='word_1_139' title='bbox 1178 1187 1260 1214; x_wconf 93' lang='lat' dir='ltr'>non</span> <span class='ocrx_word' id='word_1_140' title='bbox 1281 1174 1360 1214; x_wconf 93' lang='lat' dir='ltr'>iam</span> <span class='ocrx_word' id='word_1_141' title='bbox 1382 1177 1490 1215; x_wconf 88' lang='lat' dir='ltr'>Mars</span> <span class='ocrx_word' id='word_1_142' title='bbox 1510 1177 1582 1216; x_wconf 88' lang='lat' dir='ltr'>sed</span> <span class='ocrx_word' id='word_1_143' title='bbox 1603 1175 1798 1215; x_wconf 90' lang='lat' dir='ltr'>Mathesis</span> <span class='ocrx_word' id='word_1_144' title='bbox 1822 1175 1923 1215; x_wconf 93' lang='lat' dir='ltr'>inter</span> <span class='ocrx_word' id='word_1_145' title='bbox 1946 1177 2118 1215; x_wconf 90' lang='lat' dir='ltr'>cultores</span> <span class='ocrx_word' id='word_1_146' title='bbox 2142 1189 2236 1216; x_wconf 89' lang='lat' dir='ltr'>suos</span> <span class='ocrx_word' id='word_1_147' title='bbox 2258 1182 2452 1225; x_wconf 87' lang='lat' dir='ltr'>numerat,</span> 
     </span>
     <span class='ocr_line' id='line_1_14' title="bbox 442 1233 1789 1285; baseline 0.004 -13"><span class='ocrx_word' id='word_1_148' title='bbox 442 1233 613 1285; x_wconf 89' lang='lat' dir='ltr'>regionis</span> <span class='ocrx_word' id='word_1_149' title='bbox 633 1247 717 1274; x_wconf 92' lang='lat' dir='ltr'>non</span> <span class='ocrx_word' id='word_1_150' title='bbox 736 1235 927 1274; x_wconf 91' lang='lat' dir='ltr'>terrestris</span> <span class='ocrx_word' id='word_1_151' title='bbox 946 1235 1150 1284; x_wconf 89' lang='lat' dir='ltr'>victorem,</span> <span class='ocrx_word' id='word_1_152' title='bbox 1173 1238 1484 1277; x_wconf 82' lang='lat' dir='ltr'>ALEXANDRUM</span> <span class='ocrx_word' id='word_1_153' title='bbox 1507 1240 1789 1277; x_wconf 82' lang='lat' dir='ltr'>MAcMAHON.</span> 
     </span>
    </p>
   </div>
   <div class='ocr_carea' id='block_1_3' title="bbox 437 1310 2455 2162">
    <p class='ocr_par' dir='ltr' id='par_1_4' title="bbox 437 1310 2455 2047">
     <span class='ocr_line' id='line_1_15' title="bbox 551 1310 2455 1364; baseline 0.003 -15"><span class='ocrx_word' id='word_1_154' title='bbox 551 1310 664 1362; x_wconf 85' lang='lat'>(407)</span> <span class='ocrx_word' id='word_1_155' title='bbox 693 1311 834 1350; x_wconf 90' lang='lat' dir='ltr'>Virum</span> <span class='ocrx_word' id='word_1_156' title='bbox 867 1311 969 1351; x_wconf 92' lang='lat' dir='ltr'>inter</span> <span class='ocrx_word' id='word_1_157' title='bbox 997 1312 1222 1352; x_wconf 92' lang='lat' dir='ltr'>Caledones</span> <span class='ocrx_word' id='word_1_158' title='bbox 1256 1325 1350 1352; x_wconf 92' lang='lat' dir='ltr'>suos</span> <span class='ocrx_word' id='word_1_159' title='bbox 1379 1320 1501 1364; x_wconf 89' lang='lat' dir='ltr'>atque</span> <span class='ocrx_word' id='word_1_160' title='bbox 1533 1313 1636 1353; x_wconf 91' lang='lat' dir='ltr'>inter</span> <span class='ocrx_word' id='word_1_161' title='bbox 1661 1314 1884 1354; x_wconf 87' lang='lat' dir='ltr'>Germanos</span> <span class='ocrx_word' id='word_1_162' title='bbox 1915 1315 2141 1363; x_wconf 86' lang='lat' dir='ltr'>educatum,</span> <span class='ocrx_word' id='word_1_163' title='bbox 2174 1314 2290 1355; x_wconf 91' lang='lat' dir='ltr'>titulo</span> <span class='ocrx_word' id='word_1_164' title='bbox 2317 1322 2455 1355; x_wconf 90' lang='lat' dir='ltr'>nostro</span> 
     </span>
     <span class='ocr_line' id='line_1_16' title="bbox 440 1372 2455 1426; baseline 0.002 -15"><span class='ocrx_word' id='word_1_165' title='bbox 440 1372 687 1411; x_wconf 89' lang='lat' dir='ltr'>Academico</span> <span class='ocrx_word' id='word_1_166' title='bbox 715 1373 880 1412; x_wconf 87' lang='lat' dir='ltr'>fortasse</span> <span class='ocrx_word' id='word_1_167' title='bbox 909 1385 958 1411; x_wconf 93' lang='lat' dir='ltr'>eo</span> <span class='ocrx_word' id='word_1_168' title='bbox 987 1372 1209 1423; x_wconf 90' lang='lat' dir='ltr'>digniorem</span> <span class='ocrx_word' id='word_1_169' title='bbox 1237 1374 1438 1425; x_wconf 89' lang='lat' dir='ltr'>putabitis,</span> <span class='ocrx_word' id='word_1_170' title='bbox 1461 1376 1572 1426; x_wconf 91' lang='lat' dir='ltr'>quod</span> <span class='ocrx_word' id='word_1_171' title='bbox 1595 1375 1675 1413; x_wconf 90' lang='lat' dir='ltr'>iam</span> <span class='ocrx_word' id='word_1_172' title='bbox 1703 1374 1745 1413; x_wconf 93' lang='lat' dir='ltr'>in</span> <span class='ocrx_word' id='word_1_173' title='bbox 1771 1375 1868 1414; x_wconf 93' lang='lat' dir='ltr'>orbe</span> <span class='ocrx_word' id='word_1_174' title='bbox 1894 1382 2084 1414; x_wconf 89' lang='lat' dir='ltr'>terrarum</span> <span class='ocrx_word' id='word_1_175' title='bbox 2110 1383 2196 1415; x_wconf 90' lang='lat' dir='ltr'>toto</span> <span class='ocrx_word' id='word_1_176' title='bbox 2225 1376 2455 1417; x_wconf 88' lang='lat' dir='ltr'>Academiis</span> 
     </span>
     <span class='ocr_line' id='line_1_17' title="bbox 440 1434 2453 1490; baseline 0.004 -18"><span class='ocrx_word' id='word_1_177' title='bbox 440 1435 520 1474; x_wconf 88' lang='lat' dir='ltr'>fere</span> <span class='ocrx_word' id='word_1_178' title='bbox 554 1434 691 1486; x_wconf 87' lang='lat' dir='ltr'>viginti</span> <span class='ocrx_word' id='word_1_179' title='bbox 720 1434 882 1474; x_wconf 90' lang='lat' dir='ltr'>honoris</span> <span class='ocrx_word' id='word_1_180' title='bbox 911 1447 1031 1474; x_wconf 88' lang='lat' dir='ltr'>causa</span> <span class='ocrx_word' id='word_1_181' title='bbox 1058 1443 1118 1475; x_wconf 91' lang='lat' dir='ltr'>est</span> <span class='ocrx_word' id='word_1_182' title='bbox 1146 1436 1378 1487; x_wconf 88' lang='lat' dir='ltr'>adscriptus.</span> <span class='ocrx_word' id='word_1_183' title='bbox 1453 1439 1528 1477; x_wconf 93' lang='lat' dir='ltr'>Per</span> <span class='ocrx_word' id='word_1_184' title='bbox 1560 1450 1688 1477; x_wconf 88' lang='lat' dir='ltr'>annos</span> <span class='ocrx_word' id='word_1_185' title='bbox 1719 1438 1994 1490; x_wconf 88' lang='lat' dir='ltr'>septendecim</span> <span class='ocrx_word' id='word_1_186' title='bbox 2027 1439 2130 1479; x_wconf 91' lang='lat' dir='ltr'>inter</span> <span class='ocrx_word' id='word_1_187' title='bbox 2160 1438 2453 1481; x_wconf 88' lang='lat' dir='ltr'>Londinienses</span> 
     </span>
     <span class='ocr_line' id='line_1_18' title="bbox 440 1497 2452 1556; baseline 0.004 -21"><span class='ocrx_word' id='word_1_188' title='bbox 440 1497 645 1536; x_wconf 91' lang='lat' dir='ltr'>scientiam</span> <span class='ocrx_word' id='word_1_189' title='bbox 679 1497 902 1536; x_wconf 87' lang='lat' dir='ltr'>chemicam</span> <span class='ocrx_word' id='word_1_190' title='bbox 933 1499 1133 1549; x_wconf 89' lang='lat' dir='ltr'>praeclare</span> <span class='ocrx_word' id='word_1_191' title='bbox 1163 1499 1374 1550; x_wconf 89' lang='lat' dir='ltr'>professus,</span> <span class='ocrx_word' id='word_1_192' title='bbox 1405 1499 1505 1540; x_wconf 75' lang='lat' dir='ltr'>aeris</span> <span class='ocrx_word' id='word_1_193' title='bbox 1533 1500 1764 1552; x_wconf 90' lang='lat' dir='ltr'>praesertim</span> <span class='ocrx_word' id='word_1_194' title='bbox 1791 1502 1989 1542; x_wconf 92' lang='lat' dir='ltr'>elementa</span> <span class='ocrx_word' id='word_1_195' title='bbox 2017 1502 2247 1554; x_wconf 87' lang='lat' dir='ltr'>exploravit,</span> <span class='ocrx_word' id='word_1_196' title='bbox 2275 1510 2315 1543; x_wconf 92' lang='lat' dir='ltr'>et</span> <span class='ocrx_word' id='word_1_197' title='bbox 2343 1501 2452 1556; x_wconf 91' lang='lat' dir='ltr'>(cum</span> 
     </span>
     <span class='ocr_line' id='line_1_19' title="bbox 438 1559 2453 1618; baseline 0.004 -20"><span class='ocrx_word' id='word_1_198' title='bbox 438 1561 602 1599; x_wconf 89' lang='lat' dir='ltr'>alumno</span> <span class='ocrx_word' id='word_1_199' title='bbox 649 1567 785 1599; x_wconf 92' lang='lat' dir='ltr'>nostro</span> <span class='ocrx_word' id='word_1_200' title='bbox 832 1559 988 1611; x_wconf 89' lang='lat' dir='ltr'>insigni,</span> <span class='ocrx_word' id='word_1_201' title='bbox 1030 1561 1208 1612; x_wconf 90' lang='lat' dir='ltr'>Rayleio,</span> <span class='ocrx_word' id='word_1_202' title='bbox 1249 1562 1521 1615; x_wconf 87' lang='lat' dir='ltr'>consociatus)</span> <span class='ocrx_word' id='word_1_203' title='bbox 1559 1565 1803 1603; x_wconf 91' lang='lat' dir='ltr'>elementum</span> <span class='ocrx_word' id='word_1_204' title='bbox 1850 1565 1949 1605; x_wconf 90' lang='lat' dir='ltr'>illud</span> <span class='ocrx_word' id='word_1_205' title='bbox 1994 1567 2131 1616; x_wconf 83' lang='lat' dir='ltr'>Argon</span> <span class='ocrx_word' id='word_1_206' title='bbox 2177 1573 2453 1618; x_wconf 89' lang='lat' dir='ltr'>nuncupatum</span> 
     </span>
     <span class='ocr_line' id='line_1_20' title="bbox 439 1621 2454 1678; baseline 0.004 -19"><span class='ocrx_word' id='word_1_207' title='bbox 439 1622 658 1672; x_wconf 85' lang='lat' dir='ltr'>repperisse</span> <span class='ocrx_word' id='word_1_208' title='bbox 678 1622 901 1661; x_wconf 91' lang='lat' dir='ltr'>confitetur.</span> <span class='ocrx_word' id='word_1_209' title='bbox 960 1621 1093 1661; x_wconf 90' lang='lat' dir='ltr'>Etiam</span> <span class='ocrx_word' id='word_1_210' title='bbox 1119 1630 1330 1675; x_wconf 91' lang='lat' dir='ltr'>propterea</span> <span class='ocrx_word' id='word_1_211' title='bbox 1355 1625 1580 1665; x_wconf 83' lang='lat' dir='ltr'>laudandus</span> <span class='ocrx_word' id='word_1_212' title='bbox 1607 1632 1677 1674; x_wconf 90' lang='lat' dir='ltr'>est,</span> <span class='ocrx_word' id='word_1_213' title='bbox 1700 1627 1811 1677; x_wconf 90' lang='lat' dir='ltr'>quod</span> <span class='ocrx_word' id='word_1_214' title='bbox 1830 1626 1872 1665; x_wconf 94' lang='lat' dir='ltr'>in</span> <span class='ocrx_word' id='word_1_215' title='bbox 1898 1627 2065 1667; x_wconf 88' lang='lat' dir='ltr'>metallis</span> <span class='ocrx_word' id='word_1_216' title='bbox 2092 1628 2253 1666; x_wconf 80' lang='lat' dir='ltr'>Helium</span> <span class='ocrx_word' id='word_1_217' title='bbox 2279 1627 2430 1668; x_wconf 90' lang='lat' dir='ltr'>invenit</span> <span class='ocrx_word' id='word_1_218' title='bbox 2442 1642 2454 1678; x_wconf 70' lang='grc' dir='ltr'><strong><em>ς</em></strong></span> 
     </span>
     <span class='ocr_line' id='line_1_21' title="bbox 439 1683 2455 1741; baseline 0.004 -20"><span class='ocrx_word' id='word_1_219' title='bbox 439 1685 551 1733; x_wconf 91' lang='lat' dir='ltr'>quod</span> <span class='ocrx_word' id='word_1_220' title='bbox 570 1683 612 1723; x_wconf 90' lang='lat' dir='ltr'>in</span> <span class='ocrx_word' id='word_1_221' title='bbox 630 1685 721 1723; x_wconf 70' lang='lat' dir='ltr'>aere</span> <span class='ocrx_word' id='word_1_222' title='bbox 740 1683 828 1735; x_wconf 92' lang='lat' dir='ltr'>ipso</span> <span class='ocrx_word' id='word_1_223' title='bbox 848 1684 971 1732; x_wconf 83' lang='lat' dir='ltr'>lVeon,</span> <span class='ocrx_word' id='word_1_224' title='bbox 994 1685 1104 1735; x_wconf 89' lang='lat' dir='ltr'>quod</span> <span class='ocrx_word' id='word_1_225' title='bbox 1126 1686 1319 1736; x_wconf 62' lang='lat' dir='ltr'>Krypton,</span> <span class='ocrx_word' id='word_1_226' title='bbox 1342 1688 1452 1738; x_wconf 93' lang='lat' dir='ltr'>quod</span> <span class='ocrx_word' id='word_1_227' title='bbox 1475 1689 1622 1736; x_wconf 86' lang='lat' dir='ltr'>Xenon,</span> <span class='ocrx_word' id='word_1_228' title='bbox 1644 1694 1703 1727; x_wconf 89' lang='lat' dir='ltr'>tot</span> <span class='ocrx_word' id='word_1_229' title='bbox 1729 1689 1928 1728; x_wconf 90' lang='lat' dir='ltr'>elementa</span> <span class='ocrx_word' id='word_1_230' title='bbox 1953 1702 2002 1729; x_wconf 86' lang='lat' dir='ltr'>ex</span> <span class='ocrx_word' id='word_1_231' title='bbox 2027 1689 2113 1741; x_wconf 91' lang='lat' dir='ltr'>ipsa</span> <span class='ocrx_word' id='word_1_232' title='bbox 2138 1703 2268 1729; x_wconf 88' lang='lat' dir='ltr'>rerum</span> <span class='ocrx_word' id='word_1_233' title='bbox 2291 1696 2455 1731; x_wconf 85' lang='lat' dir='ltr'>naturae</span> 
     </span>
     <span class='ocr_line' id='line_1_22' title="bbox 438 1746 2455 1801; baseline 0.003 -16"><span class='ocrx_word' id='word_1_234' title='bbox 438 1746 589 1797; x_wconf 87' lang='lat' dir='ltr'>origine</span> <span class='ocrx_word' id='word_1_235' title='bbox 615 1746 777 1786; x_wconf 86' lang='lat' dir='ltr'>latentia</span> <span class='ocrx_word' id='word_1_236' title='bbox 805 1746 965 1795; x_wconf 87' lang='lat' dir='ltr'>detexit,</span> <span class='ocrx_word' id='word_1_237' title='bbox 996 1747 1154 1787; x_wconf 87' lang='lat' dir='ltr'>detecta</span> <span class='ocrx_word' id='word_1_238' title='bbox 1180 1748 1410 1789; x_wconf 91' lang='lat' dir='ltr'>nominibus</span> <span class='ocrx_word' id='word_1_239' title='bbox 1439 1750 1625 1801; x_wconf 90' lang='lat' dir='ltr'>pulchris,</span> <span class='ocrx_word' id='word_1_240' title='bbox 1657 1749 1888 1790; x_wconf 90' lang='lat' dir='ltr'>nominibus</span> <span class='ocrx_word' id='word_1_241' title='bbox 1918 1751 2091 1799; x_wconf 90' lang='lat' dir='ltr'>Graecis,</span> <span class='ocrx_word' id='word_1_242' title='bbox 2123 1751 2286 1791; x_wconf 91' lang='lat' dir='ltr'>ornavit.</span> <span class='ocrx_word' id='word_1_243' title='bbox 2344 1753 2455 1792; x_wconf 92' lang='lat' dir='ltr'>Non-</span> 
     </span>
     <span class='ocr_line' id='line_1_23' title="bbox 438 1810 2453 1866; baseline 0.003 -17"><span class='ocrx_word' id='word_1_244' title='bbox 438 1810 556 1850; x_wconf 89' lang='lat' dir='ltr'>nullis</span> <span class='ocrx_word' id='word_1_245' title='bbox 583 1818 689 1850; x_wconf 90' lang='lat' dir='ltr'>certe</span> <span class='ocrx_word' id='word_1_246' title='bbox 715 1825 738 1850; x_wconf 93' lang='lat' dir='ltr'>e</span> <span class='ocrx_word' id='word_1_247' title='bbox 764 1811 881 1850; x_wconf 89' lang='lat' dir='ltr'>nobis</span> <span class='ocrx_word' id='word_1_248' title='bbox 907 1824 989 1850; x_wconf 93' lang='lat' dir='ltr'>non</span> <span class='ocrx_word' id='word_1_249' title='bbox 1016 1810 1228 1862; x_wconf 86' lang='lat' dir='ltr'>ingratum,</span> <span class='ocrx_word' id='word_1_250' title='bbox 1248 1811 1367 1852; x_wconf 91' lang='lat' dir='ltr'>etiam</span> <span class='ocrx_word' id='word_1_251' title='bbox 1391 1812 1432 1852; x_wconf 93' lang='lat' dir='ltr'>in</span> <span class='ocrx_word' id='word_1_252' title='bbox 1459 1813 1665 1853; x_wconf 88' lang='lat' dir='ltr'>elementis</span> <span class='ocrx_word' id='word_1_253' title='bbox 1689 1813 1803 1853; x_wconf 90' lang='lat' dir='ltr'>novis</span> <span class='ocrx_word' id='word_1_254' title='bbox 1823 1813 2079 1854; x_wconf 90' lang='lat' dir='ltr'>nominandis</span> <span class='ocrx_word' id='word_1_255' title='bbox 2098 1814 2257 1866; x_wconf 87' lang='lat' dir='ltr'>linguae</span> <span class='ocrx_word' id='word_1_256' title='bbox 2277 1815 2453 1855; x_wconf 83' lang='lat' dir='ltr'>Graecae</span> 
     </span>
     <span class='ocr_line' id='line_1_24' title="bbox 438 1872 2452 1927; baseline 0.002 -16"><span class='ocrx_word' id='word_1_257' title='bbox 438 1873 625 1923; x_wconf 87' lang='lat' dir='ltr'>antiquae</span> <span class='ocrx_word' id='word_1_258' title='bbox 645 1872 855 1912; x_wconf 90' lang='lat' dir='ltr'>utilitatem</span> <span class='ocrx_word' id='word_1_259' title='bbox 875 1873 1178 1924; x_wconf 91' lang='lat' dir='ltr'>comprobatam</span> <span class='ocrx_word' id='word_1_260' title='bbox 1194 1874 1455 1925; x_wconf 89' lang='lat' dir='ltr'>contemplari</span> <span class='ocrx_word' id='word_1_261' title='bbox 1468 1890 1479 1924; x_wconf 80' lang='lat'>3</span> <span class='ocrx_word' id='word_1_262' title='bbox 1507 1874 1615 1914; x_wconf 92' lang='lat' dir='ltr'>iuvat</span> <span class='ocrx_word' id='word_1_263' title='bbox 1634 1875 1753 1915; x_wconf 89' lang='lat' dir='ltr'>etiam</span> <span class='ocrx_word' id='word_1_264' title='bbox 1773 1874 1898 1926; x_wconf 90' lang='lat' dir='ltr'>ipsius</span> <span class='ocrx_word' id='word_1_265' title='bbox 1918 1888 2067 1915; x_wconf 91' lang='lat' dir='ltr'>nomen</span> <span class='ocrx_word' id='word_1_266' title='bbox 2082 1876 2228 1927; x_wconf 89' lang='lat' dir='ltr'>gentile</span> <span class='ocrx_word' id='word_1_267' title='bbox 2247 1883 2287 1916; x_wconf 91' lang='lat' dir='ltr'>et</span> <span class='ocrx_word' id='word_1_268' title='bbox 2302 1876 2396 1917; x_wconf 91' lang='lat' dir='ltr'>olim</span> <span class='ocrx_word' id='word_1_269' title='bbox 2412 1883 2452 1916; x_wconf 91' lang='lat' dir='ltr'>et</span> 
     </span>
     <span class='ocr_line' id='line_1_25' title="bbox 438 1935 2451 1987; baseline 0.002 -13"><span class='ocrx_word' id='word_1_270' title='bbox 438 1949 564 1987; x_wconf 90' lang='lat' dir='ltr'>nuper</span> <span class='ocrx_word' id='word_1_271' title='bbox 597 1943 758 1987; x_wconf 83' lang='lat' dir='ltr'>propter</span> <span class='ocrx_word' id='word_1_272' title='bbox 787 1936 1010 1987; x_wconf 90' lang='lat' dir='ltr'>linguarum</span> <span class='ocrx_word' id='word_1_273' title='bbox 1041 1935 1221 1987; x_wconf 89' lang='lat' dir='ltr'>peritiam</span> <span class='ocrx_word' id='word_1_274' title='bbox 1255 1936 1356 1976; x_wconf 90' lang='lat' dir='ltr'>inter</span> <span class='ocrx_word' id='word_1_275' title='bbox 1390 1938 1615 1978; x_wconf 89' lang='lat' dir='ltr'>Caledones</span> <span class='ocrx_word' id='word_1_276' title='bbox 1646 1938 1899 1985; x_wconf 90' lang='lat' dir='ltr'>celebratum,</span> <span class='ocrx_word' id='word_1_277' title='bbox 1931 1938 1973 1977; x_wconf 92' lang='lat' dir='ltr'>in</span> <span class='ocrx_word' id='word_1_278' title='bbox 2006 1952 2136 1978; x_wconf 91' lang='lat' dir='ltr'>rerum</span> <span class='ocrx_word' id='word_1_279' title='bbox 2169 1946 2209 1979; x_wconf 92' lang='lat' dir='ltr'>et</span> <span class='ocrx_word' id='word_1_280' title='bbox 2241 1938 2451 1979; x_wconf 89' lang='lat' dir='ltr'>nominum</span> 
     </span>
     <span class='ocr_line' id='line_1_26' title="bbox 437 1997 1984 2047; baseline 0.003 -11"><span class='ocrx_word' id='word_1_281' title='bbox 437 1997 643 2038; x_wconf 87' lang='lat' dir='ltr'>inventore</span> <span class='ocrx_word' id='word_1_282' title='bbox 672 2006 795 2047; x_wconf 85' lang='lat' dir='ltr'>tanto,</span> <span class='ocrx_word' id='word_1_283' title='bbox 827 1998 948 2038; x_wconf 89' lang='lat' dir='ltr'>etiam</span> <span class='ocrx_word' id='word_1_284' title='bbox 976 2012 1106 2038; x_wconf 88' lang='lat' dir='ltr'>rerum</span> <span class='ocrx_word' id='word_1_285' title='bbox 1137 2005 1300 2038; x_wconf 88' lang='lat' dir='ltr'>naturae</span> <span class='ocrx_word' id='word_1_286' title='bbox 1329 1999 1496 2039; x_wconf 89' lang='lat' dir='ltr'>scientia</span> <span class='ocrx_word' id='word_1_287' title='bbox 1523 2000 1760 2039; x_wconf 89' lang='lat' dir='ltr'>illustratum</span> <span class='ocrx_word' id='word_1_288' title='bbox 1789 2000 1984 2040; x_wconf 89' lang='lat' dir='ltr'>admirari.</span> 
     </span>
    </p>

    <p class='ocr_par' dir='ltr' id='par_1_5' title="bbox 440 2060 2447 2162">
     <span class='ocr_line' id='line_1_27' title="bbox 548 2060 2447 2114; baseline 0.001 -13"><span class='ocrx_word' id='word_1_289' title='bbox 548 2063 666 2101; x_wconf 91' lang='lat' dir='ltr'>Duco</span> <span class='ocrx_word' id='word_1_290' title='bbox 702 2063 754 2101; x_wconf 93' lang='lat' dir='ltr'>ad</span> <span class='ocrx_word' id='word_1_291' title='bbox 792 2075 861 2101; x_wconf 94' lang='lat' dir='ltr'>vos</span> <span class='ocrx_word' id='word_1_292' title='bbox 899 2061 1075 2112; x_wconf 88' lang='lat' dir='ltr'>equitem</span> <span class='ocrx_word' id='word_1_293' title='bbox 1113 2060 1320 2112; x_wconf 89' lang='lat' dir='ltr'>insignem,</span> <span class='ocrx_word' id='word_1_294' title='bbox 1357 2062 1545 2102; x_wconf 88' lang='lat' dir='ltr'>scientiae</span> <span class='ocrx_word' id='word_1_295' title='bbox 1583 2062 1788 2102; x_wconf 89' lang='lat' dir='ltr'>chemicae</span> <span class='ocrx_word' id='word_1_296' title='bbox 1820 2065 2084 2114; x_wconf 90' lang='lat' dir='ltr'>professorem</span> <span class='ocrx_word' id='word_1_297' title='bbox 2118 2063 2447 2112; x_wconf 89' lang='lat' dir='ltr'>Londiniensem,</span> 
     </span>
     <span class='ocr_line' id='line_1_28' title="bbox 440 2124 951 2162; baseline 0 0"><span class='ocrx_word' id='word_1_298' title='bbox 440 2125 713 2162; x_wconf 85' lang='lat' dir='ltr'><strong>WILLELMUM</strong></span> <span class='ocrx_word' id='word_1_299' title='bbox 744 2124 951 2162; x_wconf 75' lang='lat' dir='ltr'>RAMsAv3.</span> 
     </span>
    </p>
   </div>
   <div class='ocr_carea' id='block_1_4' title="bbox 436 2195 2450 2624">
    <p class='ocr_par' dir='ltr' id='par_1_6' title="bbox 436 2195 2450 2624">
     <span class='ocr_line' id='line_1_29' title="bbox 545 2195 2450 2252; baseline 0.004 -18"><span class='ocrx_word' id='word_1_300' title='bbox 545 2195 660 2249; x_wconf 88' lang='lat'>(408)</span> <span class='ocrx_word' id='word_1_301' title='bbox 680 2196 821 2235; x_wconf 89' lang='lat' dir='ltr'>Virum</span> <span class='ocrx_word' id='word_1_302' title='bbox 840 2196 1009 2236; x_wconf 90' lang='lat' dir='ltr'>libenter</span> <span class='ocrx_word' id='word_1_303' title='bbox 1028 2210 1160 2237; x_wconf 91' lang='lat' dir='ltr'>rursus</span> <span class='ocrx_word' id='word_1_304' title='bbox 1179 2197 1443 2249; x_wconf 89' lang='lat' dir='ltr'>agnoscimus,</span> <span class='ocrx_word' id='word_1_305' title='bbox 1466 2198 1545 2250; x_wconf 90' lang='lat' dir='ltr'>qui,</span> <span class='ocrx_word' id='word_1_306' title='bbox 1567 2199 1738 2250; x_wconf 89' lang='lat' dir='ltr'>primum</span> <span class='ocrx_word' id='word_1_307' title='bbox 1761 2198 1901 2238; x_wconf 93' lang='lat' dir='ltr'>Moeni</span> <span class='ocrx_word' id='word_1_308' title='bbox 1924 2200 1984 2238; x_wconf 92' lang='lat' dir='ltr'>sui</span> <span class='ocrx_word' id='word_1_309' title='bbox 2004 2198 2045 2239; x_wconf 90' lang='lat' dir='ltr'>in</span> <span class='ocrx_word' id='word_1_310' title='bbox 2065 2199 2160 2252; x_wconf 88' lang='lat' dir='ltr'>ripa,</span> <span class='ocrx_word' id='word_1_311' title='bbox 2182 2200 2329 2240; x_wconf 91' lang='lat' dir='ltr'>deinde</span> <span class='ocrx_word' id='word_1_312' title='bbox 2348 2199 2450 2241; x_wconf 89' lang='lat' dir='ltr'>inter</span> 
     </span>
     <span class='ocr_line' id='line_1_30' title="bbox 440 2259 2449 2313; baseline 0.002 -15"><span class='ocrx_word' id='word_1_313' title='bbox 440 2259 762 2308; x_wconf 84' lang='lat' dir='ltr'>Mancunienses‚</span> <span class='ocrx_word' id='word_1_314' title='bbox 794 2259 968 2311; x_wconf 91' lang='lat' dir='ltr'>denique</span> <span class='ocrx_word' id='word_1_315' title='bbox 1000 2259 1042 2299; x_wconf 94' lang='lat' dir='ltr'>in</span> <span class='ocrx_word' id='word_1_316' title='bbox 1073 2260 1171 2300; x_wconf 92' lang='lat' dir='ltr'>urbe</span> <span class='ocrx_word' id='word_1_317' title='bbox 1202 2261 1382 2301; x_wconf 86' lang='lat' dir='ltr'>Palatina</span> <span class='ocrx_word' id='word_1_318' title='bbox 1410 2262 1632 2310; x_wconf 79' lang='lat' dir='ltr'>educatus⁴,</span> <span class='ocrx_word' id='word_1_319' title='bbox 1663 2262 1764 2302; x_wconf 91' lang='lat' dir='ltr'>inter</span> <span class='ocrx_word' id='word_1_320' title='bbox 1789 2268 1947 2301; x_wconf 90' lang='lat' dir='ltr'>nosmet</span> <span class='ocrx_word' id='word_1_321' title='bbox 1970 2261 2079 2313; x_wconf 91' lang='lat' dir='ltr'>ipsos</span> <span class='ocrx_word' id='word_1_322' title='bbox 2105 2269 2145 2302; x_wconf 93' lang='lat' dir='ltr'>et</span> <span class='ocrx_word' id='word_1_323' title='bbox 2174 2262 2384 2303; x_wconf 85' lang='lat' dir='ltr'>Maxwellii</span> <span class='ocrx_word' id='word_1_324' title='bbox 2409 2269 2449 2303; x_wconf 91' lang='lat' dir='ltr'>et</span> 
     </span>
     <span class='ocr_line' id='line_1_31' title="bbox 439 2321 2450 2375; baseline 0.003 -15"><span class='ocrx_word' id='word_1_325' title='bbox 439 2321 595 2372; x_wconf 85' lang='lat' dir='ltr'>Rayleii</span> <span class='ocrx_word' id='word_1_326' title='bbox 623 2323 746 2362; x_wconf 90' lang='lat' dir='ltr'>nostri</span> <span class='ocrx_word' id='word_1_327' title='bbox 775 2322 877 2363; x_wconf 91' lang='lat' dir='ltr'>inter</span> <span class='ocrx_word' id='word_1_328' title='bbox 904 2322 1105 2363; x_wconf 91' lang='lat' dir='ltr'>adiutores</span> <span class='ocrx_word' id='word_1_329' title='bbox 1133 2324 1369 2375; x_wconf 87' lang='lat' dir='ltr'>praecipuos</span> <span class='ocrx_word' id='word_1_330' title='bbox 1398 2324 1494 2364; x_wconf 89' lang='lat' dir='ltr'>olim</span> <span class='ocrx_word' id='word_1_331' title='bbox 1523 2326 1815 2365; x_wconf 88' lang='lat' dir='ltr'>numerabatur.</span> <span class='ocrx_word' id='word_1_332' title='bbox 1875 2326 2019 2365; x_wconf 90' lang='lat' dir='ltr'>Postea</span> <span class='ocrx_word' id='word_1_333' title='bbox 2044 2326 2138 2365; x_wconf 89' lang='lat' dir='ltr'>solis</span> <span class='ocrx_word' id='word_1_334' title='bbox 2166 2325 2381 2366; x_wconf 90' lang='lat' dir='ltr'>defectioni</span> <span class='ocrx_word' id='word_1_335' title='bbox 2407 2325 2450 2365; x_wconf 91' lang='lat' dir='ltr'>in</span> 
     </span>
     <span class='ocr_line' id='line_1_32' title="bbox 438 2383 2450 2438; baseline 0.003 -16"><span class='ocrx_word' id='word_1_336' title='bbox 438 2383 556 2423; x_wconf 87' lang='lat' dir='ltr'>India</span> <span class='ocrx_word' id='word_1_337' title='bbox 576 2391 682 2423; x_wconf 90' lang='lat' dir='ltr'>trans</span> <span class='ocrx_word' id='word_1_338' title='bbox 703 2385 870 2435; x_wconf 88' lang='lat' dir='ltr'>Gangen</span> <span class='ocrx_word' id='word_1_339' title='bbox 891 2384 1164 2424; x_wconf 91' lang='lat' dir='ltr'>observandae</span> <span class='ocrx_word' id='word_1_340' title='bbox 1185 2387 1389 2436; x_wconf 89' lang='lat' dir='ltr'>quondam</span> <span class='ocrx_word' id='word_1_341' title='bbox 1409 2386 1687 2438; x_wconf 82' lang='lat' dir='ltr'>praepositus⁶,</span> <span class='ocrx_word' id='word_1_342' title='bbox 1709 2400 1733 2425; x_wconf 92' lang='lat' dir='ltr'>a</span> <span class='ocrx_word' id='word_1_343' title='bbox 1752 2385 1950 2426; x_wconf 87' lang='lat' dir='ltr'>Societate</span> <span class='ocrx_word' id='word_1_344' title='bbox 1972 2386 2097 2438; x_wconf 89' lang='lat' dir='ltr'>Regia</span> <span class='ocrx_word' id='word_1_345' title='bbox 2115 2387 2169 2427; x_wconf 95' lang='lat' dir='ltr'>ob</span> <span class='ocrx_word' id='word_1_346' title='bbox 2189 2388 2288 2428; x_wconf 90' lang='lat' dir='ltr'>lucis</span> <span class='ocrx_word' id='word_1_347' title='bbox 2306 2400 2450 2428; x_wconf 88' lang='lat' dir='ltr'>arcana</span> 
     </span>
     <span class='ocr_line' id='line_1_33' title="bbox 436 2444 2450 2501; baseline 0.003 -18"><span class='ocrx_word' id='word_1_348' title='bbox 436 2444 601 2484; x_wconf 89' lang='lat' dir='ltr'>feliciter</span> <span class='ocrx_word' id='word_1_349' title='bbox 626 2446 828 2496; x_wconf 86' lang='lat' dir='ltr'>explorata</span> <span class='ocrx_word' id='word_1_350' title='bbox 849 2445 1091 2485; x_wconf 86' lang='lat' dir='ltr'>numismate</span> <span class='ocrx_word' id='word_1_351' title='bbox 1117 2459 1237 2486; x_wconf 90' lang='lat' dir='ltr'>aureo</span> <span class='ocrx_word' id='word_1_352' title='bbox 1261 2454 1320 2487; x_wconf 92' lang='lat' dir='ltr'>est</span> <span class='ocrx_word' id='word_1_353' title='bbox 1344 2447 1544 2488; x_wconf 76' lang='lat' dir='ltr'>donatus⁶.</span> <span class='ocrx_word' id='word_1_354' title='bbox 1605 2450 1818 2488; x_wconf 87' lang='lat' dir='ltr'>Laetamur</span> <span class='ocrx_word' id='word_1_355' title='bbox 1843 2447 1982 2496; x_wconf 90' lang='lat' dir='ltr'>virum,</span> <span class='ocrx_word' id='word_1_356' title='bbox 2004 2449 2073 2499; x_wconf 92' lang='lat' dir='ltr'>qui</span> <span class='ocrx_word' id='word_1_357' title='bbox 2099 2448 2272 2488; x_wconf 88' lang='lat' dir='ltr'>fluminis</span> <span class='ocrx_word' id='word_1_358' title='bbox 2295 2449 2450 2501; x_wconf 88' lang='lat' dir='ltr'>paterni</span> 
     </span>
     <span class='ocr_line' id='line_1_34' title="bbox 436 2506 2447 2563; baseline 0.003 -18"><span class='ocrx_word' id='word_1_359' title='bbox 436 2506 477 2546; x_wconf 90' lang='lat' dir='ltr'>in</span> <span class='ocrx_word' id='word_1_360' title='bbox 506 2507 590 2559; x_wconf 87' lang='lat' dir='ltr'>ripa</span> <span class='ocrx_word' id='word_1_361' title='bbox 615 2509 667 2548; x_wconf 90' lang='lat' dir='ltr'>ad</span> <span class='ocrx_word' id='word_1_362' title='bbox 691 2521 774 2547; x_wconf 92' lang='lat' dir='ltr'>rem</span> <span class='ocrx_word' id='word_1_363' title='bbox 800 2508 1062 2559; x_wconf 88' lang='lat' dir='ltr'>argentariam</span> <span class='ocrx_word' id='word_1_364' title='bbox 1088 2521 1171 2548; x_wconf 91' lang='lat' dir='ltr'>non</span> <span class='ocrx_word' id='word_1_365' title='bbox 1194 2508 1279 2548; x_wconf 90' lang='lat' dir='ltr'>sine</span> <span class='ocrx_word' id='word_1_366' title='bbox 1302 2511 1412 2550; x_wconf 92' lang='lat' dir='ltr'>lucro</span> <span class='ocrx_word' id='word_1_367' title='bbox 1436 2523 1581 2563; x_wconf 89' lang='lat' dir='ltr'>magno</span> <span class='ocrx_word' id='word_1_368' title='bbox 1604 2523 1691 2550; x_wconf 89' lang='lat' dir='ltr'>sese</span> <span class='ocrx_word' id='word_1_369' title='bbox 1711 2511 1858 2550; x_wconf 87' lang='lat' dir='ltr'>dedere</span> <span class='ocrx_word' id='word_1_370' title='bbox 1878 2509 2082 2561; x_wconf 91' lang='lat' dir='ltr'>potuisset,</span> <span class='ocrx_word' id='word_1_371' title='bbox 2105 2510 2292 2551; x_wconf 91' lang='lat' dir='ltr'>scientiae</span> <span class='ocrx_word' id='word_1_372' title='bbox 2317 2512 2447 2551; x_wconf 91' lang='lat' dir='ltr'>lucem</span> 
     </span>
     <span class='ocr_line' id='line_1_35' title="bbox 437 2569 2445 2624; baseline 0.002 -16"><span class='ocrx_word' id='word_1_373' title='bbox 437 2570 546 2609; x_wconf 87' lang='lat' dir='ltr'>lucro</span> <span class='ocrx_word' id='word_1_374' title='bbox 579 2569 812 2621; x_wconf 89' lang='lat' dir='ltr'>praetulisse</span> <span class='ocrx_word' id='word_1_375' title='bbox 844 2577 884 2610; x_wconf 90' lang='lat' dir='ltr'>et</span> <span class='ocrx_word' id='word_1_376' title='bbox 917 2572 1047 2610; x_wconf 92' lang='lat' dir='ltr'>lucem</span> <span class='ocrx_word' id='word_1_377' title='bbox 1081 2571 1209 2622; x_wconf 88' lang='lat' dir='ltr'>ipsam</span> <span class='ocrx_word' id='word_1_378' title='bbox 1242 2574 1525 2623; x_wconf 88' lang='lat' dir='ltr'>explorandam</span> <span class='ocrx_word' id='word_1_379' title='bbox 1564 2573 1739 2624; x_wconf 88' lang='lat' dir='ltr'>elegisse.</span> <span class='ocrx_word' id='word_1_380' title='bbox 1797 2573 1937 2613; x_wconf 91' lang='lat' dir='ltr'>Virum</span> <span class='ocrx_word' id='word_1_381' title='bbox 1976 2575 2095 2613; x_wconf 89' lang='lat' dir='ltr'>talem</span> <span class='ocrx_word' id='word_1_382' title='bbox 2134 2575 2231 2613; x_wconf 91' lang='lat' dir='ltr'>dum</span> <span class='ocrx_word' id='word_1_383' title='bbox 2268 2580 2445 2623; x_wconf 89' lang='lat' dir='ltr'>coronat,</span> 
     </span>
    </p>
   </div>
   <div class='ocr_carea' id='block_1_5' title="bbox 436 2632 1827 2903">
    <p class='ocr_par' dir='ltr' id='par_1_7' title="bbox 436 2632 1300 2685">
     <span class='ocr_line' id='line_1_36' title="bbox 436 2632 1300 2685; baseline 0.002 -14"><span class='ocrx_word' id='word_1_384' title='bbox 436 2632 656 2672; x_wconf 90' lang='lat' dir='ltr'>Academia</span> <span class='ocrx_word' id='word_1_385' title='bbox 683 2632 882 2674; x_wconf 90' lang='lat' dir='ltr'>Virtutem</span> <span class='ocrx_word' id='word_1_386' title='bbox 911 2633 1040 2684; x_wconf 86' lang='lat' dir='ltr'>ipsam</span> <span class='ocrx_word' id='word_1_387' title='bbox 1068 2636 1300 2685; x_wconf 86' lang='lat' dir='ltr'>aemulatur,</span> 
     </span>
    </p>

    <p class='ocr_par' dir='ltr' id='par_1_8' title="bbox 1058 2689 1827 2849">
     <span class='ocr_line' id='line_1_37' title="bbox 1383 2689 1750 2730; baseline -0.003 -1"><span class='ocrx_word' id='word_1_388' title='bbox 1383 2689 1592 2730; x_wconf 89' lang='lat' dir='ltr'>‘diadema</span> <span class='ocrx_word' id='word_1_389' title='bbox 1620 2697 1750 2729; x_wconf 91' lang='lat' dir='ltr'>tutum</span> 
     </span>
     <span class='ocr_line' id='line_1_38' title="bbox 1058 2742 1827 2795; baseline 0.003 -14"><span class='ocrx_word' id='word_1_390' title='bbox 1058 2742 1239 2782; x_wconf 90' lang='lat' dir='ltr'>deferens</span> <span class='ocrx_word' id='word_1_391' title='bbox 1268 2742 1337 2782; x_wconf 93' lang='lat' dir='ltr'>uni</span> <span class='ocrx_word' id='word_1_392' title='bbox 1365 2743 1645 2795; x_wconf 89' lang='lat' dir='ltr'>propriamque</span> <span class='ocrx_word' id='word_1_393' title='bbox 1673 2745 1827 2783; x_wconf 91' lang='lat' dir='ltr'>laurum</span> 
     </span>
     <span class='ocr_line' id='line_1_39' title="bbox 1058 2796 1798 2849; baseline 0.004 -15"><span class='ocrx_word' id='word_1_394' title='bbox 1058 2796 1236 2847; x_wconf 87' lang='lat' dir='ltr'>quisquis</span> <span class='ocrx_word' id='word_1_395' title='bbox 1264 2796 1443 2849; x_wconf 90' lang='lat' dir='ltr'>ingentes</span> <span class='ocrx_word' id='word_1_396' title='bbox 1472 2799 1590 2837; x_wconf 92' lang='lat' dir='ltr'>oculo</span> <span class='ocrx_word' id='word_1_397' title='bbox 1619 2799 1798 2838; x_wconf 90' lang='lat' dir='ltr'>irretorto</span> 
     </span>
    </p>

    <p class='ocr_par' dir='ltr' id='par_1_9' title="bbox 1378 2851 1771 2903">
     <span class='ocr_line' id='line_1_40' title="bbox 1378 2851 1771 2903; baseline 0 -12"><span class='ocrx_word' id='word_1_398' title='bbox 1378 2859 1531 2903; x_wconf 87' lang='lat' dir='ltr'>spectat</span> <span class='ocrx_word' id='word_1_399' title='bbox 1558 2851 1771 2891; x_wconf 90' lang='lat' dir='ltr'>acervos&#39;⁷.</span> 
     </span>
    </p>
   </div>
   <div class='ocr_carea' id='block_1_6' title="bbox 545 2911 2444 2963">
    <p class='ocr_par' dir='ltr' id='par_1_10' title="bbox 545 2911 2444 2963">
     <span class='ocr_line' id='line_1_41' title="bbox 545 2911 2444 2963; baseline 0.001 -13"><span class='ocrx_word' id='word_1_400' title='bbox 545 2912 663 2950; x_wconf 91' lang='lat' dir='ltr'>Duco</span> <span class='ocrx_word' id='word_1_401' title='bbox 681 2912 733 2950; x_wconf 87' lang='lat' dir='ltr'>ad</span> <span class='ocrx_word' id='word_1_402' title='bbox 753 2924 823 2950; x_wconf 90' lang='lat' dir='ltr'>vos</span> <span class='ocrx_word' id='word_1_403' title='bbox 843 2911 1032 2951; x_wconf 88' lang='lat' dir='ltr'>scientiae</span> <span class='ocrx_word' id='word_1_404' title='bbox 1051 2911 1239 2963; x_wconf 88' lang='lat' dir='ltr'>physicae</span> <span class='ocrx_word' id='word_1_405' title='bbox 1259 2914 1523 2963; x_wconf 90' lang='lat' dir='ltr'>professorem</span> <span class='ocrx_word' id='word_1_406' title='bbox 1546 2913 1892 2961; x_wconf 90' lang='lat' dir='ltr'>Mancuniensem,</span> <span class='ocrx_word' id='word_1_407' title='bbox 1914 2913 2168 2960; x_wconf 82' lang='lat' dir='ltr'>ARTHURUM</span> <span class='ocrx_word' id='word_1_408' title='bbox 2189 2913 2444 2953; x_wconf 79' lang='lat' dir='ltr'>SCHUSTER⁸.</span> 
     </span>
    </p>
   </div>
   <div class='ocr_carea' id='block_1_7' title="bbox 433 2986 2446 3206">
    <p class='ocr_par' dir='ltr' id='par_1_11' title="bbox 433 2986 2446 3206">
     <span class='ocr_line' id='line_1_42' title="bbox 521 2986 2444 3033; baseline 0.002 -14"><span class='ocrx_word' id='word_1_409' title='bbox 521 2986 533 3007; x_wconf 85' lang='lat'>¹</span> <span class='ocrx_word' id='word_1_410' title='bbox 558 2989 718 3020; x_wconf 84' lang='lat' dir='ltr'>Memoirs</span> <span class='ocrx_word' id='word_1_411' title='bbox 749 2999 792 3020; x_wconf 93' lang='lat' dir='ltr'>on</span> <span class='ocrx_word' id='word_1_412' title='bbox 830 2989 863 3020; x_wconf 87' lang='lat' dir='ltr'><em>T</em></span> <span class='ocrx_word' id='word_1_413' title='bbox 857 2989 954 3030; x_wconf 77' lang='lat' dir='ltr'>heory</span> <span class='ocrx_word' id='word_1_414' title='bbox 988 2989 1028 3030; x_wconf 90' lang='lat' dir='ltr'>of</span> <span class='ocrx_word' id='word_1_415' title='bbox 1055 2989 1232 3029; x_wconf 73' lang='lat' dir='ltr'>Numbers‚</span> <span class='ocrx_word' id='word_1_416' title='bbox 1264 2991 1462 3031; x_wconf 84' lang='lat' dir='ltr'>Partitions,</span> <span class='ocrx_word' id='word_1_417' title='bbox 1492 2996 1570 3030; x_wconf 64' lang='lat' dir='ltr'>etc„</span> <span class='ocrx_word' id='word_1_418' title='bbox 1602 2990 1723 3032; x_wconf 89' lang='lat' dir='ltr'>chiefly</span> <span class='ocrx_word' id='word_1_419' title='bbox 1756 2992 1791 3022; x_wconf 91' lang='lat' dir='ltr'>in</span> <span class='ocrx_word' id='word_1_420' title='bbox 1821 2990 1879 3022; x_wconf 88' lang='lat' dir='ltr'>the</span> <span class='ocrx_word' id='word_1_421' title='bbox 1916 2990 2162 3033; x_wconf 80' lang='lat' dir='ltr'>Philosophical</span> <span class='ocrx_word' id='word_1_422' title='bbox 2201 2990 2235 3022; x_wconf 86' lang='lat' dir='ltr'><em>T</em></span> <span class='ocrx_word' id='word_1_423' title='bbox 2228 2991 2444 3023; x_wconf 84' lang='lat' dir='ltr'>ransactions.</span> 
     </span>
     <span class='ocr_line' id='line_1_43' title="bbox 434 3030 2445 3076; baseline 0.001 -14"><span class='ocrx_word' id='word_1_424' title='bbox 434 3030 447 3050; x_wconf 78' lang='lat'><strong>2</strong></span> <span class='ocrx_word' id='word_1_425' title='bbox 472 3031 566 3072; x_wconf 91' lang='lat' dir='ltr'>Livy,</span> <span class='ocrx_word' id='word_1_426' title='bbox 586 3032 662 3062; x_wconf 91' lang='lat' dir='ltr'>xxiv</span> <span class='ocrx_word' id='word_1_427' title='bbox 680 3043 730 3073; x_wconf 83' lang='lat'>34,</span> <span class='ocrx_word' id='word_1_428' title='bbox 750 3043 815 3063; x_wconf 90' lang='lat' dir='ltr'>xxv</span> <span class='ocrx_word' id='word_1_429' title='bbox 832 3042 883 3072; x_wconf 84' lang='lat'>31.</span> <span class='ocrx_word' id='word_1_430' title='bbox 1215 3032 1229 3053; x_wconf 78' lang='lat'>³</span> <span class='ocrx_word' id='word_1_431' title='bbox 1251 3034 1384 3066; x_wconf 90' lang='lat' dir='ltr'>Author</span> <span class='ocrx_word' id='word_1_432' title='bbox 1399 3034 1438 3067; x_wconf 91' lang='lat' dir='ltr'>of</span> <span class='ocrx_word' id='word_1_433' title='bbox 1455 3035 1522 3067; x_wconf 77' lang='lat' dir='ltr'>The</span> <span class='ocrx_word' id='word_1_434' title='bbox 1536 3035 1716 3076; x_wconf 78' lang='lat' dir='ltr'>Discovery</span> <span class='ocrx_word' id='word_1_435' title='bbox 1730 3034 1771 3075; x_wconf 74' lang='lat' dir='ltr'>qf</span> <span class='ocrx_word' id='word_1_436' title='bbox 1778 3035 1832 3066; x_wconf 78' lang='lat' dir='ltr'>the</span> <span class='ocrx_word' id='word_1_437' title='bbox 1851 3034 2072 3066; x_wconf 84' lang='lat' dir='ltr'>Constituents</span> <span class='ocrx_word' id='word_1_438' title='bbox 2085 3033 2127 3076; x_wconf 90' lang='lat' dir='ltr'>of</span> <span class='ocrx_word' id='word_1_439' title='bbox 2132 3034 2186 3066; x_wconf 82' lang='lat' dir='ltr'>the</span> <span class='ocrx_word' id='word_1_440' title='bbox 2203 3034 2281 3073; x_wconf 85' lang='lat' dir='ltr'>Air,</span> <span class='ocrx_word' id='word_1_441' title='bbox 2300 3039 2362 3067; x_wconf 88' lang='lat' dir='ltr'>etc.</span> <span class='ocrx_word' id='word_1_442' title='bbox 2382 3039 2445 3067; x_wconf 88' lang='lat' dir='ltr'>etc.</span> 
     </span>
     <span class='ocr_line' id='line_1_44' title="bbox 433 3073 2441 3120; baseline 0.002 -15"><span class='ocrx_word' id='word_1_443' title='bbox 433 3073 448 3093; x_wconf 80' lang='lat'><strong>⁴</strong></span> <span class='ocrx_word' id='word_1_444' title='bbox 471 3075 903 3115; x_wconf 85' lang='lat' dir='ltr'>Frankfurt-on-the-Main,</span> <span class='ocrx_word' id='word_1_445' title='bbox 925 3075 1147 3113; x_wconf 87' lang='lat' dir='ltr'>Manchester‚</span> <span class='ocrx_word' id='word_1_446' title='bbox 1165 3077 1231 3109; x_wconf 87' lang='lat' dir='ltr'>and</span> <span class='ocrx_word' id='word_1_447' title='bbox 1248 3077 1467 3120; x_wconf 89' lang='lat' dir='ltr'>Heidelberg.</span> <span class='ocrx_word' id='word_1_448' title='bbox 1757 3076 1771 3096; x_wconf 79' lang='lat'><strong>⁶</strong></span> <span class='ocrx_word' id='word_1_449' title='bbox 1795 3077 1931 3119; x_wconf 90' lang='lat' dir='ltr'>Eclipse</span> <span class='ocrx_word' id='word_1_450' title='bbox 1946 3077 2151 3119; x_wconf 88' lang='lat' dir='ltr'>Expedition</span> <span class='ocrx_word' id='word_1_451' title='bbox 2168 3081 2203 3109; x_wconf 92' lang='lat' dir='ltr'>to</span> <span class='ocrx_word' id='word_1_452' title='bbox 2220 3076 2324 3116; x_wconf 89' lang='lat' dir='ltr'>Siam,</span> <span class='ocrx_word' id='word_1_453' title='bbox 2346 3078 2441 3118; x_wconf 84' lang='lat'><strong>1875.</strong></span> 
     </span>
     <span class='ocr_line' id='line_1_45' title="bbox 433 3115 2446 3192; baseline 0.001 -43"><span class='ocrx_word' id='word_1_454' title='bbox 433 3115 447 3136; x_wconf 78' lang='lat'><strong><em>⁶</em></strong></span> <span class='ocrx_word' id='word_1_455' title='bbox 476 3118 568 3192; x_wconf 43' lang='lat'>2189?</span> <span class='ocrx_word' id='word_1_456' title='bbox 619 3160 626 3167; x_wconf 92' lang='lat'>.</span> <span class='ocrx_word' id='word_1_457' title='bbox 757 3118 770 3139; x_wconf 91' lang='lat'>⁷</span> <span class='ocrx_word' id='word_1_458' title='bbox 795 3119 940 3157; x_wconf 89' lang='lat' dir='ltr'>Horace,</span> <span class='ocrx_word' id='word_1_459' title='bbox 964 3119 1075 3152; x_wconf 87' lang='lat' dir='ltr'>Carm.</span> <span class='ocrx_word' id='word_1_460' title='bbox 1095 3119 1119 3151; x_wconf 91' lang='lat' dir='ltr'>ii</span> <span class='ocrx_word' id='word_1_461' title='bbox 1137 3130 1166 3160; x_wconf 80' lang='lat'>2,</span> <span class='ocrx_word' id='word_1_462' title='bbox 1187 3130 1239 3154; x_wconf 79' lang='lat'>21.</span> <span class='ocrx_word' id='word_1_463' title='bbox 1422 3119 1436 3141; x_wconf 84' lang='lat'>⁸</span> <span class='ocrx_word' id='word_1_464' title='bbox 1458 3121 1590 3154; x_wconf 87' lang='lat' dir='ltr'>Author</span> <span class='ocrx_word' id='word_1_465' title='bbox 1606 3120 1644 3153; x_wconf 88' lang='lat' dir='ltr'>os</span> <span class='ocrx_word' id='word_1_466' title='bbox 1661 3121 1695 3152; x_wconf 87' lang='grc' dir='ltr'><em>Τ</em></span> <span class='ocrx_word' id='word_1_467' title='bbox 1689 3121 1787 3162; x_wconf 70' lang='lat' dir='ltr'>heory</span> <span class='ocrx_word' id='word_1_468' title='bbox 1801 3120 1842 3164; x_wconf 69' lang='lat' dir='ltr'>‘ff</span> <span class='ocrx_word' id='word_1_469' title='bbox 1853 3121 1974 3163; x_wconf 84' lang='lat' dir='ltr'>Optics,</span> <span class='ocrx_word' id='word_1_470' title='bbox 1992 3120 2058 3152; x_wconf 85' lang='lat' dir='ltr'>and</span> <span class='ocrx_word' id='word_1_471' title='bbox 2075 3121 2113 3152; x_wconf 88' lang='lat' dir='ltr'>of</span> <span class='ocrx_word' id='word_1_472' title='bbox 2126 3120 2286 3152; x_wconf 88' lang='lat' dir='ltr'>Memoirs</span> <span class='ocrx_word' id='word_1_473' title='bbox 2301 3130 2345 3152; x_wconf 88' lang='lat' dir='ltr'>on</span> <span class='ocrx_word' id='word_1_474' title='bbox 2361 3120 2446 3162; x_wconf 86' lang='lat' dir='ltr'>light</span> 
     </span>
     <span class='ocr_line' id='line_1_46' title="bbox 433 3161 704 3206; baseline 0.004 -13"><span class='ocrx_word' id='word_1_475' title='bbox 433 3170 477 3193; x_wconf 91' lang='lat' dir='ltr'>an</span> <span class='ocrx_word' id='word_1_476' title='bbox 515 3171 534 3195; x_wconf 88' lang='lat' dir='ltr'>e</span> <span class='ocrx_word' id='word_1_477' title='bbox 549 3161 704 3206; x_wconf 82' lang='lat' dir='ltr'>ectricity.</span> 
     </span>
    </p>
   </div>
   <div class='ocr_carea' id='block_1_8' title="bbox 1406 3239 1482 3279">
    <p class='ocr_par' dir='ltr' id='par_1_12' title="bbox 1406 3239 1482 3279">
     <span class='ocr_line' id='line_1_47' title="bbox 1406 3239 1482 3279; baseline -0.026 0"><span class='ocrx_word' id='word_1_478' title='bbox 1406 3239 1482 3279; x_wconf 90' lang='lat'>186</span> 
     </span>
    </p>
   </div>
   <div class='ocr_carea' id='block_1_9' title="bbox 2638 0 2704 274">
    <p class='ocr_par' dir='ltr' id='par_1_13' title="bbox 2638 0 2704 274">
     <span class='ocr_line' id='line_1_48' title="bbox 2638 0 2704 274; baseline 0 3496"><span class='ocrx_word' id='word_1_479' title='bbox 2638 0 2704 274; x_wconf 95' lang='lat' dir='ltr'> </span> 
     </span>
    </p>
   </div>
  </div>
 </body>
</html>
