2704 3770
641 361 717 410 M.
746 361 804 427 J.
841 362 899 409 de
938 361 1096 424 Goeje.
1170 361 1328 410 Louz's
1362 360 1633 409 Buchesne.
1708 360 1918 409 Samuel
1946 360 2152 424 Berger.

401 505 565 546 nomine
595 505 763 546 libenter
795 513 970 546 exornat.
1027 505 1135 546 Olim
1170 505 1384 546 maioribus
1414 505 1557 546 nostris
1588 519 1655 545 rex
1686 505 1854 557 Angliae
1887 505 2088 545 Henricus
2119 503 2269 556 primus
2302 504 2409 554 leges

404 566 590 607 Edwardi
618 566 718 618 regis
747 579 833 607 sese
861 566 1108 607 redditurum
1138 580 1225 607 esse
1252 566 1456 619 promisit:
1489 580 1512 607 a
1540 568 1704 607 doctore
1732 573 1880 615 nostro,
1911 567 2017 618 leges
2043 572 2197 606 nostras
2225 564 2408 616 antiquas

402 629 519 669 nobis
547 629 780 681 propediem
809 628 1023 678 reddituro,
1054 628 1154 680 regis
1182 628 1305 669 nostri
1334 628 1527 680 promissa
1554 628 1771 680 aliquando
1799 627 1915 667 nobis
1944 629 2078 668 denuo
2105 626 2378 678 explebuntur.

512 693 604 731 Iure
648 690 765 742 igitur
803 690 957 742 optimo
1000 690 1102 730 Iuris
1146 692 1299 730 Doctor
1338 691 1566 730 nominatur
1602 690 1695 729 iuris
1733 690 1857 730 nostri
1893 690 2093 730 restitutor
2133 687 2235 736 felix,
2275 688 2409 726 Fme

406 754 724 794 LIEBERMANN1.

514 897 628 951 (251)
659 899 720 936 Ex
747 897 842 949 ipsis
872 897 1042 937 Bentleii
1066 896 1190 936 nostri
1216 896 1461 948 temporibus
1484 896 1586 935 inter
1610 895 1796 936 Bataviae
1819 902 1858 936 et
1887 895 2114 935 Britanniae
2140 894 2243 934 viros
2271 894 2414 934 doctos

407 969 520 1002 vetus
546 960 800 1000 necessitudo
826 960 1058 1000 intercessit.
1118 962 1178 999 Eo
1203 959 1391 999 libentius
1417 959 1538 999 hodie
1563 973 1585 998 e
1609 959 1771 999 Batavia
1796 960 1848 999 ad
1874 972 1947 999 nos
1966 960 2177 999 advectum
2197 958 2414 997 salutamus

406 1025 565 1076 linguae
584 1022 780 1062 Arabicae
800 1024 1063 1074 professorem
1084 1022 1291 1074 insignem,
1312 1022 1470 1073 linguae
1490 1022 1668 1062 eiusdem
1688 1022 1918 1074 professoris
1943 1021 2068 1062 nostri
2092 1018 2415 1061 desideratissimi

407 1085 701 1126 institutionum
721 1085 1066 1136 grammaticarum
1086 1085 1311 1134 editorem²‚
1334 1083 1403 1135 qui
1426 1083 1694 1124 bibliothecae
1717 1084 1996 1135 Lugdunensis
2018 1083 2178 1124 codices
2203 1081 2414 1123 orientales

408 1151 543 1189 denuo
569 1146 855 1186 describendos
885 1147 960 1186 sibi
988 1146 1167 1198 sumpsit,
1199 1146 1268 1197 qui
1293 1151 1436 1198 poetae
1463 1145 1642 1185 Moslimi
1671 1146 1846 1185 carmina
1874 1147 2023 1198 primus
2050 1145 2207 1192 edidit⁸‚
2235 1143 2304 1195 qui
2331 1156 2415 1183 non

409 1211 533 1250 modo
558 1208 836 1248 historicorum
861 1208 1123 1247 Arabicorum
1150 1210 1369 1259 fragmenta
1391 1209 1462 1247 sed
1481 1207 1599 1247 etiam
1620 1207 1805 1247 historiae
1823 1207 2020 1247 Arabicae
2043 1207 2207 1246 annales
2230 1205 2416 1257 antiquos

410 1272 589 1323 undique
616 1271 862 1322 conquisitos
889 1284 981 1310 cum
1004 1271 1090 1310 aliis
1117 1270 1369 1310 consociatus
1396 1270 1622 1318 recensuit⁴‚
1644 1270 1712 1321 qui
1739 1271 2067 1322 Geographorum
2086 1269 2260 1320 denique
2279 1268 2416 1308 Arabi-

409 1347 546 1374 corum
566 1333 850 1372 bibliothecam
872 1334 979 1372 solus
999 1332 1209 1372 condidit⁵.
1270 1333 1398 1380 Idem,
1420 1346 1471 1371 ne
1490 1333 1603 1383 plura
1622 1345 1944 1381 commemorem,
1966 1345 2047 1372 non
2067 1331 2273 1383 regionum
2293 1331 2417 1371 modo

410 1393 712 1447 expugnationis
731 1393 877 1433 librum
897 1393 981 1444 ipse
1001 1393 1296 1433 accuratissime
1323 1393 1478 1442 edidit⁶,
1501 1395 1571 1433 sed
1597 1393 1715 1433 etiam
1739 1392 1837 1433 alios
1860 1393 2046 1434 adiuvare
2066 1406 2222 1445 semper
2245 1399 2415 1444 paratus,

409 1456 590 1497 omniurn
609 1455 765 1495 animos
785 1455 861 1494 sibi
881 1454 1114 1506 subiugavit,
1136 1454 1316 1494 omnium
1337 1456 1459 1495 corda
1477 1455 1724 1506 expugnavit.

519 1520 637 1557 Duco
661 1519 713 1557 ad
738 1530 809 1557 vos
834 1516 991 1568 linguae
1012 1516 1205 1556 Arabicae
1224 1518 1488 1568 professorem
1509 1518 1833 1568 Lugdunensem,
1856 1517 2112 1556 MICHIELEM
2133 1516 2339 1556 IOANNEM
2359 1526 2417 1555 DE

411 1580 563 1627 GOEJE.

519 1722 633 1776 (252)
664 1725 796 1763 Roma
823 1723 875 1762 ab
894 1722 980 1774 ipsa
1005 1724 1058 1763 ad
1084 1735 1157 1762 nos
1182 1723 1360 1774 pervenit
1385 1723 1443 1763 vir
1468 1725 1577 1763 etde
1600 1723 1717 1763 rebus
1743 1722 1863 1763 sacris
1888 1724 1998 1763 etde
2016 1722 2261 1774 antiquitatis
2280 1721 2420 1763 studiis

410 1787 608 1838 praeclare
643 1785 816 1833 meritus,
847 1784 916 1836 qui
950 1784 1114 1824 Librum
1146 1785 1422 1825 Pontificalem
1453 1785 1745 1837 prolegomenis
1777 1784 2030 1836 amplissimis
2062 1793 2102 1825 et
2134 1784 2422 1825 commentario

411 1848 645 1889 doctissimo
665 1848 902 1897 illustravit⁷,
924 1848 992 1899 qui
1014 1847 1166 1887 Galliae
1185 1848 1374 1899 antiquae
1394 1849 1515 1888 fastos
1534 1848 1780 1899 episcopales
1800 1847 2011 1895 condidit⁸,
2028 1847 2098 1898 qui
2118 1847 2421 1899 cognoscendae

412 1911 659 1962 antiquitatis
687 1924 808 1950 causa
835 1924 967 1962 neque
996 1918 1175 1950 montem
1205 1912 1343 1950 Athon
1373 1924 1504 1962 neque
1529 1911 1699 1950 insulam
1726 1912 1896 1950 Patmon
1922 1911 2208 1962 inexploratam
2233 1910 2418 1963 reliquit⁹.

411 1975 538 2022 Idem,
578 1975 631 2014 ad
676 1980 908 2025 argumenta
953 1973 1093 2013 altiora
1139 1980 1311 2022 evectus,
1352 1987 1434 2012 non
1474 1975 1597 2013 modo
1634 1974 1765 2013 cultus
1803 1973 2017 2015 Christiani
2054 1974 2164 2013 initia
2202 1975 2422 2013 luculenter

412 2036 618 2085 enarravit,
639 2037 711 2076 sed
733 2036 852 2076 etiam
876 2036 917 2075 in
944 2035 1038 2087 ipsis
1068 2035 1285 2086 originibus
1310 2035 1544 2076 Christianis
1570 2035 1853 2086 investigandis
1872 2035 2098 2087 nuperrime
2117 2042 2176 2075 est
2201 2035 2420 2075 versatus¹⁰.

414 2101 627 2139 Laetamur
659 2098 761 2138 inter
789 2100 942 2149 Anglos
973 2099 1113 2137 adesse
1142 2097 1264 2137 hodie
1291 2097 1417 2137 virum
1452 2111 1608 2137 summa
1640 2099 1872 2147 eruditione,
1908 2111 2066 2138 summo
2098 2097 2222 2138 animi
2249 2099 2423 2139 candore

413 2161 649 2212 praeditum,
689 2161 758 2212 qui
804 2160 1037 2200 liberalitate
1083 2174 1174 2200 vere
1222 2161 1457 2210 Christiana,
1496 2161 1631 2201 animo
1678 2176 1767 2203 vere
1812 2164 1994 2210 fraterno,
2034 2163 2153 2202 etiam
2200 2161 2420 2202 Ecclesiam

413 2223 676 2275 Anglicanam
695 2223 872 2275 respicit3
901 2223 969 2275 qui
990 2223 1267 2275 Cantabrigiae
1287 2224 1461 2274 denique
1484 2224 1682 2276 paulisper
1708 2232 1894 2274 moratus,
1916 2239 1998 2264 non
2017 2225 2270 2264 obliviscetur
2297 2237 2421 2264 unum

414 2293 520 2326 certe
539 2299 561 2325 e
582 2285 769 2337 Collegiis
789 2286 932 2325 nostris
953 2285 1139 2325 habuisse
1155 2287 1359 2336 quondam
1380 2286 1609 2337 magistrum
1631 2289 1882 2327 Matthaeum
1902 2288 2057 2337 Parker,
2078 2287 2422 2339 archiepiscopum

415 2346 756 2395 Cantuariensem,
797 2360 867 2398 per
904 2361 1024 2398 quem
1063 2347 1223 2387 ordines
1261 2360 1394 2387 sacros
1440 2347 1481 2387 in
1529 2349 1747 2388 Ecclesiam
1790 2349 2052 2401 Anglicanam
2095 2349 2192 2390 serie
2232 2356 2423 2401 perpetua

415 2408 626 2449 defluxisse
654 2409 863 2448 credimus.

524 2473 641 2510 Duco
679 2472 731 2510 ad
768 2483 838 2510 vos
876 2471 1037 2510 scholae
1075 2470 1252 2511 Gallicae
1290 2471 1331 2510 in
1365 2471 1463 2511 urbe
1498 2474 1629 2512 Roma
1663 2474 1885 2525 praesidem
1918 2473 2125 2525 insignem,
2161 2475 2422 2514 LUDOVICUM

416 2535 668 2573 DUCHESNE.

524 2677 638 2730 (253)
677 2678 902 2717 Salutamus
941 2677 1131 2728 deinceps
1164 2677 1290 2717 virum
1329 2680 1381 2719 de
1410 2680 1668 2731 popularibus
1701 2682 1781 2721 suis
1813 2689 2022 2733 propterea
2053 2681 2281 2733 praesertim
2320 2682 2424 2723 bene

415 2740 610 2788 meritum,
626 2741 736 2791 quod
756 2752 838 2778 non
855 2740 978 2779 modo
998 2741 1048 2779 de
1068 2739 1291 2780 studiorum
1309 2741 1603 2781 Hebraicorum
1619 2742 1843 2794 primordiis
1858 2743 2036 2783 libellum
2057 2743 2332 2794 conscripsit¹²‚
2350 2745 2422 2784 sed

415 2803 535 2843 etiam
554 2802 678 2842 Verbi
700 2802 776 2841 Dei
796 2802 836 2840 in
856 2801 1031 2853 linguam
1052 2804 1286 2853 popularem
1307 2804 1451 2844 redditi
1472 2804 1674 2845 historiam
1695 2805 1819 2847 fusius
1838 2806 2075 2858 exposuit123
2103 2819 2182 2857 qua
2200 2805 2242 2845 in
2261 2805 2424 2846 historia

415 2879 498 2905 non
517 2865 713 2916 ingratum
734 2864 1126 2915 Cantabrigiensibus
1147 2867 1256 2916 quod
1276 2868 1519 2917 psalmorum
1539 2867 1580 2906 in
1604 2868 1743 2908 codice
1769 2870 1946 2919 quodam
1969 2867 2286 2919 Cantabrigiensi
2308 2867 2426 2907 inter—

486 2961 515 3011 ..1
539 2961 671 3011 Author
694 2960 731 2992 of
748 2961 1125 3011 Angla-narrnannirche
1151 2963 1472 3004 Gesclzz‘chtsquellen,
1503 2965 1603 3007 18793
1632 2964 1771 3007 English
1796 2964 1990 2997 Chronicles
2013 2964 2047 2996 in
2071 2964 2167 2996 Mon.
2195 2965 2304 2996 Germ.
2328 2963 2421 2995 Hist.

417 3003 849 3088 {xvviffi‘s'r‘31¹gi1i³s⁸{⁵riz⁸b'2·2
868 3005 1374 3081 ἔῖἴηέιῖἱήἴέῗῆἔῗῗώΜ
1397 3007 1688 3082 v‘³¹¹[1¹8⁴‘¹⁸⁹²)³
1716 3005 2423 3083 σῖπῖἕῖἴῖκῗιῖμὲἔὲἡῗῖὶιὲιῖἓἯΞΞΣἝ·

417 3090 430 3110 ⁶
453 3091 530 3123 voi.
547 3091 615 3129 viii,
638 3091 730 3131 1894.
876 3089 889 3109 ⁶
912 3092 962 3122 Al
975 3072 1153 3123 Balsiduri.
1193 3059 1212 3091 9
1303 3092 1317 3112 ⁷
1340 3093 1404 3124 Ed.
1428 3059 1571 3125 1886.⁷⁵‘
1670 3091 1685 3112 ⁸
1711 3095 1802 3136 1894.
1851 3061 1881 3092 g
1971 3075 2086 3126 ⁹'Une
2101 3094 2246 3126 Misi-ion
2262 3103 2308 3124 au
2323 3071 2425 3124 Mon}

417 3135 533 3166 Athos.
687 3133 714 3151 ¹⁰
739 3134 889 3174 Origines
904 3135 949 3165 du
965 3135 1048 3165 culte
1060 3134 1216 3172 chritien,
1235 3136 1300 3166 and
1318 3137 1378 3167 Les
1392 3137 1534 3177 orzgines
1548 3136 1755 3170 clzrdtz'mnes.
1912 3135 1937 3156 Π
1965 3137 2024 3178 189
2029 3148 2058 3178 3.
2210 3135 2238 3155 ¹²
2259 3137 2310 3168 La
2326 3135 2422 3167 Bible

410 3177 586 3219 sranfaise
598 3187 643 3208 au
660 3177 780 3216 Moyen
796 3177 826 3207 A
827 3187 877 3217 ge,
901 3178 993 3217 1884.

1394 3263 1468 3297 124
