2704 3770
416 336 515 386 Sir
544 334 727 385 David
759 334 881 384 Gz'll.
954 334 1028 384 A.
1079 334 1150 383 W
1190 333 1403 382 Howz'tt.
1482 334 1578 383 Sir
1609 335 1677 383 N
1672 352 1849 384 erman
1884 335 2120 401 Lockyer.

255 496 344 526 aese
362 481 558 536 imprimis
577 476 769 521 illustrem
789 488 911 532 atque
930 478 1122 520 scientiae
1137 477 1374 531 dynamicae
1387 477 1448 530 (ut
1467 478 1596 531 aiunt)
1612 478 1654 518 in
1675 479 1828 520 ratione
1843 480 2027 521 universa
2042 484 2286 534 exploranda

255 545 472 600 plurimum
503 546 664 598 pollere.
724 543 809 584 Viri
840 545 981 584 Italiae
1010 542 1132 583 totius
1163 541 1267 582 inter
1299 541 1606 582 mathematicos
1638 543 1847 594 conspicui
1882 544 2031 585 meritis
2063 547 2285 587 accuratius

255 609 502 663 explicandis
527 621 736 661 gravamur
760 621 920 660 prorsus
948 606 1143 658 imparem
1172 618 1260 645 esse
1286 612 1459 646 veterem
1485 605 1594 645 illam
1623 605 1799 658 linguam
1828 606 2024 654 Latinam,
2053 621 2174 658 quam
2199 608 2286 660 ipsa

258 671 376 713 Italia
395 670 598 712 Britannis
616 670 714 712 olim
733 669 909 710 donavit.
969 668 1048 709 His
1068 670 1210 709 saltem
1230 667 1272 707 in
1292 667 1435 708 studiis
1455 668 1651 708 hodierna
1671 668 1788 708 Italia
1806 668 2013 720 antiquam
2034 669 2242 721 superavit.

365 733 589 786 Hospitum
626 740 853 774 nostrorum
901 738 1126 772 exterorum
1168 731 1310 771 seriem
1351 730 1502 771 claudit
1546 730 1696 783 Regiae
1738 730 1963 771 studiorum
2005 730 2286 772 Universitatis

256 797 468 838 Romanae
495 797 707 850 professor,
737 797 848 836 Vrro
876 795 1138 834 VOLTERRA1.

364 891 480 946 (403)
518 892 586 932 Ad
617 890 786 944 patriam
819 890 977 939 reversi,
1009 903 1132 942 quam
1166 889 1336 930 libenter
1369 891 1588 932 salutamus
1626 890 1754 931 virum
1792 891 1834 931 in
1868 891 1991 932 stellis
2024 891 2284 933 observandis

254 954 465 1008 insignem,
497 955 567 1007 qui
603 953 707 994 inter
738 954 1053 994 Aberdonenses
1092 966 1187 992 suos
1220 953 1490 993 astronomiae
1528 953 1660 994 studia
1694 954 1791 994 olim
1824 954 2064 1007 auspicatus,
2101 955 2285 1007 planetae

254 1017 424 1060 Veneris
453 1017 663 1058 transitum
693 1016 735 1057 in
766 1029 920 1057 oceano
951 1015 1096 1055 Indico
1125 1023 1311 1057 accurate
1341 1017 1639 1058 observandum
1671 1018 1846 1058 curavit!
1905 1019 2022 1059 Idem
2051 1026 2091 1059 et
2115 1017 2288 1070 Aegypti

252 1087 294 1122 et
322 1079 482 1121 Afrioee
512 1079 706 1120 Australis
739 1078 923 1119 coloniae
952 1079 1173 1119 extremae2
1206 1086 1246 1118 et
1275 1080 1423 1119 Terrae
1451 1080 1607 1120 Natalis
1638 1080 1766 1132 spatia
1794 1082 1929 1133 ampla
1962 1081 2171 1121 dimensus
2201 1088 2286 1129 est;

253 1145 457 1190 stellarum
490 1142 672 1184 omnium
711 1142 932 1195 imaginum
970 1141 1070 1182 lucis
1109 1140 1233 1194 ipsius
1270 1142 1418 1183 auxilio
1455 1145 1753 1185 reddendarum
1791 1153 1931 1186 auctor
1967 1145 2041 1185 fuit
2078 1144 2262 1184 assiduus
2276 1159 2287 1194 ;

254 1199 414 1247 Africae
439 1205 616 1258 denique
643 1205 686 1245 in
709 1204 988 1258 promunturio
1016 1204 1285 1245 remotissimo
1311 1219 1444 1246 arcem
1474 1207 1687 1247 caelestem
1718 1207 1795 1247 sibi
1818 1207 2009 1248 creditam
2040 1207 2218 1260 quinque
2247 1214 2288 1247 et

253 1267 392 1322 viginti
417 1283 489 1322 per
513 1281 642 1308 annos
666 1267 818 1308 fortiter
843 1276 883 1308 et
907 1267 1073 1308 feliciter
1098 1267 1321 1320 occupavit.
1382 1269 1432 1308 In
1457 1269 1635 1309 excubiis
1659 1269 1735 1310 illis
1760 1270 1887 1322 patria
1911 1272 2051 1323 procul
2070 1269 2287 1310 tolerandis

254 1344 377 1385 quam
405 1333 548 1373 fortem
578 1331 722 1384 ipsum,
754 1332 795 1371 in
824 1330 924 1371 alios
954 1343 1075 1382 quam
1103 1342 1343 1381 generosum
1373 1344 1460 1371 sese
1488 1332 1683 1384 praestitit
1696 1347 1707 1382 3
1743 1332 1913 1373 aliorum
1941 1334 2098 1374 labores
2127 1332 2287 1384 quantis

254 1394 425 1436 stimulis
452 1394 642 1443 incitavit,
664 1396 717 1435 ad
745 1394 895 1435 exitum
925 1394 1081 1435 felicem
1112 1395 1329 1445 perductos
1358 1402 1508 1446 quanta
1537 1395 1818 1437 benevolentia
1846 1397 2024 1449 excepit!
2082 1395 2167 1436 Viri
2198 1397 2287 1437 talis

254 1457 333 1498 sub
359 1457 558 1510 auspiciis,
589 1464 630 1497 et
654 1456 773 1497 unius
803 1470 826 1497 e
854 1457 1147 1509 professoribus
1175 1455 1339 1496 nostxis³
1365 1457 1441 1497 sub
1470 1457 1682 1509 praesidio,
1704 1472 1777 1510 pro
1805 1459 2062 1499 scientiarum
2089 1460 2287 1502 Societate

255 1519 488 1560 Britannica
505 1519 548 1559 in
573 1532 725 1560 annum
751 1518 977 1571 proximum
1005 1520 1146 1559 Bonae
1172 1518 1267 1570 Spei
1289 1517 1331 1558 in
1356 1520 1642 1560 Promunturio
1666 1521 1770 1561 bene
1795 1522 2005 1561 nominato
2029 1520 2121 1562 licet
2151 1522 2287 1563 omnia

254 1583 384 1624 fausta
403 1583 596 1636 augurari.

366 1647 486 1687 Duco
503 1647 556 1687 ad
577 1659 647 1687 vos
666 1653 944 1686 astronomum
963 1645 1174 1698 insignem,
1195 1645 1373 1696 equitem
1393 1658 1644 1697 generosum,
1669 1647 1813 1685 DAv1D
1834 1647 1952 1687 GILL.

363 1746 478 1799 (404)
512 1745 736 1787 Australiae
769 1744 1002 1798 praesertim
1034 1743 1273 1796 aborigines,
1308 1743 1350 1784 in
1382 1757 1512 1784 annos
1545 1744 1723 1796 singulos
1756 1746 1809 1785 ad
1842 1745 2039 1786 minorem
2073 1759 2286 1788 numerum

255 1812 450 1860 redactos,
481 1810 685 1851 nonnullis
718 1823 813 1850 vero
846 1808 888 1849 in
914 1808 1013 1849 locis
1043 1821 1169 1860 prope
1198 1806 1378 1847 funditus
1406 1807 1615 1856 extinctos,
1646 1808 1909 1860 simplicitatis
1938 1808 2126 1860 pristinae
2156 1823 2287 1851 mores

254 1873 444 1926 antiquos
471 1872 697 1914 diutissime
724 1884 981 1912 conservasse
1010 1877 1179 1910 constat.
1241 1869 1323 1910 Hic
1351 1877 1498 1918 autem,
1529 1883 1553 1909 a
1583 1871 1737 1921 collega
1770 1870 1937 1923 optimo,
1969 1871 2139 1924 Collegii
2168 1871 2288 1912 vicini

254 1934 442 1977 alumno⁴
470 1934 644 1983 adiutus,
665 1933 944 1986 indigenarum
978 1932 1136 1973 illorum
1170 1931 1344 1984 primum
1378 1932 1692 1972 consuetudines
1726 1932 1935 1984 nuptiales,
1968 1933 2117 1974 deinde
2149 1935 2288 1976 adule-

256 1997 455 2040 scentium
491 1996 748 2046 initiationes,
787 1996 964 2048 denique
1006 1994 1208 2047 religionis
1250 1994 1478 2035 rudimenta
1519 1994 1659 2046 prima,
1698 1994 1909 2046 diligenter
1950 1995 2210 2048 investigavit,
2251 2003 2291 2037 et

255 2060 397 2115 prioris
415 2060 504 2102 aevi
523 2060 760 2102 memoriam
780 2065 1089 2100 evanescentem
1109 2057 1329 2098 litterarum
1350 2056 1625 2097 monumentis
1645 2056 1816 2097 fideliter
1837 2059 2071 2098 mandavit⁵.
2129 2058 2289 2099 Talium

254 2124 430 2166 virorum
467 2124 672 2165 laboribus
711 2122 886 2171 historia,
923 2122 956 2162 si
993 2135 1077 2162 non
1118 2123 1128 2140 ‘
1143 2121 1330 2173 magistra
1367 2120 1471 2161 vitae
1484 2122 1504 2169 ',
1539 2128 1580 2161 at
1613 2128 1722 2162 certe
1758 2122 1847 2162 ‘lux
1880 2121 2054 2162 veritatis
2068 2123 2088 2172 ’,
2127 2123 2291 2163 ‘nuntia

254 2188 462 2230 vetustatis
474 2188 496 2238 ’,
528 2188 631 2229 ‘vita
659 2186 900 2227 memoriae’
929 2199 1016 2227 esse
1044 2185 1263 2238 gloriatur⁶.

366 2253 487 2294 Duco
523 2253 576 2292 ad
613 2264 686 2292 vos
723 2250 851 2290 virum
885 2250 937 2290 de
974 2248 1200 2289 Australiae
1233 2248 1540 2301 anthropologia
1573 2250 1775 2300 praeclare
1809 2249 2006 2299 meritum,
2042 2251 2290 2290 ALFREDUM

257 2316 534 2357 WrLLaLMUM
566 2315 759 2354 Howirr.
1865 2303 1871 2309 ’

366 2406 483 2459 (405)
513 2406 622 2447 Inter
644 2403 914 2446 astronomiae
939 2411 979 2444 et
1003 2403 1194 2444 scientiae
1217 2403 1406 2455 physicae
1426 2404 1526 2443 fines
1547 2410 1657 2455 patet
1676 2402 1891 2456 provincia,
1914 2403 1994 2452 ubi,
2018 2403 2292 2445 instrumentis

258 2469 528 2511 subtilissimis
551 2467 753 2516 adhibitis,
782 2468 903 2507 etiarn
930 2466 1026 2506 solis
1054 2466 1178 2518 ipsius
1203 2465 1302 2505 radii
1328 2473 1569 2512 retexuntur,
1602 2473 1652 2513 et,
1679 2465 1873 2505 linearum
1903 2465 2092 2506 varietate
2115 2467 2291 2518 quadam

259 2531 527 2574 minutissima
554 2532 773 2579 observata,
806 2542 974 2581 corpora
1001 2528 1140 2581 prima,
1163 2542 1186 2568 e
1214 2528 1361 2580 quibus
1390 2529 1451 2568 sol
1478 2527 1565 2579 ipse
1593 2535 1654 2568 est
1682 2528 1942 2580 compositus,
1971 2528 2074 2569 inter
2101 2542 2189 2570 sese
2217 2529 2295 2569 dis-

258 2594 524 2648 tinguuntur⁷.
581 2594 711 2634 Adest
731 2591 788 2631 vir
806 2591 849 2631 in
869 2591 1032 2643 regione
1051 2599 1134 2631 tam
1154 2592 1322 2643 pulchra
1341 2591 1587 2643 exploranda
1605 2590 1708 2630 inter
1727 2591 1928 2643 principes
1948 2598 2191 2638 numeratus,
2209 2590 2290 2644 qui,

259 2672 313 2700 ne
341 2658 402 2699 his
431 2657 597 2711 quidem
627 2656 775 2697 finibus
804 2663 1030 2704 contentus,
1058 2668 1142 2695 non
1171 2654 1266 2694 solis
1295 2661 1452 2694 tantum
1481 2654 1663 2694 defectus
1691 2653 1916 2694 identidem
1945 2653 2200 2703 observavit⁶,
2222 2655 2295 2695 sed

260 2722 382 2764 etiam
411 2721 681 2762 astronomiae
714 2719 962 2773 provinciam
996 2718 1286 2770 amplissimam
1324 2717 1401 2757 sibi
1435 2717 1684 2757 vindicavit⁹.
1741 2718 1870 2767 Idem,
1903 2731 1974 2770 per
2006 2731 2135 2758 annos
2169 2731 2295 2770 prope

260 2785 441 2839 quinque
469 2793 509 2826 et
534 2784 694 2837 triginta
719 2783 834 2824 Actis
859 2782 1103 2835 quibusdam
1130 2780 1340 2834 praeclaris
1368 2782 1591 2821 luculenter
1617 2780 1746 2830 editis,
1777 2781 1875 2821 anni
1901 2781 2097 2834 cuiusque
2123 2781 2295 2834 septimo

261 2861 425 2901 quoque
444 2848 522 2897 die,
543 2861 675 2888 rerum
697 2853 862 2886 naturae
882 2845 1005 2885 totius
1025 2844 1259 2884 varietatem
1279 2843 1368 2884 orbi
1387 2850 1580 2883 terrarum
1601 2843 1836 2894 patefecit¹⁰.

374 2912 493 2952 Duco
511 2911 565 2951 ad
585 2923 655 2951 vos
675 2909 853 2963 equitem
873 2909 915 2949 in
935 2922 1065 2949 rerum
1087 2916 1252 2948 naturae
1273 2906 1415 2947 studiis
1435 2906 1645 2958 insignem,
1669 2908 1708 2946 N
1712 2919 1866 2948 oRMAN
1887 2909 2104 2948 LocvaR.

350 3000 362 3022 ¹
387 3001 519 3035 Author
535 3001 573 3034 of
586 3000 772 3034 Memoirs
763 3011 798 3033 ιη
813 3000 871 3032 the
888 3000 967 3032 Atti
980 3000 1036 3032 dei
1048 2999 1176 3038 Lincet}
1195 2999 1263 3031 and
1279 2998 1319 3031 of
1330 2998 1466 3031 Lezioni
1478 2998 1518 3030 di
1533 3009 1714 3031 meccamca
1731 2997 1830 3040 (1883
1832 2997 1924 3042 -96),
1943 3004 2007 3031 etc.
2166 2997 2180 3018 ²
2204 2999 2276 3041 Cap
2280 3010 2298 3031 e

264 3046 408 3088 Colony.
541 3043 556 3064 ³
579 3046 713 3088 George
730 3044 882 3077 Howard
900 3044 1038 3076 Darwin
1057 3042 1116 3086 (K.
1120 3043 1159 3077 C.
1164 3022 1203 3075 Β.
1227 3043 1336 3085 1905)
1492 3041 1506 3062 ⁴
1531 3043 1615 3074 Rev.
1636 3042 1788 3075 Lorimer
1806 3043 1842 3074 F
1835 3054 1920 3083 ison
1939 3042 2098 3076 Gonville
2113 3043 2180 3075 and
2197 3043 2299 3076 Caius

264 3089 417 3133 College,
432 3088 533 3131 joint·
521 3089 656 3122 -author
671 3088 710 3121 of
726 3088 923 3121 Kamilaroi
935 3088 1009 3120 and
1022 3088 1168 3119 Kurnaz
1181 3093 1243 3120 etc.
1263 3085 1390 3129 (1880).
1640 3084 1654 3105 ⁶
1682 3087 1750 3119 The
1764 3087 1893 3119 Native
1911 3088 1943 3118 T
1943 3087 2026 3119 rzbes
2040 3086 2081 3129 of
2089 3087 2207 3119 Soutlz-
2211 3088 2300 3119 East

251 3134 573 3175 .Australia,1904.
716 3130 731 3151 ⁶
753 3131 884 3170 Cicero,
905 3132 959 3164 De
978 3132 1036 3164 Or.
1054 3131 1077 3163 ii
1094 3130 1147 3173 36.
1289 3129 1303 3151 ⁷
1327 3131 1504 3173 Spectrum
1520 3129 1677 3172 analysis.
1822 3130 1836 3151 ⁸
1862 3131 1925 3173 Eig
1926 3131 1963 3163 ht
1979 3131 2120 3173 eclipses
2135 3131 2300 3163 observed

263 3178 300 3210 in
320 3179 547 3221 1870—1900.
707 3174 721 3196 ⁹
743 3176 934 3208 Numerous
950 3175 1061 3207 works
1080 3186 1124 3207 on
1141 3175 1347 3216 Astronomy
1363 3174 1430 3206 and
1447 3173 1545 3207 So'lar
1564 3173 1875 3216 Physics.1⁰
1900 3175 2019 3207 Editor
2034 3174 2074 3207 of
2084 3175 2228 3207 Nature.

374 3260 404 3290 s.
428 3261 459 3290 s.
1247 3247 1320 3299 185
2142 3260 2193 3295 24
