2704 3770
492 345 833 409 Hieronymus
867 341 1235 406 Myrz'antlzeus.
1297 340 1440 407 solm
1474 340 1658 406 Hemy
1692 340 1987 389 Mz'ddleton.
2042 339 2118 388 H.
2152 339 2222 388 A.
2256 339 2491 404 Morgan.

600 490 713 544 (110)
747 492 786 530 N
789 501 903 530 UPER
927 489 969 530 in
996 489 1162 530 Graecia
1187 488 1385 542 paulisper
1402 488 1683 541 peregrinatus,
1704 487 1745 527 in
1764 487 1852 540 ipso
1871 489 2056 529 ludorum
2077 487 2336 528 Isthmiorum
2354 487 2495 538 stadio,

492 556 590 595 dum
628 555 679 595 de
717 566 847 594 rerum
883 552 1135 604 antiquarum
1170 551 1361 592 memoria
1397 551 1533 591 nescio
1569 551 1667 602 quid
1700 550 1931 598 meditabar,
1965 549 2093 602 pineis
2126 564 2149 590 e
2177 549 2384 590 frondibus
2417 549 2498 590 cito

492 616 705 668 perituram
725 614 823 655 mihi
843 614 1023 666 decerpsi
1042 627 1242 654 coronam.
1302 613 1440 653 Hodie
1455 626 1547 653 vero
1567 625 1714 652 corona
1733 611 1880 652 diutius
1899 612 2086 652 duratura
2108 611 2297 652 ecclesiae
2322 612 2498 652 Graecae

491 677 708 718 antistitem
734 689 932 725 ornamus,
958 675 1070 715 cuius
1095 675 1226 727 ipsum
1255 688 1415 723 nomen,
1444 675 1607 714 floribus
1633 674 1741 714 mille
1763 675 2041 725 compositum,
2069 673 2226 713 coronis
2249 672 2499 725 aptissimum

492 748 562 781 est.
622 740 704 791 Qui
731 740 773 779 in
801 739 904 780 vitae
931 740 1039 779 velut
1067 738 1197 778 stadio
1225 745 1324 788 quot
1352 738 1524 777 honores
1553 735 1846 789 percucurrerit,
1877 735 2013 787 paucis
2040 735 2218 787 accipite.
2276 735 2342 774 Ab
2370 734 2500 775 insula

493 803 627 854 Cypro
652 801 854 850 oriundus,
876 800 918 839 in
943 800 1041 840 urbe
1066 799 1133 839 illa
1158 813 1278 848 sacra,
1303 799 1602 851 Hierosolymis,
1628 798 1851 849 theologiae
1875 799 2083 849 professor,
2110 796 2265 848 collegii
2286 795 2499 848 theologici

492 879 660 917 praeses,
691 864 834 917 synodi
861 862 1036 915 denique
1064 862 1332 914 patriarchalis
1362 862 1492 902 socius
1521 861 1748 901 nominatus
1777 874 1847 901 est.
1905 862 2043 912 Nuper
2070 860 2322 911 episcopatus
2346 860 2499 899 honore

492 930 581 980 plus
602 942 722 980 quam
741 928 865 967 semel
884 928 1028 978 dignus
1047 925 1301 972 existimatus,
1325 924 1462 964 maluit
1482 932 1616 964 tamen
1636 937 1706 974 per
1727 936 1854 963 annos
1880 922 2095 963 duodecim
2118 924 2299 963 coloniae
2323 922 2500 962 Graecae

494 988 775 1030 Londiniensis
795 1002 973 1028 summus
994 988 1178 1028 sacerdos
1197 1000 1294 1036 esse,
1316 1000 1437 1038 quam
1456 994 1524 1026 aut
1543 986 1584 1025 in
1604 987 1738 1037 Cypro
1758 999 1829 1024 sua
1847 984 2058 1036 episcopus
2076 991 2145 1024 aut
2164 983 2205 1023 in
2223 983 2309 1035 ipsa
2328 984 2502 1035 Corcyra

491 1051 812 1104 archiepiscopus
851 1051 991 1091 vocari,
1048 1052 1166 1090 Tales
1203 1050 1306 1089 viros
1345 1052 1442 1090 dum
1480 1049 1659 1089 Britanni
1697 1050 1848 1088 honore
1886 1047 2023 1088 debito
2059 1047 2272 1100 excipiunt,
2309 1047 2500 1088 ecclesiae

492 1116 741 1167 aliquatenus
760 1115 861 1155 inter
880 1128 966 1155 sese
986 1114 1163 1154 diversae
1182 1113 1350 1153 vinculis
1369 1112 1578 1152 artioribus
1597 1111 1904 1162 coniunguntur.
1960 1112 2055 1151 Non
2070 1111 2258 1151 omnibus
2272 1117 2378 1150 certe
2392 1109 2500 1151 idern

493 1178 595 1218 ovile
614 1185 684 1226 est,
706 1179 847 1218 eadem
860 1176 918 1229 (ut
934 1177 1085 1216 Graece
1101 1176 1249 1228 dicam)
1264 1175 1427 1226 μάνδραις
1455 1188 1548 1226 grex
1561 1182 1694 1214 autem
1710 1187 1812 1214 unus
1827 1181 1896 1222 est,
1914 1186 2098 1225 unusque
2114 1172 2500 1222 Pastor,-—onmium

493 1247 696 1291 pastorum
718 1238 906 1290 Princeps
924 1237 990 1277 ille
1009 1237 1185 1288 quidem,
1202 1250 1225 1276 a
1245 1250 1326 1290 quo
1345 1237 1599 1277 fidelissimus
1619 1236 1787 1288 quisque
1806 1235 2022 1287 aliquando
2037 1235 2227 1288 percipiet
2239 1234 2300 1288 (ut
2314 1235 2356 1274 in
2370 1234 2500 1276 verbis

493 1302 655 1343 Graecis
675 1301 871 1354 desinam)
891 1300 957 1339 τὸν
976 1298 1226 1350 ἀμαράντινον
1243 1302 1311 1350 τῆς
1329 1299 1438 1350 δόξης
1457 1299 1677 1350 στέφανονι.

602 1366 683 1404 Diu
704 1377 852 1405 corona
870 1363 936 1404 illa
955 1363 1097 1415 dignus
1117 1363 1220 1403 vivat
1240 1363 1580 1403 Archimandrites
1600 1370 1744 1411 noster,
1768 1364 2064 1402 HIERONYMUS
2086 1363 2417 1402 MvR1AN‘rHEus.

1301 1520 1351 1551 11
1393 1503 1526 1553 Nov.
1572 1505 1697 1552 1886

604 1623 717 1677 (111)
738 1625 789 1663 IN
810 1623 898 1676 ipso
917 1623 1030 1664 initio
1049 1624 1139 1664 libri
1158 1624 1219 1664 sui
1234 1626 1407 1665 declarat
1422 1625 1634 1674 Vitruvius,
1652 1625 1855 1666 architecti
1871 1625 2076 1665 scientiam
2092 1625 2270 1677 pluribus
2285 1623 2502 1676 disciplinis

494 1695 534 1727 et
571 1687 686 1727 variis
723 1687 1013 1728 eruditionibus
1051 1702 1138 1728 esse
1176 1695 1366 1728 ornatam.
1427 1689 1550 1738 Quod
1588 1702 1707 1740 quam
1746 1702 1835 1728 vere
1872 1688 2024 1729 dictum
2062 1688 2122 1737 sit,
2162 1687 2283 1728 hodie
2319 1688 2502 1738 exemplo

494 1752 698 1790 luculento
726 1751 1030 1802 comprobatum
1056 1751 1250 1791 videmus.
1308 1750 1582 1791 Architectum
1610 1751 1727 1800 enim,
1754 1751 1958 1791 doctrinae
1986 1751 2114 1791 variae
2142 1750 2303 1791 dotibus
2325 1748 2503 1801 plurimis

494 1812 741 1861 instructum,
790 1812 1034 1852 Academiae
1080 1812 1244 1852 nomine
1291 1812 1412 1852 hodie
1459 1815 1698 1853 salutamus:
1754 1813 1896 1853 artium
1942 1812 2193 1864 antiquarum
2239 1812 2502 1863 professorem

495 1874 704 1923 eruditum,
730 1874 871 1914 artium
898 1873 1163 1914 recentiorum
1187 1874 1493 1914 existimatorem
1519 1875 1718 1923 eximium,
1739 1874 1897 1914 Artium
1922 1874 2157 1926 Magistrum
2186 1875 2326 1913 merito
2354 1886 2504 1912 nuncu-

494 1950 645 1988 pamus.
706 1937 787 1987 Qui
806 1938 1028 1977 studiorum
1049 1950 1210 1976 suorum
1230 1938 1337 1976 velut
1356 1937 1397 1976 in
1418 1950 1545 1986 cursu,
1567 1945 1666 1988 quot
1684 1939 1826 1977 artium
1851 1944 2111 1976 monumenta
2133 1942 2397 1988 perscrutatus
2420 1942 2479 1975 est
2491 1949 2504 1984 ;

495 2008 592 2051 quot
621 2000 727 2040 orbis
755 2007 945 2040 terrarum
973 2000 1152 2052 regiones
1180 2003 1439 2051 pervagatus!
1497 2001 1554 2040 Ut
1583 2000 1743 2039 orientis
1772 2007 1810 2039 et
1836 1999 2055 2039 occidentis
2083 1999 2200 2038 urbes
2229 1998 2360 2037 minus
2388 2004 2503 2037 notas

494 2069 748 2113 praeteream,
784 2062 881 2114 quid
918 2069 978 2101 tot
1015 2062 1158 2101 artium
1195 2061 1432 2101 inventrices
1463 2061 1548 2100 illas
1587 2062 1764 2101 Athenas
1803 2061 1963 2100 dicam?
2019 2060 2129 2110 Quid
2168 2061 2370 2111 Mycenas,
2405 2058 2503 2110 quid

497 2124 764 2175 Peloponnesi
793 2124 985 2164 interioris
1014 2124 1229 2175 penetralia
1257 2124 1468 2164 remotiora
1495 2125 1690 2164 referam?
1746 2123 1855 2173 Quid
1883 2123 2049 2171 Italiam,
2074 2122 2216 2162 artium
2239 2121 2502 2162 recentiorum

496 2195 673 2236 matrem,
696 2187 792 2238 quid
811 2187 938 2238 ipsam
958 2188 1133 2239 denique
1153 2189 1327 2227 Romam
1347 2200 1671 2236 commemorem,
1692 2187 1760 2226 ubi
1781 2186 1888 2226 urbis
1907 2194 2091 2226 aeternae
2116 2185 2217 2224 inter
2242 2192 2503 2224 monumenta

495 2249 598 2289 vitae
624 2263 719 2289 suae
744 2250 1044 2290 tabernaculum
1072 2258 1154 2289 tam
1184 2250 1252 2290 diu
1279 2250 1532 2289 collocavit?²
1589 2251 1708 2289 Illum
1736 2249 1852 2300 igitur
1877 2248 1946 2299 qui
1973 2249 2005 2287 F
2006 2247 2063 2287 ori
2091 2247 2265 2287 Romani
2290 2246 2503 2298 imaginem

497 2312 677 2352 omnium
697 2312 1032 2353 accuratissimam
1052 2312 1255 2364 diligentia
1274 2311 1467 2363 exquisita
1485 2311 1708 2361 delineavit,
1730 2311 1851 2351 hodie
1875 2312 2110 2350 Senatorum
2130 2316 2354 2349 nostrorum
2374 2308 2503 2349 ordini

496 2374 659 2414 honoris
687 2387 807 2413 causa
833 2374 1106 2414 adscribimus.
1165 2374 1246 2424 Qui
1277 2375 1423 2413 Vestae
1454 2386 1577 2425 prope
1605 2375 1811 2424 templum,
1842 2371 2010 2423 Regiam
2043 2371 2152 2410 illam
2184 2371 2389 2422 antiquam
2421 2377 2503 2410 tam

496 2437 716 2476 luculenter
743 2436 960 2488 descripsit,
988 2450 1081 2476 eum
1111 2436 1270 2488 Regalis
1299 2436 1548 2488 potissimum
1581 2435 1747 2487 Collegii
1774 2435 1948 2486 hospitio
1977 2434 2052 2474 frui
2078 2441 2391 2474 consentaneum
2417 2446 2504 2473 esse

497 2499 742 2538 confitemur.
802 2498 883 2548 Qui
912 2498 1061 2550 ubique
1089 2498 1240 2550 optima
1268 2512 1450 2550 quaeque
1476 2497 1760 2538 architecturae
1786 2499 1967 2549 exempla
1994 2511 2087 2549 prae
2112 2497 2198 2536 aliis
2222 2495 2415 2548 praetulit,
2440 2495 2504 2535 vix

497 2561 685 2599 miramur
712 2561 886 2600 eundem
915 2560 1016 2600 inter
1044 2568 1202 2600 nosmet
1231 2560 1338 2612 ipsos
1367 2560 1505 2612 templi
1533 2559 1786 2612 pulcherrimi
1814 2559 1855 2598 in
1884 2559 2025 2599 umbra
2053 2558 2231 2607 habitare
2259 2557 2455 2597 maluisse.

603 2622 729 2662 Vobis
749 2631 959 2674 praesento
972 2623 1140 2675 Collegii
1156 2623 1315 2675 Regalis
1331 2622 1543 2675 hospitem,
1559 2622 1703 2662 artium
1718 2623 1981 2674 professorem
1996 2620 2284 2669 doctissimum,
2302 2621 2504 2659 IOANNEM

497 2685 738 2724 HENRICUM
761 2685 1037 2724 MIDDLETON.

1325 2830 1355 2874 9
1390 2813 1513 2862 Dec.
1558 2816 1681 2862 1886

606 2938 719 2990 (112)
755 2939 960 2984 EQmDEM
988 2937 1134 2986 nescio,
1156 2937 1227 2976 viri
1250 2937 1493 2986 Academici,
1515 2950 1596 2988 quo
1619 2936 1870 2988 potissimum
1893 2934 2106 2986 praeconio
2130 2933 2255 2974 virum
2279 2940 2319 2973 et
2337 2933 2507 2986 publicis

497 3006 536 3040 et
561 2999 720 3050 privatis
746 3000 955 3040 virtutibus
980 3000 1158 3051 plurimis
1185 3007 1368 3040 ornatum
1395 3000 1516 3039 hodie
1539 3001 1670 3051 palam
1691 3000 1852 3039 laudare
1871 2999 2051 3039 debeam.
2111 2997 2234 3048 Atqui
2258 2996 2333 3049 ipsi
2358 2996 2507 3047 experti

497 3060 691 3108 novimus,
714 3061 839 3112 qualis
859 3061 899 3100 in
919 3061 1069 3101 amicos
1089 3075 1192 3111 suos,
1215 3061 1341 3113 qualis
1361 3061 1402 3100 in
1422 3062 1603 3112 collegas,
1626 3060 1752 3111 qualis
1779 3060 1819 3099 in
1839 3059 2055 3111 discipulos
2075 3071 2168 3098 suos
2187 3059 2312 3106 fuerit,
2334 3058 2375 3097 in
2394 3057 2505 3097 omni

994 3158 1006 3178 ¹
1034 3168 1046 3190 1
1073 3159 1144 3190 Pet.
1167 3169 1189 3190 v
1212 3171 1243 3199 4.
1429 3157 1443 3177 ²
1465 3159 1610 3191 Ancient
1632 3158 1743 3198 Rome¹
1755 3158 1792 3189 in
1820 3158 1914 3199 1885,
1939 3161 2002 3189 etc.

1474 3232 1524 3280 58
