2704 3770
919 300 1184 364 Professor
1215 301 1311 350 Sir
1345 301 1531 367 George
1571 302 1782 352 Gabriel
1811 303 1994 352 Stokes.

459 444 579 484 etiam
612 443 666 484 ob
698 444 973 485 liberalitatem
1006 445 1201 496 eximiam,
1233 460 1313 498 qua
1344 447 1476 487 eidem
1506 454 1564 487 tot
1597 447 1786 487 librorum
1819 446 2048 498 fragmentis
2076 454 2205 487 vestro
2230 460 2253 487 e
2282 448 2467 488 thesauro

460 507 580 547 erutis
607 508 660 547 ad
688 521 762 547 nos
790 508 916 548 redire
945 516 1108 549 onerato
1137 510 1379 561 permisistis.
1439 511 1488 549 In
1517 509 1627 550 libris
1655 509 1810 561 scriptis
1838 509 2006 549 fideliter
2034 508 2326 558 conservandis,
2353 509 2468 550 vobis

460 571 567 609 velut
595 570 657 609 lex
685 571 882 621 quaedam
911 571 1031 610 verba
1058 571 1124 611 illa
1152 571 1271 612 fuisse
1300 572 1482 612 videntur
1497 572 1714 612 :—‘littera
1742 573 1887 623 scripta
1915 571 2101 612 manet’1.
2159 573 2280 611 Hanc
2308 579 2468 624 propter

459 633 587 683 legem
621 631 690 672 diu
718 645 742 671 a
769 631 883 672 vobis
911 633 1171 682 observatam,
1203 641 1338 674 manet
1365 641 1471 674 certe
1500 635 1659 685 diuque,
1691 641 1734 674 ut
1767 647 1981 686 speramus,
2013 647 2198 674 mansura
2225 642 2284 674 est
2312 634 2469 675 sacrarii

461 693 578 733 vestri
612 692 752 733 veteris
785 694 900 742 fama,
938 695 1058 745 quod,
1095 695 1247 735 scribae
1280 695 1442 734 maximi
1472 695 1635 735 nomine
1668 703 1956 747 nuncupatum,
1991 696 2073 736 Nili
2106 695 2280 735 fluminis
2311 695 2352 735 in
2383 695 2468 748 ripa

460 756 549 805 plus
568 768 688 807 quam
710 755 816 794 mille
835 768 1031 795 annorum
1052 757 1284 797 memoriam
1304 757 1474 797 retinetss.
1534 759 1721 798 Vestrum
1741 772 1831 799 vere
1851 759 2079 800 Commune
2101 759 2220 799 etiam
2245 759 2468 810 Prophetae

459 816 579 856 verba
597 816 663 856 illa
683 818 809 856 multo
828 817 1052 868 antiquiora
1071 831 1153 857 non
1174 819 1258 858 sine
1278 819 1495 858 reverentia
1515 819 1672 871 respicit
1687 821 1803 859 :—In
1823 819 1889 860 die
1908 820 1974 860 illa
1994 820 2065 860 erit
2087 822 2208 860 altare
2232 821 2401 860 DOM1m
2425 819 2467 860 in

460 877 594 918 medio
627 885 752 918 terrae
784 878 965 929 Aegypti,
995 886 1035 918 et
1067 881 1255 919 columna
1290 881 1458 919 DOM1N1
1492 880 1600 920 iuxta
1632 880 1844 920 terminum
1877 881 1961 921 eius
1994 881 2066 921 erit
2094 881 2135 920 in
2169 881 2325 933 signum
2358 888 2398 921 et
2424 881 2467 921 in

459 940 731 980 testimonium
756 942 936 980 DOMINO
960 941 1202 981 exercituum
1226 941 1266 981 in
1293 950 1395 982 terra
1420 942 1621 995 Aegypti³.
1681 944 1786 995 Ergo
1809 943 1928 983 etiam
1953 950 2112 994 propter
2134 951 2303 983 vestram
2326 943 2368 983 in
2393 956 2468 984 nos

458 1001 733 1042 liberalitatem
759 1003 800 1041 in
830 1003 963 1042 medio
989 1011 1114 1043 terrae
1142 1004 1312 1055 Aegypti
1341 1004 1390 1044 sit
1416 1007 1587 1056 populus
1613 1013 1740 1045 vester
1763 1018 1891 1044 annos
1914 1018 1983 1056 per
2006 1004 2197 1056 plurimos
2219 1005 2467 1045 benedictus.

460 1066 608 1104 Nonne
627 1065 747 1104 etiam
768 1065 889 1116 Regis
913 1065 1192 1117 sapientissimi
1218 1066 1259 1105 in
1286 1067 1508 1107 Proverbiis
1535 1067 1724 1119 scriptum
1751 1075 1820 1115 est,
1843 1080 1930 1107 esse
1956 1080 2048 1107 eum
2075 1067 2154 1118 qui,
2177 1067 2357 1118 quamvis
2381 1067 2467 1108 aliis

459 1135 624 1179 spargat,
647 1135 780 1167 tamen
801 1141 883 1167 rem
904 1141 1016 1167 suam
1037 1136 1280 1169 crescentem
1300 1130 1432 1170 videat
1444 1131 1480 1170 ΡΞ
1536 1130 1664 1170 Libris
1691 1138 1795 1170 certe
1820 1131 1956 1170 vestris
1981 1130 2154 1182 antiquis
2177 1132 2306 1182 legato
2331 1139 2468 1171 nostro

457 1188 728 1228 liberalissime
757 1189 926 1236 donatis,
958 1203 1040 1229 non
1070 1191 1192 1230 modo
1220 1198 1390 1231 vestram
1419 1193 1566 1231 famam
1595 1199 1768 1232 veterem
1797 1191 1969 1239 auxistis,
2001 1193 2072 1231 sed
2101 1191 2222 1231 etiam
2250 1191 2467 1232 litterarum

457 1257 673 1289 vestrarum
701 1251 887 1290 historiae
909 1251 1097 1302 antiquae
1117 1265 1305 1303 magnum
1332 1253 1516 1293 attulistis
1542 1254 1844 1294 incrementum.
1904 1253 2065 1294 Etenim
2092 1254 2178 1294 sine
2203 1254 2327 1295 dubio
2346 1254 2466 1294 etiam

458 1313 601 1352 nostris
627 1327 674 1353 ex
697 1313 847 1360 insulis,
869 1315 1120 1354 occidentem
1146 1329 1270 1366 prope
1294 1317 1419 1356 solem
1443 1316 1594 1368 positis,
1616 1317 1777 1357 luminis
1800 1317 1951 1368 aliquid
1979 1317 2117 1357 vestris
2145 1331 2306 1369 quoque
2330 1317 2468 1358 litteris

458 1373 529 1413 erit
562 1374 773 1422 redditum,
804 1387 971 1425 quarum
998 1375 1162 1426 gloriam
1192 1377 1397 1428 antiquam
1426 1379 1631 1427 recordati,
1662 1378 1781 1418 etiam
1815 1392 1923 1418 nunc
1950 1378 2119 1419 libenter
2151 1380 2388 1419 confitemur
2419 1392 2468 1419 ex

458 1436 622 1491 Oriente
648 1449 734 1476 esse
757 1438 899 1476 lucem.
959 1440 1128 1477 DOM1N1
1158 1452 1306 1478 nomen
1331 1439 1380 1479 sit
1409 1440 1666 1480 benedictum
1689 1454 1737 1480 ex
1760 1442 1838 1480 hoc
1866 1448 2045 1492 tempore
2072 1447 2112 1481 et
2137 1440 2178 1480 in
2206 1448 2466 1493 perpetuum:

457 1498 550 1538 solis
569 1499 621 1538 ab
641 1506 729 1538 ortu
749 1513 875 1550 usque
894 1501 946 1540 ad
967 1513 1154 1540 occasum
1174 1501 1224 1541 sit
1243 1503 1449 1542 laudatum
1469 1515 1618 1543 nomen
1641 1505 1843 1543 DOM1N1⁵.
1899 1505 2052 1544 Valete.

563 1580 722 1617 Datum
746 1579 1022 1630 Cantabnjgiae

672 1634 811 1672 mensis
828 1634 1047 1672 Decembris
1065 1635 1125 1673 die
1142 1641 1211 1674 xv0

780 1699 1064 1728 MDcccxcvm.

1267 1848 1483 1888 Baronetto
1510 1850 1661 1900 inszgm'

1036 1917 1307 1958 GEORGlO
1342 1918 1613 1960 GABROEL!
1650 1920 1883 1962 8ΤΟΚΕ8

721 1986 833 2024 Iuris
859 1990 898 2024 et
924 1986 1180 2025 Scientiarum
1209 1988 1383 2035 Doctori,
1413 1989 1557 2039 Regiae
1585 1989 1783 2028 Socz'etattls·
1809 1991 2002 2039 quondam
2029 1991 2214 2029 Praesidi

559 2050 746 2089 Scientiae
775 2051 1076 2090 Mathematicae
1092 2057 1171 2100 per
1194 2065 1318 2090 annos
1344 2053 1629 2103 quinquaginta
1658 2055 1763 2092 inter
1796 2054 2126 2105 Cantabrzgvknses
2153 2056 2372 2107 Prqfesson'

1035 2117 1075 2155 S.
1098 2117 1145 2155 P.
1167 2117 1223 2155 D.
1264 2118 1508 2157 Universitas
1541 2119 1880 2169 Cantabrzgrzenszk.

566 2195 679 2249 (557)
712 2199 841 2247 QUOD
879 2212 949 2249 per
985 2211 1112 2238 annos
1151 2198 1438 2251 quinquaginta
1471 2200 1573 2240 inter
1605 2208 1763 2241 nosmet
1796 2200 1904 2253 ipsos
1938 2201 2175 2242 Professoris
2208 2216 2352 2243 munus
2384 2210 2466 2243 tam

454 2260 651 2309 praeclare
674 2258 871 2307 ornavisti‚
901 2266 941 2299 et
964 2259 1047 2308 tibi,
1075 2260 1132 2299 vir
1160 2261 1406 2308 venerabilis,
1435 2270 1474 2301 et
1503 2261 1620 2302 nobis
1643 2262 1738 2314 ipsis
1763 2264 2020 2303 vehementer
2043 2265 2293 2315 gratulamur.
2351 2265 2468 2304 Iuvat

455 2319 575 2359 vitam
604 2327 686 2358 tam
715 2321 886 2371 longam,
909 2327 990 2359 tam
1020 2334 1212 2369 serenam,
1235 2329 1294 2361 tot
1323 2323 1545 2363 studiorum
1574 2323 1767 2363 fructibus
1796 2324 1958 2364 maturis
1987 2324 2156 2373 felicem,
2180 2332 2240 2365 tot
2268 2324 2468 2377 tantisque

453 2381 672 2421 honoribus
710 2381 912 2431 illustrem,
946 2390 1056 2422 tanta
1095 2396 1251 2423 morum
1290 2385 1487 2425 modestia
1521 2394 1560 2425 et
1594 2386 1838 2438 benignitate
1870 2387 2079 2439 insignem,
2113 2388 2234 2428 hodie
2270 2388 2469 2440 paulisper

452 2444 722 2495 contemplari.
781 2447 902 2485 Anno
934 2447 1090 2494 eodem,
1124 2459 1205 2497 quo
1237 2447 1392 2499 Regina
1426 2457 1559 2488 nostra
1589 2449 1766 2489 Victoria
1796 2450 2013 2490 insularum
2047 2459 2269 2491 nostrarum
2299 2451 2400 2492 solio
2427 2458 2468 2492 et

452 2516 607 2558 sceptro
632 2508 757 2559 potita
780 2516 850 2555 est,
872 2508 956 2559 ipse
981 2510 1125 2548 eodem
1148 2509 1287 2549 aetatis
1311 2524 1418 2550 anno
1448 2511 1634 2551 Newtoni
1658 2512 1782 2552 nostri
1809 2513 2118 2553 Universitatem
2141 2513 2294 2554 iuvenis
2319 2513 2465 2565 petisti,

453 2570 490 2606 N
494 2569 637 2609 ewtoni
660 2571 891 2610 cathedram
915 2578 1054 2622 postea
1080 2585 1149 2622 per
1176 2573 1317 2612 decem
1341 2574 1462 2613 lustra
1487 2582 1707 2624 ornaturus,
1731 2576 1916 2616 Newtoni
1938 2579 2164 2628 exemplum
2186 2584 2226 2617 et
2250 2577 2292 2616 in
2316 2578 2466 2617 Senatu

538 2676 550 2697 1
575 2678 763 2710 Mediaeval
780 2678 916 2711 maxim.
1031 2678 1046 2698 ²
1067 2679 1141 2711 The
1158 2679 1358 2723 Synagogue
1374 2681 1412 2713 of
1424 2681 1508 2714 Ezra
1525 2682 1582 2714 the
1600 2682 1729 2715 Scribe.
1838 2682 1852 2703 ³
1875 2683 2004 2723 Isaialz,
2023 2684 2078 2716 xix
2097 2694 2146 2727 19.
2258 2683 2272 2704 ⁴
2293 2683 2463 2724 Proverbs,

451 2720 484 2752 xi
502 2731 554 2761 24.
707 2720 721 2740 ³
743 2722 858 2753 Psalm
874 2722 951 2754 cxiii
969 2732 1063 2763 2-3,
1113 2723 1186 2755 The
1203 2724 1311 2755 above
1328 2725 1420 2757 three
1437 2725 1566 2757 Letters
1582 2736 1669 2758 were
1685 2726 1817 2758 written
1833 2727 1867 2758 in
1884 2727 2089 2759 accordance
2105 2727 2186 2759 with
2200 2738 2222 2759 a
2237 2727 2345 2760 Grace
2361 2727 2399 2759 of
2409 2727 2467 2759 the

452 2764 574 2795 Senate
590 2764 774 2806 approving
797 2765 853 2797 the
880 2766 1204 2798 Recommendation
1221 2766 1259 2798 of
1277 2767 1334 2799 the
1351 2767 1492 2810 Library
1509 2769 1699 2810 Syndicate‚
1721 2770 1813 2801 ‘that
1836 2770 1893 2802 the
1918 2770 2106 2803 Collection
2129 2771 2168 2802 of
2187 2770 2277 2803 MSS
2300 2770 2385 2803 from
2408 2770 2466 2803 the

451 2807 599 2839 Genizah
615 2808 653 2839 of
672 2808 740 2840 Old
756 2808 866 2847 Cairo,
886 2808 1010 2840 offered
1027 2819 1071 2841 on
1097 2810 1221 2842 certain
1238 2811 1426 2843 conditions
1448 2817 1482 2843 to
1504 2812 1560 2844 the
1586 2812 1778 2854 University
1796 2813 1840 2854 by
1861 2813 1911 2845 Dr
1932 2813 2066 2855 Taylor,
2084 2814 2211 2846 Master
2231 2813 2270 2846 of
2287 2813 2327 2847 St
2346 2812 2466 2855 John's

450 2850 601 2892 College,
629 2851 695 2882 and
724 2852 773 2882 Dr
801 2851 992 2889 Schechter‚
1025 2853 1156 2884 Reader
1180 2853 1213 2885 in
1243 2854 1431 2891 Talmudic,
1457 2855 1499 2886 be
1526 2856 1705 2897 gratefully
1729 2857 1900 2899 accepted,
1931 2857 1996 2888 and
2023 2857 2094 2888 that
2122 2857 2179 2889 the
2203 2857 2325 2889 thanks
2351 2856 2390 2889 of
2408 2857 2466 2889 the

452 2894 644 2935 University
659 2894 700 2926 be
716 2894 815 2936 given
831 2899 866 2927 to
884 2896 934 2927 Dr
950 2896 980 2926 T
981 2895 1073 2937 aylor
1089 2896 1155 2927 and
1171 2901 1206 2928 to
1223 2897 1274 2928 Dr
1291 2897 1483 2935 Sehechter,
1500 2898 1567 2930 and
1586 2899 1657 2930 also
1679 2905 1713 2931 to
1735 2900 1791 2931 the
1813 2900 1917 2932 heads
1933 2900 1972 2932 of
1989 2901 2046 2932 the
2058 2899 2184 2942 Jewish
2201 2900 2416 2941 Community
2431 2900 2465 2932 in

451 2937 560 2973 Cairo,
579 2938 657 2968 with
682 2938 794 2970 whose
818 2943 954 2970 consent
977 2939 1034 2971 the
1059 2939 1149 2972 MSS
1175 2950 1260 2971 were
1284 2940 1428 2982 brought
1451 2946 1487 2973 to
1512 2941 1686 2983 England’
1712 2941 1889 2984 (Κερυνίαν,
1917 2944 1936 2975 8
1961 2943 2049 2975 Νον.
2079 2944 2172 2986 1898,
2195 2954 2228 2985 p.
2257 2942 2344 2985 207).
2391 2943 2466 2976 The

450 2979 542 3012 three
560 2980 690 3012 Letters
707 2981 783 3012 deal
799 2982 879 3013 with
897 2981 952 3013 the
968 2992 1059 3014 same
1074 2983 1209 3023 general
1226 2983 1355 3024 subject
1371 2985 1477 3015 under
1493 2985 1585 3016 three
1606 2985 1759 3017 different
1780 2992 1921 3028 aspects.
1967 2987 2042 3018 The
2064 2986 2127 3018 last
2148 2986 2187 3018 os
2204 2986 2261 3019 the
2285 2986 2377 3019 three
2397 2996 2466 3018 was

450 3024 630 3064 composed
652 3024 732 3056 with
754 3035 774 3055 a
797 3025 919 3066 special
942 3025 1026 3056 view
1047 3030 1082 3057 to
1099 3025 1140 3057 its
1161 3026 1261 3067 being
1280 3028 1462 3058 translated
1479 3027 1550 3059 into
1566 3028 1622 3059 the
1639 3028 1788 3060 Hebrew
1803 3029 1966 3071 language
1983 3029 2033 3061 sor
2048 3030 2104 3061 the
2120 3029 2336 3061 information
2351 3029 2390 3061 of
2409 3029 2465 3062 the

447 3066 573 3107 Jewish
601 3068 816 3108 Community
843 3068 876 3099 in
900 3068 1010 3100 Cairo.
1062 3069 1182 3100 Hence
1206 3070 1229 3100 it
1253 3069 1403 3102 includes
1426 3071 1551 3103 certain
1575 3071 1716 3103 Biblical
1744 3073 1946 3114 quotations‚
1970 3073 2036 3104 and
2063 3073 2145 3105 ends
2167 3073 2249 3105 with
2275 3083 2295 3104 a
2321 3077 2403 3110 text,
2428 3082 2466 3105 as

450 3109 477 3140 is
500 3115 686 3152 customary
710 3111 744 3142 in
765 3111 891 3152 Jewish
914 3111 1111 3144 documents
1136 3112 1173 3144 of
1192 3112 1259 3144 this
1282 3114 1464 3146 character.

1425 3198 1501 3237 252
