2704 3770
851 314 971 363 Vale
1014 314 1311 381 Unz'versz'zy.
1389 314 1565 364 Owens
1602 314 1806 379 Colle-ge,
1845 315 2178 364 Manclzester.

510 459 620 508 sima,
657 461 777 511 quod,
809 459 946 499 talium
980 466 1251 500 conventuum
1285 459 1496 500 occasione
1529 460 1673 507 oblata,
1709 458 2013 499 necessitudinis
2045 458 2233 510 pristinae
2265 459 2350 499 iura
2381 459 2517 499 denuo

509 524 804 572 confirmantur,
826 530 865 563 et
885 522 1187 563 benevolentiae
1206 530 1368 563 mutuae
1387 523 1548 563 foedera
1567 521 1686 562 etiam
1706 521 1747 561 in
1767 528 1969 573 posterum
1990 529 2274 573 perpetuantur
2282 522 2305 560 ¹.
2362 522 2515 562 Valete.

617 603 771 642 Datum
795 603 1072 653 Cantabrzssgiae

725 658 862 696 mensis
880 657 994 696 Maii
1007 657 1068 695 die
1084 656 1194 696 xxiii⁰

835 712 885 750 A.
909 711 949 750 S.
973 718 1112 750 MCM10.

833 846 1091 885 Universitati
1127 846 1316 884 Yaleanae
1345 845 1385 884 S.
1407 846 1456 883 P.
1479 845 1534 883 D.
1573 845 1819 884 Universitas
1852 845 2192 895 Cantabngienstk.

621 927 735 981 (562)
770 929 970 967 LITTERis
1000 927 1149 973 vestris,
1169 927 1240 967 viri
1268 927 1432 967 nomine
1460 940 1542 967 non
1572 941 1654 967 uno
1683 927 1800 967 nobis
1833 926 2158 975 coniunctissimi,
2189 934 2296 966 trans
2324 939 2520 967 oceanum

511 991 757 1031 Atlanticum
790 993 842 1031 ad
875 1005 950 1031 nos
984 1005 1111 1043 nuper
1147 990 1316 1042 perlatis,
1356 990 1525 1030 libenter
1562 990 1827 1030 intelleximus
1861 990 2171 1031 Universitatem
2206 997 2384 1040 vestram,
2419 988 2522 1029 inter

513 1055 719 1093 Musarum
740 1054 854 1092 sedes
874 1052 1156 1093 transmarinos
1176 1065 1300 1104 prope
1319 1053 1500 1092 omnium
1520 1051 1838 1100 vetustissimam,
1860 1053 1975 1091 annis
1994 1051 2073 1090 iam
2093 1052 2276 1091 ducentis
2295 1051 2347 1090 ab
2369 1049 2520 1103 origine

511 1130 582 1156 sua
619 1116 782 1156 feliciter
819 1116 976 1164 exactis,
1012 1130 1122 1156 sacra
1160 1115 1374 1156 saecularia
1411 1128 1561 1167 paucos
1594 1122 1685 1166 post
1722 1128 1879 1155 menses
1913 1128 1999 1154 esse
2037 1114 2333 1154 celebraturam.
2391 1115 2519 1154 Trans

511 1192 707 1219 oceanum
732 1179 857 1228 illum,
877 1193 960 1219 non
985 1180 1064 1219 iam
1090 1187 1134 1219 ut
1153 1179 1248 1219 olim
1272 1178 1577 1227 dissociabilem,
1599 1178 1688 1229 plus
1712 1191 1833 1228 quarn
1857 1176 2057 1228 sexaginta
2076 1176 2137 1227 (ut
2161 1175 2407 1227 accepimus)
2426 1181 2520 1216 ante

511 1241 703 1292 originem
731 1248 901 1281 vestram
929 1241 1054 1290 annis,
1084 1242 1244 1281 Insulae
1273 1242 1436 1291 Longae
1464 1254 1487 1280 e
1514 1239 1687 1291 regione,
1717 1239 1909 1278 Fluminis
1938 1237 2067 1289 Longi
2094 1237 2196 1277 inter
2223 1237 2337 1289 ripas,
2369 1236 2521 1277 Britan·

511 1317 654 1343 norum
683 1302 817 1342 coloni
846 1305 1009 1342 Portum
1039 1304 1200 1342 Novum
1230 1301 1476 1350 invenerunt,
1507 1301 1578 1341 ubi
1605 1307 1755 1352 postea,
1777 1299 1958 1350 Collegio
1985 1306 2115 1339 vestro
2142 1299 2329 1350 antiquo²
2355 1298 2520 1340 nomine

511 1379 617 1406 novo
636 1366 776 1414 indito,
798 1365 894 1405 civis
921 1364 1204 1405 Londiniensis
1230 1363 1505 1404 liberalitatem
1531 1363 1651 1402 etiam
1677 1362 1928 1402 illustriorem
1955 1360 2150 1401 effecistis.
2209 1362 2314 1412 Ergo
2336 1367 2376 1401 et
2396 1359 2521 1400 animi

511 1427 635 1468 nostri
660 1427 817 1467 fraterni
841 1429 881 1466 in
906 1426 1192 1474 testimonium,
1213 1433 1252 1465 et
1276 1425 1356 1465 diei
1379 1432 1460 1464 tam
1484 1424 1601 1464 fausti
1623 1423 1664 1463 in
1689 1425 1895 1471 honorem,
1917 1429 1995 1462 tres
2023 1421 2126 1461 viros
2148 1421 2345 1462 amicitiae
2369 1421 2521 1462 foederi

511 1503 616 1530 novo
642 1489 851 1529 vobiscum
879 1488 1061 1528 feriundo
1089 1487 1259 1527 libenter
1283 1486 1514 1538 delegimus,
1542 1485 1714 1537 primum
1743 1483 2024 1524 Astronomiae
2052 1484 2316 1534 professorem
2341 1491 2521 1523 nostrum

511 1553 739 1599 facundum,
770 1564 891 1602 quem
920 1550 1034 1602 quasi
1062 1549 1246 1589 nuntium
1281 1555 1460 1588 nostrum
1493 1547 1702 1596 sidereum,
1733 1548 1840 1586 velut
1872 1546 2038 1585 alterum
2073 1544 2317 1584 Mercurium
2350 1544 2522 1586 Pleiadis

511 1614 636 1654 filium
664 1613 836 1653 Atlantis
865 1620 1064 1664 nepotem,
1093 1619 1199 1652 trans
1229 1611 1352 1650 maria
1379 1612 1431 1650 ad
1460 1623 1530 1650 vos
1559 1609 1776 1657 mittimus;
1804 1608 1962 1657 deinde,
1991 1621 2014 1648 e
2041 1615 2169 1647 vestra
2197 1607 2303 1648 orbis
2331 1615 2522 1648 terrarum

510 1684 631 1728 parte,
654 1690 736 1716 non
756 1677 880 1716 modo
904 1674 1182 1716 Universitatis
1207 1672 1544 1724 Cantabrigiensis
1570 1671 1774 1722 utriusque
1797 1672 2015 1717 alumnum,
2037 1669 2149 1709 cuius
2176 1669 2404 1721 eloquentia
2425 1669 2522 1710 olim

512 1738 628 1779 Carni
647 1738 771 1778 nostri
790 1751 939 1777 nomen
960 1736 1126 1788 Angliae
1146 1737 1286 1775 Novae
1308 1735 1410 1774 inter
1433 1734 1537 1774 cives
1562 1733 1686 1785 magis
1710 1740 1848 1772 notum
1873 1731 2057 1780 reddidit,
2079 1732 2150 1771 sed
2176 1731 2295 1771 etiam
2322 1731 2522 1772 Universi-
2579 1743 2582 1745 ’

512 1804 602 1844 tatis
622 1811 780 1844 nostrae
800 1805 1007 1842 alumnum
1027 1803 1205 1848 alterum,
1227 1800 1296 1851 qui
1315 1798 1542 1851 provinciae
1562 1797 1810 1839 Canadensis
1831 1795 2144 1837 Universitatum
2164 1795 2266 1835 inter
2283 1795 2524 1847 professores

512 1868 768 1907 numeratur&
828 1867 915 1905 Has
944 1865 1059 1917 igitur
1088 1864 1235 1903 litteras
1264 1877 1289 1902 a
1312 1862 1509 1913 legatione
1538 1868 1672 1900 nostra
1699 1861 1751 1900 ad
1780 1873 1850 1900 vos
1878 1860 2131 1911 perferendas
2162 1859 2362 1899 Mercurio
2387 1867 2524 1900 nostro

511 1930 715 1977 tradimus,
743 1929 784 1968 in
813 1928 959 1980 quibus
988 1926 1247 1968 Universitati
1273 1933 1423 1965 vestrae
1453 1923 1752 1964 florentissimae
1779 1931 1988 1974 propterea
2015 1922 2243 1974 praesertim
2270 1924 2523 1974 gratulamur,

512 1993 623 2044 quod
652 2005 779 2043 nuper
808 1998 890 2030 tarn
919 1990 1072 2041 insigne
1105 1987 1322 2028 vivacitatis
1356 1988 1643 2026 documentum
1675 1985 1850 2032 dedistis,
1883 1992 1927 2024 ut
1957 1998 2004 2024 ex
2035 1983 2206 2023 alumnis
2239 1983 2386 2032 vestris,
2422 1997 2523 2035 quos

513 2053 743 2106 quindecim
764 2051 918 2091 milium
937 2053 990 2090 ad
1009 2063 1219 2090 numerum
1242 2062 1312 2100 per
1334 2061 1462 2087 annos
1485 2048 1681 2087 ducentos
1705 2048 1838 2085 laurea
1860 2053 1987 2085 vestra
2009 2044 2239 2092 coronastis,
2260 2053 2412 2096 partem
2434 2046 2524 2097 plus

513 2129 634 2167 quam
660 2113 867 2154 dimidiam
893 2113 1026 2151 adhuc
1052 2111 1153 2151 inter
1175 2110 1285 2150 vivos
1309 2122 1517 2149 numerare
1541 2107 1756 2160 potueritis
1815 2108 1956 2146 Valete
1978 2113 2099 2158 atque
2121 2105 2241 2146 etiarn
2259 2105 2301 2146 in
2320 2113 2523 2158 posterum

513 2178 705 2230 plurimos
723 2191 794 2229 per
812 2189 940 2216 annos
960 2175 1094 2215 felices
1114 2173 1242 2214 vivite.

623 2257 779 2295 Datum
804 2254 1078 2303 Cantabrzgz'ae

729 2310 867 2349 Idibus
885 2309 1017 2348 Juniis

838 2363 889 2402 A.
912 2363 953 2402 S.
977 2368 1118 2401 MCM10.

745 2490 1022 2532 Universitatis
1061 2489 1298 2528 Victorianae
1331 2488 1539 2537 Collegium
1573 2486 1849 2526 Owensianum
1877 2483 1986 2534 apud
2010 2483 2307 2522 Mammenses

1064 2563 1211 2600 salvere
1238 2560 1341 2598 iubet
1365 2559 1607 2598 Universitas
1640 2556 1980 2606 Cantabrtgzknszk.

624 2646 737 2699 (563)
767 2648 868 2685 REM
897 2643 1013 2683 nobis
1041 2649 1262 2694 pergratam
1288 2640 1446 2688 fecistis,
1474 2639 1544 2679 viri
1571 2637 1802 2683 doctissimi,
1834 2638 1944 2688 quod
1971 2648 2123 2676 annum
2150 2634 2524 2687 quinquagesimum

518 2710 685 2761 Collegii
704 2708 821 2749 vestri
839 2708 891 2748 ab
910 2706 1061 2758 origine
1081 2705 1245 2745 feliciter
1264 2711 1446 2743 exactum
1466 2701 1700 2754 propediem
1719 2699 1964 2747 celebraturi,
1987 2698 2107 2738 etiam
2127 2705 2304 2737 nostram
2324 2698 2529 2739 Universi-

518 2781 641 2813 tatem
660 2770 832 2811 laetitiae
851 2776 1002 2809 vestrae
1020 2766 1252 2818 participem
1272 2779 1359 2805 esse
1378 2764 1567 2804 voluistis.
1625 2764 1726 2802 Sunt
1749 2775 1844 2801 sane
1868 2763 2016 2800 multae
2039 2759 2340 2800 benevolentiae
2363 2767 2525 2801 mutuae

518 2850 672 2883 causae,
705 2847 808 2886 quae
845 2830 1103 2873 Universitati
1140 2836 1298 2869 nostrae
1330 2841 1422 2867 cum
1461 2825 1641 2877 Collegio
1674 2833 1804 2864 vestro
1833 2823 2096 2863 intercedunt.
2154 2822 2342 2871 Primum,
2371 2821 2527 2874 imperii

521 2898 739 2940 Britannici
763 2897 804 2936 in
828 2897 967 2936 eadem
997 2901 1108 2945 parte
1133 2891 1262 2943 positi,
1291 2890 1512 2930 studiorum
1538 2887 1811 2928 communium
1841 2884 2130 2925 consuetudine
2157 2884 2364 2925 vobiscum
2387 2897 2524 2925 sumus

520 2959 739 3002 consociati
752 2973 763 3008 3
791 2957 938 2998 deinde
959 2956 1231 2994 Professorum
1251 2960 1470 2992 vestrorum
1489 2950 1530 2989 in
1550 2949 1690 2989 ordine
1710 2946 1853 2999 insigni
1872 2960 1920 2986 ex
1941 2946 2110 2986 alumnis
2133 2946 2277 2986 nostris
2301 2947 2524 2998 complures

607 3054 621 3074 ¹
644 3055 747 3086 Isocr.
764 3052 999 3094 Panegyricus,
1016 3060 1069 3091 43.
1209 3047 1223 3067 ²
1245 3048 1319 3080 The
1335 3047 1522 3088 Collegiate
1538 3044 1662 3079 School
1677 3044 1715 3076 of
1726 3042 1955 3079 Connecticut‚
1971 3041 2128 3092 f⁰¹.¹¹¹.e¹¹y
2141 3046 2176 3074 at
2191 3041 2365 3084 Saybrook
2381 3039 2526 3082 (1701—

525 3098 633 3141 1716).
792 3095 806 3116 ³
829 3095 997 3127 Professor
1012 3093 1066 3126 Sir
1082 3092 1209 3124 Robert
1225 3091 1310 3131 Ball,
1329 3091 1385 3123 the
1402 3091 1495 3122 Hon.
1516 3089 1662 3121 William
1679 3088 1827 3127 Everett,
1847 3086 1958 3124 M.A.,
1971 3086 2113 3127 Trinity,
2126 3085 2193 3117 and
2204 3084 2296 3127 John
2311 3084 2396 3122 Cox,
2413 3084 2523 3124 M.A.,

521 3141 661 3183 Trinity,
678 3139 845 3173 Professor
859 3138 897 3171 of
910 3137 1057 3179 Physics‚
1077 3135 1254 3168 Montreal.

1488 3205 1565 3254 256
