2704 3770
257 282 436 334 Antan
462 284 661 334 Dolzrn.
732 284 804 333 A.
833 283 1004 332 Mz'lne
1028 282 1297 332 Edwards.
1370 282 1584 333 Camillo
1619 285 1779 349 Golgz'.
1853 286 2019 335 Ernst
2052 287 2284 337 Haeckel.

363 429 478 483 (294)
514 431 548 470 E
569 429 780 471 Germanis
804 429 971 482 quidam
990 429 1195 477 oriundus,
1218 429 1339 481 patris
1359 429 1543 469 iucundi1
1563 429 1678 479 filius,
1700 432 1862 471 laudem
1883 431 1975 472 ideo
1996 434 2209 474 maximam
2229 442 2290 476 est

252 492 438 545 adeptus,
465 491 571 544 quia,
603 491 743 532 Italiae
775 491 817 532 in
850 491 965 532 litore
998 491 1196 544 hospitali,
1227 491 1335 532 orbis
1361 499 1552 532 terrarum
1581 491 1622 531 in
1652 492 1742 532 sinu
1770 493 2068 543 amoenissimo,
2099 495 2288 536 vivarium

255 554 412 597 Ooeani
430 555 568 608 spoliis
588 563 829 596 reservatum
849 555 1035 608 gentibus
1055 555 1253 608 patefecit,
1276 556 1388 607 quod
1407 555 1521 607 quasi
1544 568 1739 608 aquarum
1763 558 1971 596 castellum
1995 559 2286 609 appellaverim,

255 620 365 661 unde
389 619 597 661 doctrinae
619 620 734 661 rivuli
762 620 804 660 in
830 633 972 660 omnes
1001 627 1123 660 terras
1152 621 1231 660 late
1259 619 1544 660 diffluxerunt2.
1603 618 1753 659 Vivarii
1779 618 1883 659 illius
1907 619 2159 661 conditorem
2189 621 2291 662 inter

255 682 434 734 hospites
453 690 611 724 nostros
631 683 701 724 diu
721 683 1018 724 numeravimus
1033 697 1044 732 ;
1072 682 1205 724 eidem
1224 684 1411 723 alumnos
1432 690 1589 723 nostros
1609 682 1745 723 animo
1765 684 1871 724 laeto
1891 684 2265 725 commendavimus
2279 699 2290 734 3

254 745 308 786 ab
339 746 486 786 eodem
516 744 684 786 scientia
715 745 822 785 varia
854 745 1069 786 instructos
1097 744 1234 786 animo
1262 752 1374 797 grato
1403 758 1536 785 rursus
1564 745 1806 798 accepimus.
1867 747 1961 798 Ipse
1989 745 2223 786 animalium
2250 746 2289 786 in

255 815 372 862 partu
399 809 632 862 praesertim
655 810 902 861 explorando
931 809 1078 850 laboris
1101 808 1287 848 immensi
1316 808 1518 860 prodigus,
1541 821 1673 860 neque
1703 808 1898 849 minorem
1927 822 2049 860 quarn
2078 808 2120 848 in
2144 808 2292 849 vivario

254 872 324 914 illo
343 873 562 914 condendo
581 872 857 914 fortitudinem
878 872 1066 921 ostendit,
1088 886 1220 924 neque
1240 873 1442 912 fortunam
1467 871 1600 911 minus
1624 885 1856 924 prosperam
1881 879 2063 924 expertus
2087 879 2158 912 est.
2218 874 2293 913 Per

255 941 381 977 totam
412 943 519 977 certe
550 934 674 976 vitam
702 935 869 976 feliciter
894 935 1144 977 confirmavit
1173 936 1294 976 verba
1322 935 1374 976 ab
1404 935 1492 987 ipso
1520 934 1663 983 Plinio,
1695 935 1884 976 historiae
1913 935 2101 975 naturalis
2129 943 2292 976 auctore

255 997 582 1052 locupletissimo,
604 998 708 1040 vitae
727 1012 824 1040 suae
843 999 884 1039 in
904 999 971 1040 die
995 998 1214 1040 novissimo
1237 1012 1362 1051 prope
1387 998 1602 1051 Neapolim
1626 999 1884 1051 pronuntiata
1898 1000 2108 1039 z—‘fortes
2134 1000 2293 1039 fortuna

255 1061 416 1103 iuvat'⁸.

369 1127 487 1168 Duco
505 1127 559 1168 ad
578 1139 650 1167 vos
669 1127 913 1167 ΑΝΤοΝῙυΜ
936 1127 1112 1167 DOHRN.

365 1234 480 1289 (295)
500 1236 707 1277 Gallorum
728 1250 751 1277 e
769 1243 890 1288 gente
905 1235 1060 1288 insigni,
1079 1248 1162 1276 non
1178 1234 1390 1275 vicinitatis
1407 1241 1562 1274 tantum
1580 1233 1748 1274 vinculis
1764 1232 1976 1275 nobiscum
1993 1233 2221 1282 coniuncta,
2239 1234 2291 1274 ad

255 1297 372 1338 litora
398 1305 535 1338 nostra
561 1299 788 1347 advectum,
818 1299 1038 1338 salutamus
1062 1296 1184 1350 patris
1213 1296 1397 1337 doctrina
1426 1296 1637 1348 multiplici
1667 1294 1816 1336 ornati⁴
1845 1295 1982 1344 filiurn,
2008 1309 2129 1347 quem
2159 1295 2291 1348 ipsum

255 1358 395 1401 talium
433 1368 719 1410 conventuum,
759 1373 842 1401 non
881 1361 1006 1400 modo
1043 1359 1268 1412 praesidem
1306 1359 1491 1411 primum,
1532 1360 1605 1399 sed
1643 1358 1764 1399 etiam
1806 1365 2012 1397 auctorem
2056 1357 2289 1410 principem,

256 1428 379 1475 atque
402 1424 508 1464 adeo
535 1430 701 1477 patrem,
727 1423 1029 1464 nominaverim.
1088 1423 1236 1463 Avium
1265 1422 1306 1462 in
1333 1422 1500 1463 scientia
1524 1422 1594 1462 diu
1624 1429 1810 1470 versatus,
1837 1423 1958 1462 etiam
1987 1435 2035 1461 ex
2064 1421 2160 1474 ipsis
2189 1423 2292 1463 saxis

255 1484 391 1526 avium
423 1487 571 1528 formas
607 1489 777 1528 latentes
816 1500 937 1539 quam
976 1487 1155 1527 sollerter
1193 1485 1351 1527 elicuit!
1407 1487 1561 1526 Rerum
1600 1493 1764 1525 naturae
1803 1498 1943 1524 museo
1983 1484 2157 1526 maximo
2190 1485 2293 1525 inter

256 1548 498 1596 Parisienses
546 1550 808 1604 praepositus,
847 1549 1009 1590 navium
1057 1549 1162 1589 bene
1209 1548 1504 1589 nominatarum
1551 1548 1710 1597 auxilio,
1750 1546 1870 1588 etiam
1914 1547 2069 1588 Oceani
2106 1547 2230 1600 ipsius
2268 1562 2291 1589 e

255 1612 458 1664 profundo
490 1626 621 1654 rerum
655 1621 820 1654 naturae
850 1612 1056 1653 veritatem
1089 1625 1212 1664 quam
1250 1611 1415 1651 feliciter
1452 1611 1617 1651 extraxit
1634 1612 1662 1650 1⁵
1719 1609 1830 1661 Quid
1869 1623 1951 1649 non
1989 1610 2120 1662 potuit
2158 1624 2289 1651 rerum

257 1676 592 1729 naturae—quid
621 1690 704 1718 non
733 1675 865 1729 potuit
892 1674 1066 1717 veritatis
1095 1676 1237 1715 amor?
1295 1677 1304 1695 ‘
1319 1676 1473 1715 Merses
1502 1674 1716 1726 profundo,
1746 1672 1949 1725 pulchrior
1976 1672 2160 1713 evenit’⁶.

370 1738 491 1780 Duco
509 1740 563 1780 ad
582 1752 655 1780 vos
674 1740 948 1779 ALPHONSUM
980 1739 1132 1777 MILNE
1160 1739 1386 1777 EDwARns.

365 1851 482 1906 (296)
514 1853 685 1902 Italiam,
705 1852 802 1895 olim
827 1852 1082 1894 scientiarum
1106 1860 1286 1902 matrem,
1307 1853 1502 1893 laetamur
1525 1865 1634 1893 nunc
1653 1864 1816 1904 quoque
1837 1851 1927 1892 filiis
1946 1851 2219 1905 physiologiae
2239 1853 2291 1893 de

256 1914 423 1956 scientia
444 1917 645 1968 praeclare
671 1915 820 1956 meritis
845 1914 1014 1968 gloriari.
1072 1916 1215 1956 Unum
1241 1929 1289 1955 ex
1312 1914 1369 1955 eis
1395 1914 1518 1955 hodie
1541 1916 1771 1962 salutamus,
1793 1914 1835 1954 in
1858 1914 2081 1955 Academia
2104 1913 2290 1967 Papiensi

255 1976 389 2019 Ticini
420 1990 547 2030 prope
579 1977 705 2030 ripam
733 1977 875 2030 posita,
906 1977 1161 2030 pathologiae
1190 1979 1456 2030 professorem
1485 1976 1694 2029 insignem,
1725 1975 1851 2017 virum
1881 1976 2002 2017 etiam
2030 1976 2072 2016 in
2100 1978 2158 2017 eis
2186 1989 2290 2028 quae

254 2042 465 2082 oculorum
483 2041 612 2083 aciem
632 2041 788 2094 fugiunt
807 2040 1068 2083 observandis
1088 2039 1487 2094 perspicacissimum.
1550 2041 1666 2081 Idem
1690 2040 1791 2080 duas
1816 2039 2047 2091 praesertim
2072 2040 2126 2080 ob
2149 2053 2291 2080 causas

254 2101 297 2144 in
325 2103 479 2144 honore
506 2102 649 2144 merito
677 2103 870 2144 habetur:
898 2103 1083 2157 primum,
1114 2104 1226 2155 quod
1254 2102 1296 2143 in
1325 2116 1492 2155 corpore
1520 2103 1699 2142 humano
1728 2102 1795 2142 fila
1822 2103 2022 2154 quaedam
2056 2101 2291 2142 tenuissima

255 2165 441 2207 sensibus
478 2165 736 2218 motibusque
773 2165 1057 2207 transferendis
1096 2165 1371 2214 ministrantia,
1406 2164 1558 2218 argenti
1591 2163 1738 2205 auxilio
1771 2178 1842 2216 per
1878 2165 2068 2217 ambages
2106 2178 2197 2204 suas
2236 2164 2292 2204 in-

256 2227 506 2270 extricabiles
525 2229 770 2280 exploranda
781 2235 821 2268 et
841 2228 1111 2269 observationi
1125 2227 1319 2269 subtiliori
1335 2229 1609 2280 praeparanda
1628 2241 1716 2268 esse
1736 2227 1918 2277 docuit⁷;
1946 2227 2105 2277 deinde,
2123 2228 2235 2280 quod
2250 2227 2290 2267 in

256 2289 450 2343 sanguine
481 2291 662 2331 humano
693 2290 873 2342 parasitis
902 2290 1145 2342 quibusdam
1175 2290 1385 2342 diligenter
1414 2290 1612 2342 indagatis
1641 2297 1681 2330 et
1709 2289 1812 2330 inter
1840 2303 1927 2330 sese
1956 2290 2157 2342 separatis,
2190 2290 2291 2331 aeris

257 2353 525 2406 pestilentiam
562 2355 804 2406 propulsare,
841 2354 1011 2395 febrium
1050 2354 1237 2394 cohortes
1274 2353 1484 2405 profligare
1516 2354 1707 2393 audacter
1743 2366 1950 2404 aggressus
1983 2355 2071 2394 est⁸.
2132 2353 2292 2395 Camilli

258 2422 430 2457 mortem
458 2415 685 2468 pestilentia
712 2415 938 2467 absumpti⁰
967 2415 1161 2456 Camillus
1189 2416 1288 2455 alter
1316 2416 1422 2455 ultus
1452 2416 1555 2455 est10.

369 2481 530 2533 Duplex
548 2487 656 2522 certe
674 2482 805 2521 honos
825 2479 909 2520 viro
928 2479 969 2519 in
989 2493 1073 2520 uno
1092 2479 1347 2531 conspicitur,
1370 2480 1569 2520 CAM1LLO
1589 2479 1738 2519 Gomi.

369 2592 484 2647 (297)
519 2592 737 2634 Germania
759 2594 812 2634 ad
839 2606 914 2634 nos
937 2592 1044 2634 misit
1064 2606 1147 2633 non
1168 2594 1292 2633 modo
1313 2592 1431 2632 maris
1450 2591 1682 2632 animalium
1704 2591 1948 2632 minutorum
1969 2592 2290 2644 investigatorem

258 2655 515 2707 indefessum,
544 2658 616 2698 sed
644 2657 764 2698 etiam
788 2657 919 2709 operis
942 2656 1129 2698 immensi
1152 2656 1404 2697 conditorem
1432 2657 1642 2705 audacem,
1665 2655 1706 2695 in
1736 2669 1818 2708 quo
1845 2655 2078 2696 animalium
2108 2655 2290 2696 omnium

258 2725 391 2760 ortum
410 2719 463 2760 ab
483 2718 634 2771 origine
654 2718 795 2759 ultima
814 2718 1004 2771 indagare
1024 2726 1084 2759 est
1100 2719 1311 2759 conatus11.
1372 2719 1478 2770 Ergo
1498 2717 1633 2759 Caroli
1649 2717 1821 2767 Darwin‚
1839 2717 1991 2758 alumni
2006 2717 2131 2759 nostri
2143 2717 2290 2770 magni,

258 2782 574 2835 praedicatorem
597 2782 700 2823 inter
723 2785 948 2824 Germanos
974 2796 1164 2834 magnum
1191 2783 1420 2822 salutamus.
1480 2783 1707 2822 Salutamus
1733 2781 1853 2821 etiam
1881 2780 2019 2830 virum,
2045 2781 2115 2833 qui
2140 2781 2182 2821 in
2205 2781 2291 2834 ipsa

347 2877 360 2899 ²
382 2878 457 2913 The
471 2879 619 2913 eminent
633 2879 806 2912 entomolo
830 2879 883 2912 ‘st.
1072 2877 1086 2898 ²
1114 2878 1183 2911 The
1197 2878 1383 2921 Zoological
1395 2878 1527 2910 Station
1542 2882 1580 2909 at
1591 2878 1726 2920 Naples,
1746 2877 1893 2911 founded
1914 2879 2007 2919 1872.
2195 2877 2210 2898 ⁸
2231 2889 2286 2921 ap.

262 2921 350 2956 Plin.
366 2922 455 2966 Epp.
475 2924 508 2956 vi
528 2923 578 2964 16,
601 2933 652 2956 11.
842 2922 951 2956 Henri
968 2922 1076 2955 Milne
1093 2922 1268 2962 Edwards,
1292 2923 1451 2964 1800-85.
1607 2920 1620 2941 ⁶
1643 2921 1746 2955 chief
1757 2922 1931 2954 naturalist
1946 2922 1985 2954 of
1998 2921 2054 2954 the
2077 2923 2111 2954 T
2105 2923 2293 2955 ravailleur

261 2966 329 2999 aud
350 2966 524 2999 Talisman
539 2966 745 3010 expedition.
848 2965 863 2987 ⁶
886 2967 1034 3006 Horace,
1057 2967 1171 2999 Carm.
1188 2966 1221 2998 iv
1233 2979 1266 3007 4,
1284 2965 1338 3007 65.
1436 2965 1450 2987 ⁷
1477 2966 1571 3006 1875,
1589 2965 1652 3008 ’79‚
1672 2971 1735 2998 etc.
1783 2966 1848 3008 Cp.
1866 2971 1945 2999 note
1962 2976 2006 2998 on
2021 2976 2077 2998 no.
2097 2976 2160 3000 220
2174 2971 2291 3009 supra,

261 3010 329 3043 and
347 3010 496 3044 Michael
513 3011 541 3043 F
542 3010 659 3044 oster's
674 3011 827 3043 Toronto
843 3010 1005 3050 Addraes,
1023 3011 1168 3051 Nature,
1192 3021 1208 3043 2
1226 3010 1318 3053 Sept.
1343 3011 1438 3053 1897,
1457 3018 1644 3051 435—440.
1828 3007 1842 3028 Β
1867 3010 1974 3051 Opera
1988 3010 2103 3042 onmia
2119 3010 2153 3043 in
2172 3021 2189 3052 3
2207 3010 2291 3043 vols.

265 3063 360 3097 1903·
492 3053 507 3074 ⁰
530 3054 698 3092 Plutarch,
719 3055 896 3094 Camillus,
915 3055 1086 3098 adfinem.
1213 3052 1240 3074 ¹⁰
1263 3053 1338 3086 The
1353 3053 1484 3085 honour
1500 3052 1672 3086 eonserred
1689 3063 1733 3085 on
1750 3052 1851 3095 Golgi
1868 3064 1936 3086 was
1950 3054 2090 3096 warmly
2105 3054 2290 3087 welcomed

259 3097 304 3140 by
321 3097 380 3130 the
397 3097 538 3131 medical
556 3098 743 3141 profession
760 3099 793 3131 in
811 3098 912 3140 Italy,
931 3099 998 3130 and
1015 3098 1072 3131 the
1087 3097 1291 3161 concluding
1307 3097 1456 3140 epigram
1474 3107 1519 3129 on
1535 3097 1592 3129 the
1609 3102 1676 3129 two
1693 3097 1829 3130 Camilli
1848 3098 1857 3114 ‘
1869 3103 1957 3130 went
1978 3097 2035 3131 the
2053 3098 2160 3131 round
2177 3098 2216 3131 of
2233 3099 2291 3132 the

263 3141 386 3174 ltalian
403 3152 496 3184 press
508 3142 515 3155 '
533 3142 682 3182 (Lancet,
704 3153 742 3175 ro
759 3142 852 3184 Sept.
879 3143 972 3185 1898,
991 3153 1025 3185 p.
1046 3141 1133 3184 723).
1285 3140 1296 3160 ¹
1326 3141 1394 3174 The
1406 3141 1548 3174 Historv
1562 3141 1604 3183 qf
1614 3141 1782 3174 Creation.

1246 3226 1317 3261 141
