2704 3770
690 311 980 376 University
1014 311 1078 375 of
1099 311 1232 359 New
1264 310 1576 359 Brunswick.
1659 308 1950 373 University
1982 309 2046 372 of
2072 308 2117 357 C
2115 325 2285 357 racow.

476 456 580 504 data,
602 457 713 507 quod
736 456 854 497 nullis
878 457 964 496 aliis
990 456 1178 496 libentius
1204 457 1450 503 confitemur,
1473 467 1594 506 quam
1618 454 1815 494 vobismet
1837 453 1943 504 ipsis,
1965 452 2034 504 qui
2059 452 2100 492 in
2124 453 2223 492 urbe
2242 454 2415 493 fraterno
2441 465 2489 492 ex

475 531 610 558 amore
630 518 726 558 olim
746 518 952 559 nominata
971 519 1074 559 vitae
1094 526 1245 558 vestrae
1265 519 1371 558 velut
1391 518 1692 557 tabernaculum
1712 516 1909 568 posuistis.
1970 517 2020 556 Et
2043 529 2118 555 nos
2141 516 2337 556 Academi
2363 514 2489 555 nostri

474 579 578 620 inter
614 593 780 620 nemora
817 580 1148 632 iurisprudentiae
1187 579 1327 620 studiis
1366 578 1479 630 quasi
1517 579 1711 630 templum
1747 591 1896 617 novum
1929 590 2161 618 consecrare
2194 578 2377 617 volumus
2390 591 2401 626 3
2438 589 2488 617 eo

474 641 663 682 libentius
682 642 808 694 igitur,
830 655 900 693 per
919 643 1094 693 legatum
1114 649 1305 690 nostrum,
1328 654 1449 692 quem
1471 639 1772 680 benevolentiae
1791 646 1944 679 vestrae
1964 639 2295 679 commendamus
2306 639 2332 688 ¹,
2351 637 2489 679 litteris

475 704 537 744 his
565 704 678 753 datis,
704 704 817 745 vobis
846 705 1034 744 omnibus
1060 705 1115 745 ob
1140 704 1344 756 inceptum
1370 703 1477 744 idem
1504 704 1556 743 ad
1582 702 1731 743 exitum
1756 715 1990 754 prosperum
2015 703 2253 754 perductum
2279 715 2328 742 ex
2353 700 2489 742 animo

476 769 726 819 gratulamur.
785 769 936 808 Valete.

585 848 741 887 Datum
767 848 1043 898 Cantabrzjgiae

694 903 834 940 mensis
853 902 1072 940 Decembris
1090 902 1151 940 die
1169 900 1252 941 xiv0

801 956 854 994 A.
877 955 918 995 S.
940 966 1196 995 MDcccxclx.

582 1092 802 1131 Brunovici
826 1092 953 1131 Novi²
988 1092 1247 1131 Um’versitati
1278 1090 1502 1130 Canadensi
1528 1090 1568 1129 S.
1590 1090 1637 1129 P.
1660 1090 1716 1129 D.
1755 1089 2001 1128 Um‘versitas
2034 1089 2372 1139 Cantabrzgrknns.

583 1174 697 1227 (559)
732 1175 831 1213 NON
863 1173 948 1213 sine
977 1173 1125 1225 gaudio
1157 1186 1283 1225 nuper
1311 1172 1497 1213 certiores
1531 1171 1625 1212 facti
1655 1185 1792 1211 sumus
1823 1170 2133 1212 Universitatem
2162 1177 2344 1220 vestram,
2372 1171 2488 1212 annis

475 1247 638 1279 centum
670 1239 722 1278 ab
750 1237 901 1289 origine
929 1250 1001 1276 sua
1029 1236 1194 1276 feliciter
1222 1236 1380 1284 exactis,
1411 1237 1529 1275 ludos
1559 1236 1780 1274 saeculares
1808 1233 2041 1285 propediem
2074 1246 2161 1273 esse
2189 1233 2484 1273 celebraturam.

474 1304 560 1341 Vos
585 1309 719 1341 autem
747 1300 788 1339 in
812 1300 970 1340 colonia
998 1299 1065 1339 illa
1088 1299 1316 1350 longinqua,
1343 1307 1450 1337 trans
1481 1299 1689 1337 Oceanum
1715 1295 1972 1343 Atlanticum,
1994 1296 2096 1334 ultra
2124 1294 2301 1334 Acadiae
2328 1295 2488 1335 litorum

474 1366 683 1412 anfractus,
714 1365 815 1403 ultra
849 1362 1033 1402 aestuarii
1063 1361 1181 1402 vestri
1211 1363 1354 1400 fluctus
1388 1360 1618 1407 immensos,
1648 1358 1784 1399 Sancti
1818 1357 1982 1398 Ioannis
2015 1356 2057 1396 in
2088 1356 2264 1406 flumine,
2295 1357 2488 1408 Principis

477 1426 674 1467 Frederici
700 1426 741 1465 in
768 1425 948 1476 oppid0³,
971 1425 1050 1464 iarn
1077 1432 1240 1464 eentum
1263 1437 1333 1475 per
1354 1436 1482 1462 annos
1509 1421 1726 1473 sapientiae
1752 1422 1890 1461 sedem
1913 1419 2166 1471 tranquillam
2192 1419 2383 1469 tenuistis,
2405 1433 2489 1460 non

475 1490 599 1529 modo
637 1488 859 1528 studiorum
897 1486 1174 1527 communium
1211 1485 1371 1526 vinculo
1410 1484 1622 1525 nobiscum
1661 1483 1891 1532 consociati,
1932 1484 2003 1523 sed
2041 1483 2161 1523 etiam
2199 1497 2292 1523 cum
2329 1482 2490 1535 reliquis

474 1552 662 1592 omnibus
687 1551 914 1603 provinciae
938 1550 1134 1590 maximae
1159 1548 1408 1591 Canadensis
1434 1547 1611 1599 partibus
1637 1546 1787 1598 patriae
1810 1554 1968 1586 nostrae
1994 1545 2321 1585 coniunctissimi.
2380 1546 2491 1585 Inter

476 1615 653 1656 colonias
677 1623 759 1655 tam
788 1616 926 1655 fideles
950 1615 1158 1666 ipsamque
1188 1611 1435 1652 Britanniam
1459 1610 1600 1651 crescit
1628 1610 1757 1650 indies
1783 1623 1905 1658 amor,
1931 1608 2051 1648 etiam
2071 1608 2166 1648 belli
2187 1607 2289 1648 inter
2315 1606 2492 1664 pericula

475 1685 675 1730 spectatus
709 1678 980 1729 probatusque
993 1691 1004 1726 3
1043 1677 1163 1717 etiam
1196 1676 1299 1715 inter
1336 1673 1542 1714 doctrinae
1576 1674 1691 1713 sedes
1724 1673 1833 1724 pacis
1870 1672 2020 1712 artibus
2054 1671 2235 1712 fovendis
2273 1670 2491 1711 destinatas

476 1740 615 1780 erescit
635 1739 764 1780 indies
779 1738 1070 1786 benevolentia,
1087 1751 1209 1789 quam
1225 1751 1276 1777 ne
1292 1737 1479 1777 Oceanus
1500 1735 1664 1787 quidem
1684 1733 1939 1786 interpositus
1959 1733 2137 1774 minuere
2157 1732 2312 1784 poterit.
2365 1731 2488 1783 Atqui

475 1816 547 1842 vos
566 1801 796 1854 praesertim
816 1815 865 1842 eo
885 1800 1054 1841 cariores
1075 1800 1168 1840 estis
1192 1798 1483 1851 Cantabrigiae,
1505 1797 1648 1850 partim
1672 1798 1783 1849 quod
1805 1811 1853 1837 ex
1878 1796 2049 1837 alumnis
2072 1795 2216 1837 nostris
2240 1809 2354 1844 unus,
2376 1794 2488 1835 cuius

476 1864 710 1905 memoriam
729 1864 870 1912 colitis,
892 1863 994 1904 inter
1012 1871 1167 1904 vosmet
1190 1863 1298 1914 ipsos
1323 1862 1472 1901 litteras
1498 1860 1752 1901 humaniores
1776 1874 1845 1912 per
1870 1874 1998 1901 annos
2024 1862 2166 1901 decem
2188 1858 2467 1911 profitebatur⁴
2477 1872 2490 1908 3

476 1927 618 1978 partim
651 1928 762 1979 quod
795 1940 843 1966 ex
876 1926 1029 1966 eisdem
1062 1927 1169 1974 alter,
1201 1925 1270 1977 qui
1299 1924 1552 1976 episcopatus
1582 1923 1642 1963 sui
1671 1924 1808 1963 sedem
1838 1922 2116 1963 Universitatis
2144 1929 2296 1962 vestrae
2323 1921 2365 1960 in
2394 1921 2489 1961 sede

476 1989 647 2040 positam
667 1995 841 2035 exornat,
863 1988 943 2027 iam
963 1987 1212 2039 undeviginti
1230 2000 1301 2038 per
1323 1999 1450 2025 annos
1477 1984 1649 2025 concilio
1672 1991 1802 2024 vestro
1824 1984 1987 2024 honoris
2013 1997 2132 2023 causa
2154 1991 2214 2023 est
2236 1983 2486 2034 adscriptus⁵.

478 2051 649 2089 Nostrae
668 2049 784 2100 igitur
803 2062 895 2100 erga
915 2056 1069 2088 vosmet
1088 2048 1196 2099 ipsos
1216 2046 1519 2087 benevolentiae
1538 2046 1579 2085 in
1600 2044 1884 2093 testimonium,
1902 2046 1973 2084 has
1993 2044 2141 2084 litteras
2160 2058 2184 2083 a
2203 2046 2333 2095 legato
2352 2051 2490 2084 nostro

477 2113 530 2151 ad
568 2125 638 2151 vos
682 2112 934 2162 perferendas
979 2110 1184 2158 tradimus,
1223 2123 1343 2161 quem
1386 2116 1538 2149 vestrae
1578 2108 1748 2148 libenter
1785 2108 2115 2147 commendamus
2153 2105 2486 2146 benevolentiae⁰.

479 2175 632 2214 Valete.

586 2255 741 2292 Datum
766 2253 1042 2303 Cantabrzgiae

696 2308 834 2346 mensis
851 2308 1008 2358 Aprilis
1025 2307 1086 2345 die
1105 2306 1212 2345 xxvi0

803 2362 854 2400 A.
877 2362 915 2401 S.
941 2367 1064 2400 MCM0.

786 2507 1046 2547 Universitati
1077 2507 1320 2547 Cracoviensi
1346 2506 1385 2546 S.
1408 2507 1455 2544 P.
1477 2507 1534 2544 D.
1573 2505 1816 2545 Universitas
1848 2504 2187 2554 Cantabrzgzknsis.

601 2588 714 2642 (560)
749 2590 904 2628 NUPER
932 2589 1049 2628 nobis
1083 2588 1311 2628 nuntiatum
1340 2595 1410 2637 est,
1441 2587 1512 2627 viri
1540 2587 1772 2635 doctissimi,
1804 2586 2113 2626 Universitatem
2141 2593 2311 2625 vestram
2337 2598 2489 2626 annum

481 2652 855 2706 quingentesimum,
884 2666 932 2692 ex
964 2666 1046 2703 quo
1079 2653 1214 2692 denuo
1246 2651 1411 2691 feliciter
1439 2651 1603 2690 condita
1633 2658 1703 2698 est,
1733 2649 1919 2701 auspiciis
1949 2647 2109 2700 optimis
2141 2647 2374 2699 propediem
2402 2661 2489 2688 esse

482 2716 777 2756 celebraturam.
837 2714 1032 2753 Novimus
1062 2721 1213 2765 quanto
1242 2713 1365 2752 animi
1392 2713 1533 2752 ardore
1562 2712 1710 2752 abhinc
1742 2724 1869 2750 annos
1898 2709 2209 2761 quadringentos
2242 2708 2488 2754 Universitas

483 2785 610 2817 vestra
642 2775 907 2816 astronomiae
944 2775 1156 2826 imprimis⁷
1192 2783 1232 2814 et
1268 2774 1484 2814 litterarum
1522 2773 1802 2813 humaniorum
1840 2772 1971 2812 studia
2008 2770 2173 2811 coluerit
2186 2785 2197 2820 3
2236 2771 2489 2810 recordamur

568 2865 581 2885 ¹
605 2866 732 2899 Gerard
750 2866 870 2898 Brown
888 2865 1007 2903 Finch,
1025 2866 1136 2904 M.A.,
1158 2866 1338 2907 Honorary
1356 2865 1483 2897 Fellow
1498 2864 1537 2896 of
1549 2863 1706 2905 Queens'.
1918 2861 1932 2882 ²
1955 2862 2028 2894 The
2044 2861 2185 2902 English
2206 2860 2325 2903 colony
2345 2860 2385 2893 of
2403 2860 2488 2893 New

484 2910 679 2942 Brunswick
701 2920 769 2941 was
785 2919 821 2940 so
837 2909 943 2941 called
961 2909 1008 2948 (in
1030 2907 1124 2950 1784)
1142 2908 1225 2940 from
1243 2909 1299 2940 the
1317 2909 1434 2940 House
1450 2908 1487 2940 of
1500 2907 1706 2947 Brunswick‚
1725 2907 1836 2939 whose
1852 2906 1983 2938 ancient
1998 2905 2120 2947 capital
2134 2904 2271 2936 derived
2286 2905 2328 2936 its
2343 2914 2441 2936 name
2456 2903 2495 2936 of

485 2954 688 2992 Bruneswic,
706 2963 744 2984 or
758 2952 935 2984 Brunom‘s
949 2953 1052 2989 vicus,
1070 2952 1154 2984 from
1169 2952 1212 2984 its
1226 2952 1377 2991 founder,
1396 2953 1519 2988 Bruno,
1531 2951 1632 2983 Duke
1643 2950 1682 2982 of
1694 2951 1829 2992 Saxony
1846 2948 1949 2992 (861).
2015 2947 2029 2968 3
2053 2949 2080 2980 F
2083 2948 2278 2980 redericton.
2344 2946 2358 2966 ⁴
2380 2947 2423 2980 G.
2436 2947 2487 2979 M.

485 2996 673 3039 Campbell,
693 2997 758 3028 late
770 2995 897 3027 Fellow
915 2995 953 3027 of
966 2995 1178 3037 Magda1ene,
1195 2995 1364 3028 Professor
1380 2995 1418 3027 of
1430 2994 1573 3027 Classics
1593 2994 1751 3036 1861—71.
1879 2993 1892 3013 ⁵
1916 2993 1964 3024 H.
1981 2992 2022 3024 T.
2040 2992 2212 3034 Kingdon‚
2233 2990 2349 3027 D.D.;
2371 3001 2428 3022 no.
2446 3000 2486 3032 5²

483 3045 596 3081 supra.
766 3037 780 3058 ὅ
799 3039 832 3080 J.
849 3038 893 3071 G.
911 3039 1046 3075 Adami,
1065 3039 1174 3076 M.D.,
1191 3039 1259 3071 late
1275 3039 1403 3070 Fellow
1417 3038 1456 3070 of
1468 3038 1567 3080 Jesus
1581 3037 1731 3078 College,
1751 3035 1920 3068 Professor
1935 3035 1973 3068 of
1995 3035 2191 3076 Pathology,
2211 3033 2398 3072 Montreal;
2420 3033 2488 3065 and

485 3084 569 3159 ξεν.
586 3083 675 3132 J⁰.h¹¹
690 3082 732 3115 de
752 3082 884 3123 Soyres,
903 3082 1013 3122 M.A.,
1033 3082 1190 3115 Gonville
1205 3082 1271 3114 and
1287 3082 1400 3122 Caius,
1419 3081 1457 3113 os
1470 3082 1508 3114 St
1520 3082 1623 3124 John,
1643 3081 1728 3112 New
1746 3079 1950 3112 Brunswick.
2117 3076 2131 3098 ⁷
2153 3078 2228 3110 The
2246 3077 2438 3118 University
2453 3076 2491 3109 of

515 3136 700 3169 opermcus.

1447 3209 1523 3248 254
