2704 3770
837 339 1042 389 Charles
1076 342 1313 391 Edward
1342 343 1528 393 Searle.
1600 345 1785 409 Hemy
1812 346 2052 411 Johnson.

1260 559 1319 608 25
1362 545 1462 595 Oct.
1513 548 1634 609 1885

547 663 635 718 (91)
664 667 819 706 Nos‘ms
845 680 985 708 omnes
1009 668 1232 720 Collegium
1257 669 1366 718 illud,
1394 683 1531 720 regum
1560 670 1745 711 laudibus
1773 672 1862 723 plus
1891 685 2011 723 quam
2039 672 2163 712 semel
2190 672 2444 723 celebratum,

438 730 549 779 quod
578 729 745 781 Collegii
775 730 934 782 Regalis
963 732 1149 772 fundator
1177 732 1261 783 ipse
1289 733 1487 772 ‘notabile
1515 741 1555 773 et
1580 733 1754 785 insigne'
1783 734 1879 774 olim
1907 734 2119 786 appellavit
2132 748 2143 783 3
2172 736 2283 786 quod
2308 742 2447 787 postea

436 790 675 842 praeteriens
691 793 895 842 quondam
911 792 1079 844 Angliae
1096 793 1250 845 Regina
1264 793 1393 834 verbis
1412 794 1487 834 illis
1507 795 1747 844 honorificis,
1765 798 1774 816 ‘
1787 809 1811 835 o
1832 796 1976 835 domus
1995 795 2158 846 antiqua
2177 803 2217 836 et
2231 796 2412 848 religiosa
2423 797 2444 846 ’‚

437 852 628 892 salutavit.
688 854 825 893 Nostis
851 854 1018 894 domum
1044 855 1151 894 illam
1177 855 1392 906 antiquam,
1415 863 1473 896 tot
1499 859 1717 908 poetarum,
1744 865 1802 897 tot
1828 857 2118 910 episcoporum,
2146 864 2206 897 tot
2232 865 2445 910 martyrum

436 915 610 966 denique
626 916 817 956 memoria
832 916 1075 956 illustratam.
1134 917 1375 959 Meministis
1396 918 1543 959 Ridleii
1563 919 1686 971 ipsius
1706 921 1835 969 verba,
1854 920 2033 971 Collegio
2053 933 2126 960 suo
2145 920 2348 960 carissimo
2362 932 2444 959 non

436 976 521 1016 sine
547 977 744 1017 desiderio
770 978 1037 1028 valedicentis‚
1059 986 1098 1019 et
1124 981 1260 1019 hortos
1286 979 1374 1020 illos
1400 980 1566 1032 quietos,
1590 981 1810 1021 studiorum
1838 995 1999 1021 suorum
2023 995 2223 1022 sacrorum
2250 981 2443 1029 conscios

435 1051 559 1090 prope
578 1038 664 1090 ipsa
690 1039 866 1079 Paradisi
889 1040 1073 1089 confinia,
1096 1054 1117 1080 6
1143 1041 1362 1093 longinquo
1384 1042 1651 1094 alloquentis1.
1711 1044 1834 1093 Quod
1863 1043 1896 1083 si
1923 1043 2104 1083 Ridleius
2129 1043 2194 1083 ille
2221 1042 2444 1094 Collegium

435 1107 517 1139 tam
548 1101 738 1140 dilectum
771 1108 906 1152 posset
938 1101 1115 1149 revisere,
1147 1102 1350 1142 miraretur
1380 1104 1544 1143 fortasse
1579 1111 1638 1143 tot
1670 1105 1851 1144 aedificia
1883 1105 2046 1156 antiqua
2078 1104 2218 1153 diruta,
2249 1111 2308 1144 tot
2341 1116 2445 1143 nova

434 1162 475 1200 in
496 1174 634 1201 eorum
654 1163 788 1201 locum
807 1170 1027 1211 exstructa3
1057 1165 1127 1203 sed
1148 1163 1255 1203 idem
1275 1164 1317 1203 in
1337 1165 1504 1216 Collegii
1524 1165 1582 1204 sui
1603 1167 1781 1213 custode,
1799 1165 1901 1206 inter
1919 1173 1978 1206 tot
1997 1166 2103 1206 vices
2118 1166 2244 1206 virum
2265 1177 2444 1205 summae

434 1226 692 1273 constantiae,
717 1225 819 1265 inter
843 1225 1025 1265 hodierni
1054 1226 1243 1278 temporis
1272 1228 1526 1278 splendorem
1554 1227 1815 1279 simplicitatis
1843 1228 2031 1279 pristinae
2059 1228 2293 1279 praesidem,
2318 1229 2444 1267 laetus

433 1293 674 1336 agnosceret.
739 1287 940 1326 Gauderet
978 1287 1150 1339 denique
1188 1302 1280 1328 eum
1318 1289 1387 1340 qui
1425 1302 1513 1328 rure
1550 1291 1755 1340 quondam
1793 1298 1927 1341 pastor
1964 1291 2094 1330 bonus
2131 1303 2289 1341 gregem
2326 1301 2443 1329 suum

434 1349 602 1388 fideliter
639 1349 890 1398 custodierat,
927 1350 995 1401 qui
1032 1358 1172 1401 postea
1209 1351 1426 1402 discipulos
1464 1365 1557 1392 suos
1595 1352 1769 1392 consiliis
1802 1353 1974 1403 paternis
2007 1360 2113 1392 tutor
2144 1352 2441 1404 gubernaverat,

434 1413 607 1452 eundem
627 1420 666 1452 et
686 1413 914 1464 magistrum
935 1420 974 1452 et
994 1420 1165 1453 tutorem
1185 1427 1255 1465 per
1274 1414 1594 1465 quinquennium
1620 1414 1712 1454 felix
1738 1414 1917 1466 Collegio
1944 1428 2017 1454 suo
2041 1414 2188 1454 volenti
2214 1412 2440 1466 praefuisse.

435 1474 567 1524 Quem
595 1475 776 1515 Ridleius
804 1475 889 1527 ipse
913 1475 1142 1527 magistrum
1172 1476 1428 1527 probavisset,
1450 1476 1577 1516 virum
1606 1478 1725 1516 talem
1754 1490 1777 1516 a
1803 1477 1919 1516 nobis
1948 1477 2099 1516 laudari
2124 1490 2284 1529 prorsus
2312 1488 2443 1527 super-

433 1550 661 1576 vacaneum.
721 1538 938 1577 Recordati
957 1545 1091 1577 tamen
1111 1538 1151 1576 in
1172 1539 1249 1577 hoc
1269 1538 1357 1589 ipso
1377 1540 1478 1588 loco,
1499 1538 1647 1578 abhinc
1670 1552 1798 1578 annos
1817 1540 1898 1578 fere
1923 1539 2089 1590 triginta,
2111 1552 2193 1579 uno
2219 1539 2443 1590 eodemque

433 1598 509 1646 die,
545 1606 584 1638 et
618 1599 726 1638 hunc
757 1598 882 1638 virum
917 1606 955 1638 et
989 1600 1348 1639 Procancellarium
1381 1608 1561 1640 nostrum
1592 1599 1887 1651 dignissimum²
1919 1600 2120 1652 dignitatis
2150 1612 2245 1640 suae
2276 1599 2442 1651 gradum

433 1661 605 1712 primum
632 1675 718 1701 esse
745 1663 924 1714 adeptOS,
955 1664 1147 1702 laetamur
1178 1676 1269 1702 eum
1300 1662 1442 1714 ipsum,
1471 1663 1540 1714 qui
1570 1663 1638 1702 illo
1668 1663 1733 1702 die
1762 1662 1975 1702 iuventutis
2005 1662 2271 1703 Academicae
2300 1673 2443 1713 agmen

434 1724 574 1764 merito
604 1725 725 1772 duxit,
758 1726 879 1766 hodie
908 1726 1029 1777 ipsius
1058 1727 1277 1776 aequalem,
1309 1726 1516 1777 probitatis
1547 1733 1627 1765 tam
1658 1733 1858 1777 spectatae
1890 1725 2124 1776 praesidem,
2156 1726 2209 1765 ad
2242 1722 2442 1776 dignitatis

433 1793 566 1826 tantae
593 1788 761 1838 gradum
790 1787 976 1839 auspiciis
1005 1787 1166 1838 optimis
1195 1800 1281 1827 esse
1309 1787 1586 1827 admissurum.

540 1849 668 1889 Vobis
700 1857 910 1901 praesento
943 1849 1111 1902 Collegii
1143 1849 1445 1889 Pembrochiani
1482 1849 1729 1901 Magistrum,
1761 1849 1887 1889 virum
1920 1851 2192 1899 reverendum,
2227 1850 2442 1891 CAROLUM

435 1911 683 1950 EDVARDUM
713 1912 890 1951 SEARLE.

1242 2061 1296 2092 12
1333 2045 1465 2094 Nov.
1513 2047 1634 2106 1885

539 2167 623 2219 (92)
647 2169 784 2207 INTER
802 2170 985 2208 alumnos
1005 2175 1161 2208 nostros
1180 2181 1263 2207 non
1283 2168 1369 2208 sine
1388 2168 1572 2220 superbia
1587 2170 1760 2220 quadam
1780 2169 1867 2209 illos
1883 2182 2149 2218 numeramus,
2167 2168 2236 2220 qui
2250 2175 2439 2209 terrarum

431 2229 613 2268 omniurn
643 2236 780 2280 gentes
808 2229 944 2269 animo
972 2230 1143 2269 fraterno
1172 2230 1440 2281 contemplati,
1472 2230 1569 2269 nihil
1598 2231 1762 2270 humani
1790 2244 1814 2270 a
1845 2244 1886 2271 se
1919 2231 2093 2271 alienum
2123 2237 2334 2282 putarunt3
2370 2230 2440 2282 qui

432 2291 656 2331 communis
672 2291 928 2331 humanitatis
943 2304 1078 2331 amore
1093 2291 1247 2340 imbuti,
1264 2292 1421 2332 Africae
1437 2292 1537 2332 filios
1553 2292 1622 2332 diu
1637 2306 1848 2344 oppressos
1863 2293 1904 2332 in
1923 2293 2144 2332 libertatem
2160 2292 2437 2332 vindicarunt⁸.

434 2354 495 2392 Eo
515 2353 663 2393 maiore
683 2353 798 2404 igitur
816 2353 962 2404 gaudio
982 2367 1066 2402 nos,
1085 2353 1152 2405 qui
1173 2353 1369 2405 optimum
1390 2367 1590 2405 quemque
1610 2354 1732 2394 titulis
1753 2354 1895 2394 nostris
1916 2368 2065 2402 ornare,
2083 2361 2263 2394 nostrum
2282 2366 2436 2404 vocare,

432 2413 500 2453 diu
527 2414 816 2461 consuevimus,
837 2414 965 2465 gentis
991 2414 1095 2454 illius
1121 2415 1249 2454 civem
1273 2416 1472 2467 egregium
1492 2415 1648 2455 Artium
1677 2415 1913 2467 Magistrum
1939 2416 2059 2456 hodie
2083 2415 2348 2464 nominamus,
2369 2415 2439 2466 qui

431 2476 560 2515 honos
597 2483 691 2515 ante
729 2477 836 2515 hunc
874 2474 981 2515 diem
1018 2489 1043 2515 a
1079 2477 1196 2516 nobis
1234 2485 1340 2517 certe
1378 2477 1536 2517 habitus
1573 2484 1633 2517 est
1674 2478 1860 2516 Afrorum
1898 2477 2059 2517 nemini.
2132 2478 2224 2529 Ipse
2259 2476 2438 2528 gentium

430 2538 687 2589 plurimarum
707 2538 871 2589 linguas,
893 2539 1140 2589 perturbatas
1167 2539 1274 2590 prius
1303 2547 1342 2579 et
1367 2541 1563 2588 confusas,
1585 2540 1637 2579 ad
1663 2546 1815 2579 certum
1841 2542 2043 2591 quendam
2069 2539 2250 2580 ordinem
2275 2538 2436 2590 redegit,

431 2602 609 2640 redactas
635 2601 853 2640 litterarum
878 2601 1028 2641 lumine
1054 2601 1270 2650 illustravit,
1291 2602 1481 2653 verbique
1510 2602 1633 2642 divini
1661 2603 1820 2642 oracula
1842 2603 2057 2642 litterarum
2083 2609 2274 2642 novarum
2300 2614 2440 2641 monu-

433 2664 575 2704 mentis
603 2664 911 2704 commendavit.
971 2665 1087 2704 Idem
1117 2664 1254 2705 litteris
1283 2672 1322 2704 et
1350 2666 1527 2716 Anglicis
1556 2672 1595 2704 et
1624 2664 1835 2704 Hebraicis
1860 2671 1900 2704 et
1924 2664 2105 2703 Arabicis
2131 2664 2320 2712 eruditus,
2339 2670 2438 2714 quot

430 2727 650 2778 linguarum
685 2727 948 2774 difficultates,
977 2734 1126 2778 quanta
1158 2727 1358 2778 patientia,
1390 2734 1540 2778 quanto
1574 2726 1733 2778 ingenio
1763 2726 1981 2777 superavit!
2037 2725 2185 2767 Christi
2214 2725 2290 2765 sub
2317 2724 2438 2776 signis

431 2789 580 2829 fortiter
605 2791 830 2842 proeliatus,
852 2790 1007 2842 imperii
1035 2790 1138 2830 illius
1162 2792 1261 2830 fines
1287 2790 1515 2842 regionibus
1544 2803 1665 2841 quam
1693 2789 1865 2837 remotis,
1894 2790 1994 2828 ultra
2022 2788 2161 2828 fluvios
2184 2788 2301 2828 nobis
2329 2788 2436 2840 prius

430 2851 597 2903 ignotos,
619 2861 767 2904 quanta
786 2855 866 2894 fide
890 2853 1144 2905 propagavit!
1203 2854 1342 2892 ‘Haec
1368 2860 1426 2892 est
1450 2852 1612 2892 victoria
1635 2864 1737 2903 quae
1766 2852 1960 2890 mundum
1980 2850 2142 2890 vincit’‘
2153 2864 2165 2900 3
2193 2850 2287 2890 hinc
2313 2850 2437 2902 gloria

430 2914 564 2963 verior,
587 2916 679 2955 hinc
699 2918 805 2956 fama
824 2917 967 2968 purior,
989 2929 1110 2968 quam
1131 2916 1163 2955 si
1183 2915 1270 2967 quis
1292 2921 1301 2936 ‘
1315 2915 1467 2955 domita
1486 2928 1635 2954 nomen
1654 2915 1707 2953 ab
1726 2913 1859 2953 Africa
1878 2915 2050 2953 lucratus
2063 2912 2092 2931 ’⁵
2111 2913 2172 2954 sit.

537 2977 663 3016 Vobis
709 2985 918 3029 praesento
964 2977 1138 3017 fluminis
1181 2977 1293 3029 Nigri
1340 2976 1559 3028 Superioris
1605 2975 1955 3023 Archidiaconum,
1996 2971 2122 3014 virum
2160 2976 2433 3024 reverendum,-

432 3039 672 3078 HENRICUM
701 3042 911 3090 JOHNSON.

517 3131 527 3154 ¹
553 3133 631 3165 Chr.
650 3134 908 3167 WordSWOtth's
923 3135 1165 3167 Ecclm'astical
1176 3134 1380 3177 Biograplzy‚
1398 3134 1432 3166 iii
1454 3145 1524 3175 103,
1543 3134 1594 3166 ed.
1618 3134 1710 3174 1853.
1815 3135 1821 3140 '
1886 3130 1901 3151 2
1922 3133 1967 3165 N.
1985 3133 2034 3164 Μ.
2053 3132 2184 3164 Ferrers
2201 3130 2302 3174 (B.A.
2323 3129 2430 3172 1851).

428 3176 442 3196 3
466 3176 613 3208 William
628 3177 864 3216 Wilberforce3
888 3178 1036 3210 Thomas
1052 3178 1227 3210 Clarkson.
1350 3178 1365 3197 ⁴
1386 3178 1422 3209 S.
1436 3178 1568 3220 joann.
1585 3177 1650 3218 Ep.
1670 3184 1693 3215 1,
1713 3186 1734 3207 v
1750 3188 1781 3216 4.
1898 3174 1912 3194 ⁶
1935 3176 2080 3215 Horace,
2098 3176 2210 3208 Carm-
2227 3175 2260 3207 iv
2275 3175 2306 3213 8,
2327 3184 2376 3217 19.

1407 3262 1458 3300 50

2694 3454 2704 3590 ,2-...112'2222
2679 3293 2704 3447 ...vids-finio.
2686 3211 2704 3285 ssss‘k.
2696 3174 2704 3185 ,ι
