2704 3770
366 271 464 321 Sir
495 272 736 322 Edward
752 273 898 340 John
932 274 1169 339 Poynter.
1242 275 1296 322 E
1297 274 1481 323 dward
1514 276 1685 326 Caz'rd.
1758 279 1817 326 F.
1862 279 1915 327 C.
1954 280 2188 329 Penrose.

260 416 539 470 Shakespearii
567 419 693 459 nostri
721 419 957 460 memoriam
983 420 1202 472 sedemque
1229 421 1403 460 natalem
1429 427 1522 460 ante
1548 421 1685 462 omnia
1707 423 1841 471 coluit,
1864 436 2114 476 scaenaeque
2140 426 2292 466 Britan-

261 478 377 522 nicae
395 480 632 534 dignitatem
651 496 735 523 non
756 484 880 524 modo
899 483 1177 524 intemeratam
1196 483 1445 524 conservavit
1464 485 1536 524 sed
1555 484 1676 524 etiam
1699 484 1740 524 in
1762 485 1888 525 maius
1908 487 2078 526 adauxit.
2139 489 2288 538 Hodie,

260 543 360 584 dum
391 558 521 586 annos
546 546 630 587 duo
658 554 699 587 et
727 546 989 599 quadraginta
1017 560 1153 588 coram
1181 548 1333 599 populo
1361 555 1522 587 exactos
1551 547 1719 599 respicit,
1751 547 1784 587 si
1816 549 1925 588 velut
1957 549 2053 589 olim
2087 551 2290 602 Augustus

262 607 421 656 Caesar,
441 617 598 650 vosmet
617 609 725 662 ipsos
744 617 1054 662 percontaretur,
1076 610 1224 662 ecquid
1243 609 1357 650 vobis
1380 613 1390 631 ‘
1403 609 1601 650 videretur
1624 610 1792 651 mimum
1812 611 1916 652 vitae
1935 614 2151 654 commode
2171 621 2292 655 trans-

260 670 442 723 egisse'¹‚
462 672 548 714 sine
568 673 694 715 dubio
714 674 848 714 statim
868 681 1018 714 vestros
1038 675 1201 726 plausus
1220 673 1572 725 comprobantium
1591 673 1758 714 audiret.

371 734 492 776 Duco
511 737 564 777 ad
583 749 655 776 vos
674 743 855 778 actorum
875 736 1110 789 principem,
1133 738 1378 777 HENRICUM
1401 738 1570 777 IRva.

370 851 485 906 (289)
534 854 686 907 Regiae
723 854 882 895 Artium
920 854 1166 896 Academiae
1204 854 1428 907 praesidem
1466 855 1712 896 Academiae
1751 856 2090 908 Cantabrigiensis
2130 859 2292 900 nomine

259 915 430 956 libenter
449 918 676 958 salutamus.
739 919 956 958 Honorum
977 918 1077 959 serie
1096 926 1290 971 perpetua
1308 919 1512 970 probatus,
1533 918 1718 959 novimus
1738 932 1860 971 quam
1876 919 2051 968 feliciter,
2070 933 2152 960 non
2169 924 2293 963 modo

257 985 385 1019 artem
415 986 455 1020 et
485 980 691 1021 historiam
721 980 914 1033 pingendi
947 982 1148 1032 professus
1178 981 1240 1029 sit,
1267 982 1339 1021 sed
1365 980 1486 1021 etiam
1516 981 1661 1021 artium
1691 981 1838 1021 scholis
1866 982 2037 1034 publicis
2066 991 2106 1023 et
2134 984 2294 1035 pinaco-

244 1042 401 1083 *thecae
426 1043 612 1095 publicae
638 1043 861 1096 praefuerit.
921 1045 1056 1095 Quam
1085 1044 1228 1084 intima
1251 1044 1345 1084 artis
1376 1044 1606 1096 cognitione
1638 1044 1852 1096 praeditus,
1879 1059 1961 1085 non
1988 1046 2124 1086 tenuia
2153 1047 2292 1098 ampli-

258 1106 420 1148 ficando
457 1109 530 1148 sed
568 1108 734 1160 grandia
767 1108 900 1160 potius
931 1109 1187 1158 aemulando,
1220 1116 1347 1149 artem
1381 1121 1495 1149 suam
1528 1110 1611 1148 alto
1645 1108 1852 1160 proposito
1886 1109 2124 1150 destinavit!
2182 1112 2294 1161 Quot

257 1176 492 1222 argumenta
520 1170 672 1222 pictore
701 1184 848 1223 magno
877 1171 999 1222 digna
1026 1170 1167 1223 tetigit,
1187 1178 1378 1222 tactuque
1407 1184 1481 1211 suo
1510 1170 1688 1211 ornavit!
1747 1173 1857 1211 Dum
1887 1172 2018 1223 ipsum
2047 1171 2294 1223 respicimus,

257 1232 368 1273 venit
396 1247 530 1274 rursus
562 1233 605 1274 in
636 1242 814 1275 mentem
842 1234 955 1275 miles
990 1236 1201 1275 Romanus
1232 1248 1360 1286 usque
1390 1235 1443 1275 ad
1474 1242 1645 1275 mortem
1674 1234 1816 1282 fidelis,
1846 1235 1955 1279 venit
1985 1235 2171 1276 machina
2201 1236 2295 1276 belli

259 1297 448 1338 Romana
477 1298 710 1351 Carthagini
740 1300 938 1340 delendae
971 1298 1181 1347 destinata,
1217 1298 1383 1338 veniunt
1423 1299 1572 1338 Iduum
1608 1298 1844 1338 Martiarum
1878 1305 2063 1350 portenta
2075 1313 2086 1348 3
2124 1300 2294 1340 redeunt

259 1360 504 1402 Iudaeorum
541 1361 583 1402 in
621 1364 805 1415 Aegypto
842 1363 1024 1411 labores,
1064 1362 1166 1402 redit
1197 1361 1445 1413 Proserpina,
1481 1369 1522 1402 et
1557 1362 1819 1401 Andromeda
1832 1374 1843 1409 ς
1883 1361 1985 1401 redit
2019 1363 2218 1411 Atalanta,
2254 1369 2294 1402 et

260 1423 462 1464 Nausicaa
473 1439 485 1474 3
513 1426 683 1465 redeunt
709 1425 939 1477 Aesculapii
963 1432 1003 1466 et
1026 1425 1255 1466 Solomonis
1282 1424 1489 1477 hospitae3
1518 1438 1650 1465 rursus
1673 1426 1727 1465 ad
1749 1426 1915 1465 choreas
1941 1425 2110 1465 invitant
2133 1428 2294 1466 ‘Horae

258 1489 454 1529 Serenae'
466 1502 478 1538 ;
524 1490 614 1541 plus
652 1503 773 1542 quam
812 1491 937 1530 semel
974 1489 1151 1541 denique
1192 1492 1347 1529 ‘motus
1386 1489 1521 1529 doceri
1558 1490 1706 1541 gaudet
1746 1487 1908 1529 Ionicos
1943 1497 2097 1529 matura
2130 1489 2290 1541 virgo'2.

260 1551 434 1591 Dextrae
462 1558 522 1592 tot
550 1566 718 1604 operum
747 1553 963 1605 insignium
992 1552 1178 1593 consciae
1206 1553 1386 1592 dextram
1415 1552 1586 1592 libenter
1614 1552 1789 1604 hospitio
1818 1551 2029 1604 iungimus.

371 1614 490 1654 Duco
509 1614 562 1654 ad
582 1627 653 1654 vos
674 1614 869 1667 pictorem
889 1615 1094 1664 illustrem,
1115 1616 1377 1654 EDWARDUM
1399 1616 1603 1654 IOANNEM
1626 1617 1842 1655 PovNTER.

368 1730 484 1785 (290)
499 1733 708 1774 Proximus
723 1733 874 1774 incedit
890 1733 1060 1786 Collegii
1074 1733 1285 1774 Balliolani
1300 1733 1497 1785 magister,
1515 1732 1586 1773 viri
1601 1732 1756 1785 magni³
1769 1746 1975 1773 successor
1991 1746 2073 1773 non
2088 1733 2287 1786 indignus,

257 1800 414 1847 septem
439 1802 480 1836 et
506 1795 644 1848 viginti
669 1810 740 1848 per
762 1810 891 1837 annos
915 1798 1018 1837 inter
1041 1798 1309 1849 Glasguenses
1330 1797 1627 1849 philosophiam
1648 1799 1839 1838 moralem
1861 1797 2033 1837 maxima
2053 1811 2146 1838 cum
2171 1799 2291 1839 laude

257 1858 471 1910 professus.
529 1857 814 1910 Philosophiae
840 1859 1029 1900 studiosis
1056 1859 1161 1900 bene
1187 1866 1284 1899 nota
1309 1867 1402 1899 sunt
1425 1859 1630 1900 volumina
1655 1859 1733 1909 illa,
1761 1873 1865 1912 quae
1894 1859 1975 1900 sive
2005 1860 2155 1901 Comtii
2184 1874 2292 1912 prae-

257 1919 385 1972 ceptis
415 1920 588 1962 breviter
617 1922 904 1972 recensendis⁴,
934 1924 1017 1963 sive
1048 1922 1187 1962 Kantii
1226 1922 1506 1974 philosophiae
1540 1922 1699 1964 criticae
1732 1924 1822 1975 plus
1856 1937 1978 1975 quam
2004 1925 2128 1963 semel
2158 1923 2291 1964 lucide

256 1984 552 2036 exponendae³,
574 1986 657 2026 sive
680 1986 841 2038 Hegelii
860 1985 964 2026 illius
985 1985 1192 2026 doctrinae
1212 1993 1396 2026 accurate
1416 1987 1676 2038 explicandae
1691 1985 1922 2034 dedicavit⁶‚
1938 1986 2007 2038 qui
2022 2000 2070 2026 ex
2085 1986 2291 2039 discipulis

256 2045 338 2086 suis
367 2046 549 2098 plurimis
583 2048 825 2099 querebatur
854 2061 981 2088 unum
1020 2049 1151 2088 solum
1185 2061 1360 2100 eumque
1394 2062 1601 2100 perperam
1637 2061 1724 2088 sese
1757 2048 2026 2088 intellexisse⁷.
2086 2049 2203 2088 Idem
2238 2049 2290 2089 de

257 2107 539 2161 philosophiae
557 2117 599 2150 et
617 2109 836 2151 litterarum
857 2110 999 2151 studiis
1019 2110 1252 2162 exquisitius
1273 2110 1470 2160 disseruit,
1492 2118 1532 2151 et
1556 2112 1608 2151 de
1632 2110 1832 2163 religionis
1852 2110 2003 2163 origine
2023 2118 2063 2151 et
2079 2124 2290 2162 progressu

253 2169 378 2211 fusius
398 2170 645 2223 disputavit⁸.
704 2172 790 2212 Viri
810 2172 910 2212 tanti
930 2171 971 2212 in
991 2172 1179 2213 laudibus
1199 2187 1248 2213 eo
1265 2173 1421 2213 brevior
1436 2173 1558 2213 hodie
1578 2187 1679 2221 sum,
1697 2174 1808 2224 quod
1827 2173 1948 2213 etiam
1968 2174 2020 2214 de
2039 2173 2290 2225 philosophis

257 2233 412 2284 magnis
440 2246 579 2274 verum
613 2233 768 2275 videtur
801 2235 913 2286 quod
943 2235 1100 2275 Tullius
1134 2236 1185 2276 de
1215 2235 1472 2287 philosophia
1501 2235 1589 2287 ipsa
1621 2236 1718 2276 olim
1749 2235 1870 2276 dixit:
1915 2239 2156 2288 ‘numquam
2196 2235 2290 2276 satis

255 2295 410 2336 laudari
438 2295 559 2348 digne
588 2296 734 2348 poterit
762 2296 1019 2350 philosophia
1032 2299 1070 2337 '⁹.

368 2360 486 2400 Duco
505 2361 559 2400 ad
578 2373 649 2401 vos
669 2360 956 2413 philosophum
977 2360 1185 2413 insignem,
1210 2363 1467 2402 EDWARDUM
1489 2363 1642 2404 CA1RD.

366 2477 482 2531 (291)
518 2478 656 2519 Hodie
680 2480 869 2520 reducem
893 2480 1112 2519 salutamus
1135 2480 1344 2519 alumnum
1365 2486 1545 2520 nostrum
1565 2479 1634 2531 qui
1654 2479 1803 2519 abhinc
1821 2493 1950 2520 annos
1970 2481 2051 2521 fere
2070 2487 2224 2532 septem
2249 2488 2288 2521 et

256 2540 548 2594 quinquaginta
576 2542 788 2583 Thamesis
818 2543 920 2582 inter
947 2543 1078 2582 undas
1107 2556 1130 2582 e
1158 2542 1376 2582 certamine
1405 2542 1567 2582 nautico
1594 2556 1686 2582 cum
1714 2541 2012 2583 Oxoniensibus
2038 2543 2290 2583 commisso¹⁰

255 2605 380 2644 semel
403 2611 560 2645 tantum
583 2604 723 2655 victus,
745 2606 835 2657 plus
858 2619 981 2657 quam
1005 2607 1128 2646 semel
1149 2605 1275 2645 victor
1293 2607 1428 2645 evasit.
1488 2605 1596 2646 Olim
1618 2605 1862 2646 Academiae
1883 2605 2047 2646 nomine
2067 2606 2107 2646 in
2129 2606 2287 2646 Italiam

254 2673 294 2706 et
319 2666 531 2707 Graeciam
559 2667 715 2716 missus,
747 2668 799 2707 de
822 2667 1133 2708 Atheniensium
1158 2667 1317 2719 templis
1343 2681 1446 2719 opus
1470 2667 1670 2720 egregium
1696 2667 1834 2717 edidit,
1857 2667 1897 2707 in
1921 2681 2003 2719 quo
2024 2668 2288 2708 Parthenonis

253 2734 294 2768 et
330 2729 540 2769 columnas
570 2737 610 2770 et
644 2728 872 2781 epistylium
911 2729 1111 2770 columnis
1150 2729 1383 2782 impositum
1422 2729 1536 2770 lineis
1570 2743 1653 2770 non
1687 2729 1804 2770 rectis
1843 2731 1915 2770 sed
1948 2730 2085 2771 leviter
2117 2730 2288 2770 curvatis

254 2790 451 2832 contineri
481 2791 632 2844 primus
664 2792 846 2833 omnium
885 2792 1073 2842 ostendit,
1110 2800 1150 2833 et
1183 2793 1333 2833 ordinis
1369 2792 1508 2833 Dorici
1539 2792 1787 2834 maiestatem
1820 2793 1988 2834 artificio
2019 2800 2100 2834 tam
2131 2793 2288 2834 minuto

252 2853 431 2894 adiuvari
459 2855 792 2896 demonstravit11.
852 2857 969 2896 Idem
997 2869 1125 2908 nuper
1158 2857 1210 2897 de
1243 2856 1403 2908 templis
1437 2857 1600 2897 Graecis
1631 2858 1684 2897 ad
1718 2858 1850 2898 stellas
1884 2858 2081 2909 quasdam
2115 2857 2288 2898 orientes

343 2951 355 2974 ¹
379 2952 570 2992 Suetonius,
587 2955 772 2996 Augustus,
788 2965 841 2998 99.
996 2954 1010 2975 ²
1034 2956 1181 2995 Horace,
1205 2956 1318 2988 Carm-
1336 2955 1371 2988 iii
1387 2954 1419 2994 6,
1441 2965 1492 2995 21,
1512 2955 1570 2987 the
1585 2959 1693 2987 motto
1709 2954 1748 2987 of
1760 2955 1816 2988 the
1836 2956 1845 2972 ‘
1858 2955 1978 2988 Ionian
1995 2955 2113 2989 Dance
2124 2954 2133 2970 '
2148 2954 2188 2988 of
2204 2957 2284 2998 1895

255 2996 324 3029 and
345 2997 439 3040 1898.
571 2996 586 3018 ⁸
604 2998 730 3040 Jowett
748 2997 816 3041 (no.
839 3000 898 3041 158
913 2999 1043 3042 supra).
1184 2998 1199 3018 ⁴
1226 3001 1318 3039 1885.
1465 2998 1478 3018 ¹⁵
1507 3000 1587 3040 1878
1604 2999 1671 3031 and
1692 3000 1785 3042 1889.
1928 2997 1943 3019 ⁶
1969 3000 2064 3040 1883.
2205 2998 2220 3019 ⁷
2244 3003 2252 3017 ‘
2268 3000 2284 3031 I

251 3050 308 3073 am
323 3039 496 3074 downcast
511 3041 615 3074 about
630 3052 686 3084 my
706 3042 925 3086 Philosophy.
973 3044 1051 3082 For,
1070 3043 1110 3076 of
1127 3042 1172 3076 all
1191 3054 1247 3085 my
1267 3043 1436 3085 disciples,
1455 3053 1520 3075 one
1540 3043 1619 3084 only
1643 3043 1865 3075 understands
1888 3043 1932 3083 it;
1955 3043 2023 3076 and
2037 3043 2080 3076 he
2096 3043 2179 3076 does
2202 3048 2262 3076 not
2275 3043 2283 3058 ’

253 3083 479 3124 (Hamilton's
494 3086 722 3125 Discussions,
741 3097 775 3128 p.
792 3085 855 3130 697
868 3098 916 3127 n.,
935 3087 989 3120 ed.
1011 3086 1120 3129 1852).
1253 3085 1268 3106 ⁸
1290 3087 1426 3128 Essays,
1447 3088 1541 3128 1892,
1558 3086 1625 3118 and
1644 3086 1778 3128 Gzffzrd
1789 3087 1950 3125 Lectum,
1968 3088 2062 3130 1893.
2195 3086 2210 3108 ⁹
2232 3088 2286 3120 De

253 3128 329 3160 Sen.
353 3138 384 3160 2·
517 3127 546 3148 ¹⁰
573 3130 667 3170 1840,
687 3128 752 3171 '4¹¹
769 3129 833 3171 ’42
985 3129 1011 3151 ¹¹
1034 3131 1220 3173 Principles
1234 3130 1276 3172 of
1283 3131 1457 3163 Athenian
1473 3130 1715 3170 Architecture,
1739 3132 1833 3172 1851.

1242 3217 1316 3255 139
2048 3206 2174 3243 18—-2
