2704 3770
766 292 996 341 Willz'am
1029 291 1367 356 MacGregor.
1448 291 1659 342 Charles
1693 293 1841 342 Rieu.

290 437 470 490 martyris
494 437 712 479 Britannici
734 439 851 480 sedes
876 437 1105 491 provinciae
1133 445 1254 491 caput
1282 439 1420 479 denuo
1443 438 1672 489 constituta,
1698 439 1971 481 Camuloduni
1998 453 2046 480 ex
2074 441 2172 481 urbe
2198 454 2317 493 opem

287 501 562 554 auxiliumque
581 501 751 543 libenter
770 502 975 554 quaesivit.

399 567 520 606 Duco
537 567 591 607 ad
609 579 681 607 vos
701 566 894 619 Episcopi
912 565 1211 608 Verulamensis
1230 565 1467 614 adiutorem,
1491 565 1740 619 Episcopum
1761 567 2171 617 Camulodunensem,
2193 567 2318 608 virum

289 629 332 670 in
358 628 564 671 laboribus
592 630 712 671 sacris
738 631 938 672 obeundis
961 630 1218 679 indefessum,
1241 631 1282 669 in
1306 629 1482 670 consiliis
1509 629 1655 671 dandis
1681 629 2048 682 prudentissimum,
2076 632 2318 671 HENRICUM

289 694 570 735 Funmscum
590 696 806 746 JonNson.

1120 844 1180 891 28
1217 842 1331 892 Feb.
1380 843 1505 904 1895

400 962 515 1016 (241)
563 962 697 1003 ORBIS
735 969 926 1003 terrarum
964 962 1068 1002 inter
1104 961 1265 1011 insulas,
1305 967 1461 1014 praeter
1506 960 1760 1010 Australiam,
1801 960 1992 1001 latissime
2038 967 2148 1012 patet
2195 960 2324 1001 insula

289 1026 514 1066 Australiae
532 1023 634 1076 parti
654 1024 954 1076 septentrionali
974 1038 1022 1065 ex
1041 1025 1210 1065 adverso
1235 1023 1376 1076 posita.
1435 1025 1542 1064 Tota
1567 1023 1733 1075 quidem
1763 1022 1892 1063 insula
1919 1022 2058 1063 insulis
2084 1023 2323 1064 Britannicis

289 1089 416 1141 duplo
453 1087 580 1128 maior
590 1103 602 1138 ;
640 1087 794 1128 insulae
831 1094 968 1129 autem
1005 1101 1096 1140 pars
1133 1101 1158 1127 a
1196 1087 1397 1127 Britannis
1435 1094 1649 1140 occupata
1670 1086 1817 1139 Anglia
1854 1086 1940 1139 ipsa
1978 1086 2105 1127 maior
2141 1086 2321 1128 dimidio.

271 1149 464 1192 ‘Nostrae
490 1164 585 1192 vero
611 1150 795 1191 coloniae
823 1150 878 1190 ibi
902 1150 1244 1191 administrandae
1271 1149 1522 1202 praepositus
1545 1157 1605 1190 est
1628 1149 1686 1190 vir
1707 1148 1884 1202 insignis,
1907 1148 2003 1190 olim
2033 1149 2074 1189 in
2102 1150 2324 1190 Academia

290 1212 572 1254 Aberdonensi
609 1212 834 1254 medicinae
872 1214 1026 1262 doctor,
1066 1226 1194 1265 nuper
1231 1212 1486 1253 scientiarum
1524 1211 1792 1264 complurium
1832 1225 1915 1252 non
1954 1212 2079 1252 modo
2117 1213 2248 1252 fautor
2284 1220 2324 1253 et

289 1275 459 1326 adiutor,
491 1277 564 1317 sed
597 1275 718 1316 etiam
751 1275 837 1328 ipse
869 1283 1010 1316 auctor
1041 1283 1163 1327 atque
1196 1275 1453 1328 investigator
1485 1275 1720 1316 indefessus.
1782 1273 1979 1314 Praesidis
2012 1274 2138 1314 nostri
2164 1274 2323 1325 auxilio,

290 1339 645 1392 Anthropologiae,
667 1339 956 1392 Geographiae,
979 1339 1210 1392 Geologiae,
1232 1339 1319 1379 aliis
1348 1339 1525 1391 denique
1551 1338 1728 1380 scientiis
1753 1352 1858 1379 nova
1883 1339 1952 1379 lux
1972 1339 2130 1386 affulsit,
2152 1340 2256 1380 adeo
2282 1347 2326 1379 ut

290 1401 493 1443 coloniam
518 1401 628 1443 illam
656 1402 963 1443 remotissimam
990 1416 1073 1443 non
1099 1410 1181 1443 tam
1209 1402 1365 1455 imperii
1391 1403 1517 1443 nostri
1544 1404 1891 1455 propugnaculum
1918 1415 2040 1454 quam
2069 1402 2324 1443 scientiarum

289 1477 425 1505 arcem
461 1471 502 1506 et
539 1465 747 1505 castellum
785 1464 1051 1517 longinquum
1089 1465 1384 1518 appellaverim.
1443 1467 1507 1506 De
1546 1465 1793 1507 Caledoniae
1836 1465 1939 1513 filiis,
1979 1464 2127 1517 quibus
2174 1465 2324 1517 ubique

290 1535 482 1570 terrarum
501 1528 718 1582 plurimum
733 1529 856 1570 debet
872 1528 1088 1577 Britannia,
1106 1542 1414 1581 nonnumquam
1430 1528 1586 1578 dicitur,
1600 1542 1693 1569 cum
1709 1542 1871 1582 peregre
1890 1528 2034 1576 absint,
2051 1535 2137 1568 tum
2158 1529 2322 1569 demum

290 1603 380 1633 sese
409 1592 555 1633 sentire
585 1605 672 1633 esse
710 1592 834 1633 domi.
893 1592 1004 1633 Huic
1038 1592 1286 1634 Caledoniae
1319 1592 1402 1632 filio
1440 1592 1640 1645 paulisper
1672 1593 1810 1634 reduci
1842 1592 1986 1645 gratias
2019 1593 2141 1632 hodie
2174 1592 2324 1633 idcirco

290 1654 458 1707 agimus,
479 1656 604 1708 quod,
623 1669 647 1696 a
666 1655 793 1708 patria
811 1663 987 1705 vocatus,
1010 1669 1093 1696 non
1114 1657 1238 1696 modo
1258 1655 1413 1708 imperii
1432 1655 1557 1696 nostri
1580 1656 1622 1696 in
1646 1656 1868 1705 utilitatem,
1891 1657 1963 1697 sed
1989 1654 2109 1696 etiam
2135 1655 2325 1696 scientiae

290 1719 345 1760 ad
363 1720 548 1770 fructum,
569 1720 736 1773 patriam
757 1720 980 1772 relinquere
999 1727 1059 1760 est
1079 1719 1275 1772 dignatus.
1336 1720 1448 1760 Gens
1471 1727 1606 1760 autem
1628 1719 1696 1760 illa
1721 1719 1896 1772 antiqua,
1919 1733 1967 1759 ex
1996 1732 2075 1771 qua
2101 1727 2211 1759 ortus
2238 1732 2325 1759 esse

291 1781 516 1830 confitetur,
537 1783 634 1823 olim
663 1781 827 1823 sedibus
855 1782 1030 1834 paternis
1059 1783 1223 1835 expulsa
1251 1789 1291 1822 et
1319 1781 1408 1834 ipso
1437 1781 1602 1822 nomine
1625 1795 1785 1834 prorsus
1815 1781 1997 1834 privata1,
2023 1781 2158 1827 hodie,
2183 1780 2322 1821 talium

289 1843 464 1884 virorum
482 1843 642 1894 auxilio,
663 1858 747 1884 non
771 1844 857 1885 sine
880 1844 1056 1894 nomine,
1079 1857 1162 1885 non
1187 1845 1273 1885 sine
1294 1844 1419 1897 gloria
1442 1852 1512 1884 est.
1574 1844 1735 1884 Etenim
1756 1857 1854 1896 gens
1876 1844 1942 1884 illa
1961 1843 2140 1895 Alpina2,
2161 1851 2322 1895 gentem

286 1907 542 1949 fortissimam
563 1921 587 1949 a
606 1911 725 1961 poeta
746 1910 937 1949 Romano
957 1909 1164 1961 quondam
1186 1909 1391 1948 laudatam
1411 1910 1623 1957 aemulata,

889 1986 899 2005 ‘
915 1981 1026 2023 duris
1054 1989 1098 2022 ut
1126 1982 1204 2022 ilex
1231 1989 1348 2023 tonsa
1377 1981 1634 2033 bipennibus,

916 2037 1050 2089 nigrae
1079 2036 1199 2078 feraci
1227 2036 1379 2077 frondis
1408 2036 1449 2076 in
1478 2035 1639 2088 Algido,

971 2105 1043 2144 per
1069 2093 1230 2140 damna,
1261 2105 1332 2144 per
1359 2091 1517 2139 caedes,
1547 2091 1599 2131 ab
1628 2090 1717 2143 ipso

1028 2146 1140 2187 ducit
1169 2159 1267 2198 opes
1295 2145 1559 2198 animumque
1588 2147 1691 2186 ferro
1707 2145 1745 2185 ²⁸.

400 2223 520 2262 Duco
539 2222 592 2263 ad
611 2235 683 2263 vos
703 2222 880 2275 equitem
900 2222 1110 2275 insignem,
1131 2224 1410 2264 WILLELMUM
1432 2223 1729 2263 MAcGREGOR.

1097 2374 1123 2422 7
1159 2361 1349 2410 Marclz
1392 2377 1408 2409 1
1420 2362 1515 2423 895

399 2476 514 2530 (242)
552 2478 654 2516 V1R1
688 2477 1015 2518 desideratissimi
1048 2485 1211 2530 propter
1243 2478 1511 2519 eruditionem
1542 2477 1805 2530 multiplicem
1841 2477 2109 2518 celeberrimi‘²
2146 2477 2186 2516 in
2218 2478 2322 2526 loco,

289 2541 485 2581 laetamur
512 2553 651 2593 nuper,
681 2548 831 2582 statuto
859 2541 1027 2593 antiquo
1056 2541 1097 2581 in
1127 2541 1269 2582 melius
1298 2549 1465 2591 mutato,
1493 2542 1653 2594 linguae
1680 2541 1877 2582 Arabicae
1911 2543 2176 2594 professorem
2205 2540 2324 2581 nobis

288 2603 568 2657 dignissimum
583 2617 671 2645 esse
690 2605 843 2646 datum.
902 2605 1042 2646 Hodie
1062 2618 1154 2646 vero
1174 2606 1350 2646 eundem
1366 2605 1530 2646 honoris
1550 2618 1671 2645 causa
1690 2604 1849 2645 Artium
1872 2604 2109 2657 Magistrum
2125 2617 2320 2654 creamus,

291 2674 511 2720 nostroque
548 2668 713 2709 Senatui
750 2668 920 2709 libenter
960 2668 1160 2709 addimus.
1229 2668 1356 2720 Atqui
1398 2668 1574 2709 fluminis
1623 2667 1758 2708 Rheni
1799 2668 1841 2708 in
1884 2667 1979 2720 ripa,
2019 2668 2061 2707 in
2101 2666 2323 2707 Academia

290 2730 510 2779 Bonnensi,
534 2731 684 2772 abhinc
711 2745 840 2772 annos
869 2731 1159 2784 quinquaginta
1186 2739 1348 2784 propter
1375 2730 1562 2772 eximiam
1592 2732 1815 2782 linguarum
1846 2729 2111 2771 Orientalium
2139 2729 2322 2781 peritiam

291 2793 576 2846 Philosophiae
615 2796 770 2836 Doctor
802 2794 899 2836 olim
938 2802 1194 2846 nuncupatus
1231 2802 1302 2835 est.
1362 2794 1427 2835 Ibi
1466 2795 1518 2834 de
1555 2799 1698 2846 poetae
1733 2793 1943 2834 cuiusdam
1977 2792 2141 2833 Arabici
2175 2793 2255 2833 vita
2282 2800 2323 2833 et

290 2855 535 2897 carminibus
567 2856 950 2898 commentationem
982 2858 1206 2898 luculenter
1239 2856 1497 2909 conscripsit⁶
1509 2871 1520 2906 5
1554 2856 1623 2906 ibi,
1655 2869 1747 2896 cum
1782 2857 1934 2909 collega
1968 2855 2203 2896 doctissimo
2229 2868 2322 2895 con-

291 2919 497 2970 sociatus⁶,
535 2920 694 2973 linguae
731 2921 998 2962 Sanskriticae
1040 2922 1272 2961 thesaurum
1315 2919 1638 2973 copiosissimum
1678 2919 1836 2980 edidit⁷.
1906 2921 2052 2959 Postea
2092 2918 2133 2958 in
2174 2920 2322 2959 Museo

380 3018 392 3040 ¹
416 3019 459 3052 In
478 3019 572 3062 1603.
619 3019 683 3054 See
706 3020 760 3055 Sir
780 3020 911 3054 Walter
932 3019 1037 3055 Scott’
1039 3031 1054 3053 s
1077 3020 1311 3053 Introduction
1335 3025 1371 3052 to
1393 3019 1464 3052 Rob
1486 3020 1559 3061 Roy
1561 3019 1654 3057 ‚and
1669 3018 1721 3051 his
1737 3017 1972 3061 MacGregor’s
1991 3018 2175 3060 Gathermg
2194 3016 2320 3061 (1816),

342 3063 421 3096 ‘the
436 3063 524 3097 Clau
538 3063 600 3097 has
615 3074 636 3096 a
650 3075 749 3098 name
764 3065 862 3098 that'
852 3076 881 3098 is
896 3064 1062 3098 nameless
1076 3065 1122 3108 by
1136 3063 1234 3107 day’.
1346 3062 1360 3083 2
1383 3063 1458 3096 The
1477 3063 1564 3096 Clan
1582 3063 1718 3105 Alpme.
1829 3061 1843 3082 ³
1867 3063 2014 3102 Horace,
2037 3063 2152 3095 Carm-
2169 3062 2202 3094 iv
2218 3074 2250 3103 4,
2268 3070 2321 3103 57.

291 3106 307 3127 ⁴
327 3106 383 3140 W.
401 3108 593 3140 Robertson
610 3108 732 3147 Smhh,
749 3119 805 3141 no.
821 3108 863 3142 62
880 3114 995 3152 supra.
1128 3107 1142 3127 ⁶
1164 3108 1270 3140 Abul-
1273 3107 1351 3147 A,1a
1375 3109 1469 3149 1843.
1611 3106 1625 3126 ‘⁵
1649 3106 1845 3149 B‘ohtlingk.
1991 3106 2005 3130 7
2030 3106 2303 3139 Hemachandra'
2307 3116 2322 3138 s

294 3151 492 3194 Dictionary
507 3152 545 3183 of
558 3152 712 3185 Sanskrit
730 3153 931 3195 Synonyms‚
949 3153 988 3186 St
1006 3153 1216 3194 Petersburg‚
1238 3153 1331 3194 1847.

1266 3238 1282 3263 1
1294 3239 1308 3263 1
1317 3239 1340 3277 9
