2704 3770
675 318 876 383 Eduyn
911 317 1152 367 Hoskz'ns.
1215 318 1360 385 John
1395 319 1692 367 Nathanz‘el
1723 319 1903 379 Quz'rk.

269 464 532 507 celeberrimo
563 464 693 517 ipsam
726 464 973 506 Praetoriam*
1006 464 1197 516 auspiciis
1229 463 1393 516 optimis
1430 471 1525 505 sunt
1561 464 1739 517 ingressi.
1795 467 1872 506 Rei
1910 474 1992 506 tam
2027 468 2131 508 bene
2167 476 2302 520 gestae

270 529 487 580 praeconio
508 540 642 580 neque
667 526 847 569 centuria
866 527 933 568 illa
958 528 1181 568 fraudanda
1203 534 1275 575 est,
1297 526 1362 567 cui
1381 526 1534 566 alumni
1561 526 1686 566 nostri
1706 535 1799 567 sunt
1818 527 2036 579 adscripti1,
2060 543 2191 581 neque
2217 530 2302 581 ipse

271 590 463 641 contusio,
485 590 552 633 cui
570 591 818 632 Academiae
836 590 960 632 totius
978 590 1145 632 nomine
1163 590 1306 642 gratias
1326 589 1450 630 hodie
1468 589 1623 642 agimus
1642 597 1683 630 et
1706 590 1903 631 habemus
1927 590 2129 631 maximas.
2188 593 2303 644 Opus

270 655 441 696 arduum
467 661 508 695 et
530 656 695 707 longum
717 653 855 695 animo
880 661 920 695 et
939 653 1140 706 intrepido
1160 661 1200 693 et
1218 653 1422 694 indefesso
1444 666 1663 705 aggressus,
1686 667 1770 694 rem
1799 654 1854 694 ita
1877 655 2014 695 dexter
2037 654 2126 706 egit,
2148 662 2192 695 ut
2221 669 2303 695 non

272 719 398 759 modo
423 717 539 759 ducis
561 716 638 758 sibi
663 717 902 770 praepositi²
920 718 992 758 sed
1014 717 1135 759 etiam
1162 716 1334 757 militum
1361 729 1525 757 suorum
1549 717 1689 756 laudes
1716 716 1765 757 sit
1790 718 1972 768 adeptus.
2031 717 2183 757 Videor
2206 717 2304 756 mihi

270 781 411 823 audire
429 795 479 822 ex
496 781 670 822 alumnis
690 781 836 822 nostris
855 781 978 821 alium
998 789 1121 833 atque
1139 780 1262 821 alium
1282 779 1353 820 viri
1373 779 1515 832 optimi
1535 781 1676 820 laudes
1690 780 1828 820 animo
1841 787 1954 832 grato
1969 788 2302 832 prosequentem:

273 846 363 886 ‘me
391 844 527 886 labore
555 846 716 895 lassum,
738 846 838 885 febri
866 846 1027 893 fessum,
1049 843 1261 885 recreavit'
1274 858 1285 893 3
1316 845 1404 884 ‘me
1430 844 1584 883 salvum
1611 842 1886 895 sospitemque
1909 844 2077 883 domum
2102 843 2279 884 reduxit’
2293 858 2304 892 ;

271 908 520 960 ‘numquam
555 908 646 959 plus
675 906 790 947 militi
820 906 968 947 laboris
997 905 1189 958 imposuit
1218 919 1338 958 quam
1369 904 1446 945 sibi
1474 904 1645 957 sumpsit
1672 904 1760 957 ipsi,
1791 918 1884 945 cum
1913 904 2037 954 fortis,
2068 912 2154 945 tum
2182 905 2303 945 etiarn

270 969 416 1011 felix'⁸.
472 971 617 1011 Virum
636 963 718 1010 tam
738 971 894 1020 fortem,
917 978 1000 1011 tam
1019 970 1189 1020 felicem,
1211 977 1252 1010 et
1270 970 1326 1010 ob
1346 969 1532 1009 virtutem
1553 969 1656 1010 inter
1674 983 1785 1010 arma
1803 970 2026 1022 probatam,
2047 977 2088 1010 et
2107 970 2162 1010 ob
2181 970 2304 1009 fidem

270 1047 364 1087 erga
381 1035 566 1075 alumnos
582 1042 741 1075 nostros
755 1042 987 1088 spectatam,
1002 1042 1095 1087 toga
1110 1042 1247 1075 nostra
1260 1033 1493 1075 academica
1507 1034 1699 1075 vestimus
1714 1034 1913 1086 tituloque
1927 1041 2065 1074 nostro
2081 1033 2305 1074 honorifico

269 1095 443 1138 libenter
461 1097 713 1138 decoramus.

380 1160 502 1201 Duco
529 1160 583 1200 ad
609 1173 683 1200 vos
710 1158 839 1200 virum
868 1160 920 1200 de
949 1159 1181 1208 Academia,
1203 1159 1256 1200 de
1285 1158 1553 1211 cantabrigia,
1576 1159 1629 1199 de
1657 1158 1784 1211 patria
1812 1159 1917 1199 bene
1941 1157 2139 1208 meritum,
2162 1159 2307 1199 Canta-

272 1220 422 1275 brigiae
441 1221 571 1263 civem
586 1221 799 1275 egregium,
822 1222 1059 1262 Gssonmum
1081 1223 1370 1262 sznumcum
1393 1223 1654 1261 WH1TMORE.

1113 1359 1137 1407 5
1177 1345 1298 1394 Dec.
1344 1360 1361 1393 1
1372 1360 1463 1406 901

381 1445 499 1499 (344)
518 1447 774 1489 CofflTATUS
795 1447 1110 1488 Lancastriensis
1130 1461 1252 1499 quam
1273 1448 1353 1487 late
1372 1454 1518 1498 pateat,
1539 1454 1639 1499 quot
1653 1445 1795 1487 incolis
1815 1445 2096 1486 sollertissimis
2111 1445 2303 1493 abundet,

271 1509 515 1562 oppidorum
548 1509 814 1550 maximorum
848 1509 1106 1550 multitudine
1139 1523 1262 1561 quam
1291 1509 1436 1561 insigni
1466 1510 1615 1558 floreat,
1647 1509 1840 1560 episcopo
1873 1507 2050 1560 denique
2083 1520 2206 1558 quam
2239 1508 2306 1547 ad-

272 1570 444 1613 mirabili
479 1572 663 1624 gaudeat,
699 1571 851 1611 nemini
883 1579 1058 1612 vestrum
1092 1572 1274 1624 ignotum
1309 1584 1396 1612 esse
1438 1570 1685 1611 arbitramur.
1745 1571 1886 1622 Nuper
1924 1570 1993 1610 illo
2031 1569 2073 1609 in
2111 1568 2305 1610 comitatu

273 1633 466 1687 episcopo
514 1633 811 1682 Mancuniensi,
851 1633 948 1674 olim
990 1635 1156 1674 alumno
1198 1641 1348 1681 nostro,
1387 1646 1509 1686 quem
1548 1632 1713 1673 honoris
1751 1646 1872 1673 causa
1909 1632 2304 1680 commemoramus⁴,

271 1696 433 1739 adiutor
451 1696 569 1737 datus
588 1703 649 1736 est
668 1697 855 1736 alumnus
875 1703 1011 1736 noster
1032 1697 1141 1745 alter,
1164 1709 1285 1748 quem
1310 1695 1474 1735 honoris
1499 1708 1619 1735 causa
1644 1694 1766 1735 hodie
1790 1695 2020 1735 salutamus.
2079 1695 2307 1734 Salutamus

271 1759 401 1802 virum
419 1767 460 1802 et
479 1760 578 1801 ruris
597 1759 742 1801 remoti
761 1759 802 1800 in
823 1759 1040 1800 solitudine
1060 1767 1100 1800 et
1119 1759 1278 1799 urbium
1304 1772 1538 1811 magnarum
1561 1757 1602 1797 in
1627 1758 1744 1798 turba
1766 1765 1990 1810 spectatum
2015 1765 2055 1798 et
2078 1757 2303 1810 probatum,

272 1823 344 1878 qui
361 1824 415 1865 ab
437 1823 629 1877 episcopo
652 1823 722 1864 illo
744 1825 798 1864 ad
823 1823 1060 1864 comitatum
1087 1822 1435 1863 Lancastriensem
1458 1821 1608 1861 abhinc
1633 1834 1762 1861 annos
1786 1835 1855 1862 sex
1878 1828 2054 1870 vocatus,
2076 1828 2116 1861 et
2142 1818 2306 1859 honoris

271 1899 393 1929 eausa
411 1886 605 1928 ecclesiae
624 1885 863 1927 cathedralis
885 1885 1190 1926 Mancuniensis
1210 1885 1313 1925 inter
1332 1883 1549 1924 canonicos
1565 1891 1707 1936 postea
1724 1883 1960 1936 adscriptus,
1978 1883 2125 1924 civium
2145 1881 2307 1923 ordines

271 1949 375 1992 inter
421 1963 563 1990 omnes
601 1948 818 2002 plurimum
856 1950 1007 2002 pollere
1044 1948 1287 2002 perhibetur.
1359 1948 1477 1987 Idem
1519 1954 1558 1987 et
1602 1946 1751 1998 ingenii
1789 1946 1961 1988 sollertia
1999 1953 2039 1987 et
2077 1944 2307 1998 eloquentia

270 2012 497 2055 admirabili
528 2020 569 2054 et
596 2012 720 2053 animi
750 2012 790 2053 vi
818 2013 994 2065 quadam
1021 2010 1245 2064 magnetica
1274 2010 1505 2063 praesertim
1534 2009 1751 2062 praeditus,
1782 2010 1965 2050 omnium
1994 2023 2109 2049 aures
2137 2009 2190 2048 ad
2219 2021 2306 2048 sese

271 2075 444 2125 attrahit,
466 2075 648 2117 omnium
672 2076 795 2116 corda
814 2076 867 2116 ad
890 2075 1031 2116 altiora
1053 2082 1205 2115 avocat.
1265 2075 1382 2114 Iuvat
1407 2086 1457 2113 eo
1483 2071 1737 2125 potissimum
1760 2086 1870 2112 anno
1893 2074 2101 2112 alumnum
2126 2079 2306 2111 nostrum

271 2137 378 2180 bene
403 2138 589 2179 meritum
615 2137 861 2178 Academiae
889 2137 1055 2178 nomine
1083 2137 1257 2185 laudare,
1279 2148 1361 2188 quo
1390 2134 1449 2175 vir
1476 2134 1578 2175 inter
1609 2134 1922 2175 Mancunienses
1951 2132 2181 2186 praesertim
2210 2132 2307 2173 olim

272 2199 517 2250 notissimus,
552 2214 674 2253 quem
707 2200 849 2241 abesse
886 2200 1009 2240 hodie
1047 2200 1305 2240 vehementer
1343 2198 1540 2245 dolemus,
1575 2204 1615 2238 et
1652 2197 1899 2237 Academiae
1931 2196 2016 2246 toti,
2052 2203 2092 2236 et
2126 2195 2307 2248 Collegio

273 2262 457 2303 omnium
484 2262 764 2315 antiquissimo
792 2263 845 2303 ab
874 2261 1065 2315 episcopo
1090 2260 1242 2301 Eliensi
1265 2260 1473 2313 quondam
1503 2260 1684 2307 fundato,
1705 2259 1892 2312 auspiciis
1921 2259 2084 2312 optimis
2112 2266 2172 2299 est
2201 2272 2309 2310 prae-

274 2325 457 2379 positus⁸.
518 2324 651 2365 Etiam
686 2324 910 2377 Collegium
941 2325 1109 2364 alterum
1142 2323 1195 2363 ab
1227 2323 1307 2362 alio
1337 2321 1529 2374 episcopo
1564 2321 1716 2362 Eliensi
1748 2330 1889 2374 postea
1922 2323 2135 2361 fundatum
2166 2321 2308 2361 merito

273 2385 498 2427 iactamus⁸.
559 2388 677 2426 Duco
709 2387 763 2427 ad
802 2399 871 2426 vos
905 2385 1074 2437 Collegii
1113 2385 1217 2425 illius
1250 2383 1489 2437 episcopalis
1522 2385 1729 2436 quondam
1761 2384 2015 2436 discipulum,
2050 2384 2178 2423 virum
2211 2383 2307 2423 olim

274 2447 496 2502 remigandi
523 2448 819 2502 peritissimum,
852 2461 959 2488 nunc
988 2447 1181 2488 ecclesiae
1213 2446 1500 2499 gubernandae
1529 2444 1786 2496 destinatum,
1818 2447 2048 2486 EnvaUM
2085 2447 2305 2494 Hosxvns,

275 2511 512 2565 episcopum
542 2510 878 2553 Burnleiensem⁷.

1109 2616 1168 2648 22
1206 2599 1340 2664 May
1382 2613 1504 2660 1902

385 2704 502 2757 (345)
532 2705 877 2744 Ancmmscopo
904 2701 1164 2751 Eboracensi,
1194 2702 1360 2741 alumno
1389 2707 1527 2741 nostro
1556 2699 1732 2753 insigni⁸,
1759 2700 1919 2742 adiutor
1947 2714 2075 2754 nuper
2103 2702 2221 2742 datus
2249 2709 2310 2742 est

275 2768 463 2810 alumnus
488 2775 624 2809 noster
648 2769 756 2817 alter,
780 2780 901 2820 quem
928 2766 1050 2808 hodie
1074 2779 1158 2807 non
1184 2764 1270 2806 sine
1292 2763 1442 2817 gaudio
1466 2764 1697 2804 salutamus.
1757 2763 1925 2816 Collegii
1955 2764 2046 2804 Divi
2074 2764 2239 2805 Ioannis
2262 2778 2311 2805 ex

363 2856 377 2880 ¹
399 2858 475 2892 The
489 2859 674 2892 Volunteer
688 2859 867 2902 Company
881 2859 920 2892 of
931 2858 988 2891 the
1004 2857 1136 2892 Suffolk
1154 2856 1346 2899 Regiment.
1596 2854 1609 2875 ²
1634 2855 1776 2888 Colone}
1793 2856 1837 2889 G.
1855 2857 1895 2888 F.
1914 2856 1953 2890 C.
1973 2856 2184 2889 Mackenzie.
2233 2858 2242 2873 ‘
2254 2856 2311 2889 No

276 2901 526 2945 commanding
542 2903 666 2937 Officer
687 2903 787 2936 could
811 2903 896 2935 wish
918 2907 954 2935 to
976 2902 1063 2935 have
1086 2913 1105 2934 a
1130 2901 1212 2933 finer
1235 2900 1326 2942 body
1341 2899 1380 2932 of
1398 2910 1475 2932 men
1496 2899 1604 2932 under
1625 2899 1678 2931 his
1697 2900 1888 2932 command.
1930 2901 1963 2933 It
1985 2900 2046 2933 has
2068 2906 2127 2933 not
2149 2901 2234 2933 been
2250 2911 2312 2932 our

276 2945 409 2979 fortime
424 2951 460 2979 to
475 2957 531 2980 see
546 2947 647 2980 much
661 2946 815 2990 fighting,
832 2947 892 2979 but
907 2957 959 2979 we
974 2947 1060 2978 have
1071 2945 1139 2977 had
1155 2955 1259 2978 some.
1307 2944 1372 2976 We
1385 2943 1523 2976 entered
1541 2943 1691 2976 Pretoria
1702 2943 1785 2976 with
1801 2944 1893 2976 Lord
1911 2945 2069 2983 Roberts,
2087 2944 2154 2976 and
2171 2944 2310 2976 Barber-

275 2994 336 3023 ton
350 2989 433 3023 with
448 2990 594 3024 General
612 2991 640 3023 F
642 2990 755 3030 rench,
773 2990 841 3023 and
861 2990 900 3023 of
918 2991 1000 3033 long
1017 2990 1169 3022 marches
1184 2988 1251 3021 and
1266 2988 1350 3020 hard
1368 2987 1461 3019 work
1477 2987 1512 3019 in
1528 2986 1697 3029 repairing
1711 2987 1779 3019 and
1800 2988 1941 3031 holding
1961 2988 2115 3030 railways
2130 2989 2197 3020 and
2214 2988 2312 3021 roads

277 3043 327 3067 we
342 3033 430 3067 have
445 3034 512 3067 had
527 3045 549 3067 a
564 3035 624 3067 fun
640 3034 736 3067 share
746 3033 768 3072 ³,
785 3035 908 3078 Report
921 3045 939 3066 o
974 3033 1170 3075 Cambridge
1189 3032 1385 3072 University
1408 3031 1604 3070 Voluntaers,
1627 3041 1639 3063 1
1694 3041 1722 3071 ι,
1737 3042 1769 3074 p.
1787 3041 1818 3074 9.
2059 3031 2073 3052 ³
2098 3033 2211 3076 Partly
2226 3032 2311 3065 from

276 3076 410 3117 Cicero,
424 3083 487 3120 pro
503 3079 664 3118 Murena,
684 3080 735 3120 38.
886 3077 901 3098 ⁴
943 3088 1036 3110 ames
1054 3077 1273 3115 Moorhouse,
1293 3075 1388 3108 D.D.
1536 3074 1550 3095 ⁶
1571 3076 1616 3108 A.
1682 3098 1690 3107 .
1707 3075 1823 3113 Ward,
1841 3075 1988 3115 Litt.D.,
2008 3076 2135 3108 Master
2150 3076 2190 3109 of
2202 3077 2311 3109 Peter-

277 3121 396 3161 house,
412 3121 491 3154 who
505 3132 574 3156 was
589 3122 671 3155 then
686 3122 1001 3155 viee-Chauceuor.
1236 3119 1250 3140 ⁸
1269 3120 1367 3163 Jesus
1382 3118 1534 3162 College.
1762 3117 1777 3140 ⁷
1800 3119 1927 3162 Bishop
1943 3119 1981 3152 of
1994 3119 2192 3160 Southwell‚
2216 3130 2307 3164 ¹904·

275 3163 290 3186 ⁸
311 3164 391 3197 Wm
408 3165 606 3210 Dalrymple
624 3166 815 3208 Maclagan,
836 3166 930 3197 D.D.

387 3250 418 3279 s.
437 3250 470 3279 s.
1262 3238 1334 3276 161
2155 3250 2199 3276 21
