2704 3770
462 351 610 399 Lord
638 349 963 398 Lansdowne.
1035 347 1130 396 Sir
1161 347 1359 410 Pratap
1397 346 1571 411 Sz‘nglc.
1643 346 1738 394 Sir
1771 345 1981 394 Samuel
1998 344 2177 409 sames
2224 343 2358 407 Way.

1221 536 1277 584 17
1302 522 1444 588 June
1489 523 1609 582 1897

513 644 626 698 (263)
666 646 845 683 PRIMUM
883 643 1064 683 omnium
1101 643 1316 682 salutamus
1350 640 1471 680 hodie
1504 640 1672 680 Scholae
1707 637 1920 678 Etonensis
1958 636 2209 688 discipulum,
2247 635 2418 688 Collegii

409 706 618 747 Balliolani
654 707 873 754 alumnum,
907 704 975 756 qui
1013 704 1218 758 quondam
1252 702 1433 743 coloniae
1467 709 1625 742 nostrae
1659 699 1962 740 florentissimae
2002 698 2240 747 Canadensi,
2275 698 2422 738 deinde

408 769 575 821 imperio
609 775 744 808 nostro
783 767 956 806 maximo
990 766 1091 806 inter
1125 767 1261 814 Indos,
1292 764 1394 804 inter
1427 764 1607 804 omnium
1640 762 1971 815 approbationem
2004 775 2074 813 per
2103 760 2422 813 quinquennium

408 831 666 883 praepositus,
688 843 823 881 nuper,
845 828 999 880 imperii
1022 828 1142 868 totius
1168 827 1209 866 in
1232 827 1319 878 ipso
1345 826 1487 877 capite,
1508 825 1563 866 rei
1586 825 1743 865 militari
1768 824 2106 864 administrandae
2133 823 2304 863 maxima
2328 836 2422 863 cum

409 896 528 934 laude
557 907 627 945 per
660 892 866 933 biennium
899 891 1078 942 praefuit.
1137 892 1332 941 Magnum
1365 897 1435 938 est,
1467 896 1506 929 et
1538 888 1699 929 orientis
1733 895 1772 928 et
1801 887 2020 927 occidentis
2054 886 2148 927 solis
2178 886 2219 926 in
2249 885 2421 938 regione,

411 955 589 1007 Reginae
621 955 822 995 Victoriae
858 953 1046 993 vicariurn
1084 952 1283 1004 egregium
1320 951 1513 991 exstitisse
1525 965 1536 999 3
1583 964 1773 1002 magnum
1810 949 1942 998 etiam,
1977 948 2141 1000 imperii,
2182 949 2293 1000 quod
2329 947 2424 988 solis

411 1031 598 1058 occasum
618 1017 753 1065 nescit,
771 1018 823 1056 ad
838 1017 1006 1055 salutem
1021 1028 1288 1062 communem,
1306 1013 1498 1054 exercitus
1515 1013 1729 1053 Britannici
1748 1013 1863 1052 saluti
1883 1012 2088 1052 universae
2108 1019 2242 1052 mente
2256 1010 2423 1063 provida

411 1081 629 1119 consulere.
687 1077 858 1126 Etenim,
894 1084 938 1116 ut
970 1076 1133 1116 oratoris
1164 1075 1325 1116 maximi
1355 1075 1483 1115 verbis
1521 1082 1618 1123 utar,
1655 1077 1831 1114 ‘summa
1869 1074 2040 1126 dignitas
2078 1081 2137 1114 est
2174 1073 2216 1112 in
2254 1072 2320 1121 eis,
2356 1071 2426 1123 qui

414 1140 570 1179 militari
595 1141 713 1180 laude
738 1140 980 1179 antecellunt
994 1152 1004 1187 3
1033 1137 1169 1177 omnia
1195 1137 1313 1187 enim,
1337 1150 1439 1189 quae
1465 1143 1557 1176 sunt
1583 1136 1624 1175 in
1648 1135 1815 1188 imperio
1841 1143 1880 1175 et
1903 1135 1945 1174 in
1964 1142 2068 1175 statu
2088 1134 2264 1183 civitatis,
2286 1135 2338 1174 ab
2364 1133 2425 1174 his

414 1203 578 1244 defendi
596 1210 635 1243 et
655 1203 800 1243 firmari
818 1200 1037 1254 putantur¹.

524 1267 641 1305 Duco
673 1266 726 1305 ad
758 1278 828 1304 vos
862 1263 988 1303 virum
1022 1264 1073 1303 de
1106 1261 1271 1314 imperio
1306 1261 1536 1302 Britannico
1569 1262 1767 1313 praeclare
1800 1260 1995 1309 meritum,
2032 1261 2336 1300 MARCH10NEM
2370 1270 2427 1298 DE

418 1330 702 1368 LANSDOWNE.

524 1435 638 1489 (264)
670 1437 775 1477 Cum
808 1434 975 1486 imperio
1006 1440 1142 1474 nostro
1176 1432 1278 1473 inter
1311 1433 1437 1472 Indos
1471 1431 1700 1472 consociata
1730 1438 1790 1472 est
1822 1430 1930 1483 regio
1964 1430 2168 1471 Britannia
2199 1437 2284 1471 tota
2312 1429 2429 1470 latius

416 1507 567 1551 patens,
597 1512 712 1551 quae,
745 1501 824 1538 fere
852 1498 990 1550 viginti
1023 1497 1064 1536 in
1097 1495 1319 1548 provincias
1353 1495 1488 1544 divisa,
1525 1497 1754 1547 Rajputana
1786 1494 2023 1535 nominatur.
2082 1492 2313 1534 Provinciae
2349 1494 2430 1533 fere

416 1561 639 1609 maximae2,
671 1560 819 1600 abhinc
844 1573 971 1600 annos
998 1559 1309 1611 quadringentos
1339 1557 1600 1609 quadraginta
1625 1556 1865 1597 constitutae
1898 1563 1937 1596 et
1967 1555 2047 1595 iam
2077 1569 2201 1607 prope
2226 1554 2430 1606 octoginta

416 1637 543 1663 annos
569 1623 610 1662 in
638 1624 762 1662 tutela
790 1629 924 1662 nostra
952 1621 1116 1673 positae,
1144 1620 1368 1660 ministrum
1397 1619 1569 1671 primum
1597 1619 1768 1659 libenter
1794 1620 2023 1667 salutamus,
2053 1618 2179 1658 virum
2206 1616 2428 1669 principum

416 1698 559 1737 genere
577 1684 743 1735 antiquo
763 1684 987 1731 oriundum,
1008 1683 1048 1722 in
1068 1683 1165 1722 ludo
1186 1681 1395 1733 campestri
1414 1681 1590 1733 equitem
1610 1680 1838 1732 egregium³,
1860 1679 1901 1718 in
1922 1692 1962 1719 re
1982 1678 2139 1719 militari
2158 1679 2365 1731 insignem,
2386 1678 2429 1719 in

416 1746 618 1798 provincia
648 1759 718 1785 sua
751 1745 1063 1785 administranda
1100 1743 1268 1792 felicem,
1303 1742 1470 1794 imperio
1508 1741 1683 1793 denique
1719 1749 1855 1781 nostro
1893 1740 2178 1781 fidelissimum.
2237 1740 2430 1793 Principis

417 1806 540 1847 nostri
559 1807 600 1846 in
620 1806 854 1846 comitatum
873 1805 1035 1845 honoris
1055 1817 1174 1844 causa
1193 1805 1342 1844 electus
1350 1804 1373 1853 ⁴,
1395 1817 1568 1855 purpura
1587 1810 1720 1842 nostra
1743 1802 1905 1842 honoris
1926 1814 2045 1841 causa
2068 1801 2208 1842 merito
2231 1801 2427 1842 vestietur.

527 1870 645 1908 Duco
682 1869 734 1908 ad
771 1881 841 1908 vos
876 1868 1020 1908 Stellae
1054 1865 1219 1905 Indicae
1252 1865 1427 1917 equitem
1458 1864 1659 1912 illustrem,
1695 1865 1874 1914 Maharaj
1911 1863 2049 1915 Dhiraj
2089 1865 2260 1902 PRATAP
2292 1864 2429 1903 SINGH

421 1931 618 1970 Bahadur.

527 2041 640 2094 (265)
670 2043 893 2081 Salutamus
917 2039 1105 2090 deinceps
1130 2037 1407 2079 Universitatis
1431 2037 1710 2078 Adelaidensis
1735 2036 2038 2086 Cancellarium,
2059 2037 2187 2077 virum
2212 2037 2430 2078 Australiae

419 2105 460 2144 in
479 2103 681 2155 provincia
696 2102 879 2151 Australi,
897 2115 980 2142 non
1000 2102 1122 2140 modo
1142 2100 1283 2140 iudicis
1303 2100 1448 2140 summi
1469 2114 1631 2140 munere
1650 2101 1739 2151 plus
1760 2113 1880 2150 quam
1895 2098 2032 2150 viginti
2048 2112 2174 2139 annos
2194 2100 2375 2139 functum
2390 2106 2430 2139 et

419 2166 645 2217 provinciae
663 2165 736 2205 toti
755 2164 1091 2204 administrandae
1110 2166 1198 2214 plus
1219 2177 1339 2214 quam
1359 2163 1491 2203 decies
1511 2163 1790 2214 praepositum,
1810 2163 1881 2202 sed
1901 2163 2020 2202 etiam
2039 2176 2166 2214 nuper
2187 2162 2430 2202 Australasia

419 2242 441 2267 e
475 2235 558 2267 tota
589 2227 760 2278 primum
791 2226 970 2266 omnium
1003 2225 1144 2265 iudicis
1178 2225 1340 2265 nomine
1374 2225 1552 2277 Reginae
1580 2225 1702 2276 ipsius
1736 2224 1907 2265 concilio
1938 2225 2090 2276 privato
2118 2225 2337 2265 honorifice
2364 2226 2431 2266 ad-

420 2289 620 2340 scriptum.
690 2291 805 2329 Iuvat
846 2295 1032 2340 quattuor
1069 2295 1108 2328 et
1146 2288 1405 2339 quadraginta
1442 2301 1568 2328 annos
1605 2302 1629 2327 a
1666 2288 1749 2328 viro
1786 2288 1930 2340 insigni
1967 2288 2188 2328 Australiae
2225 2288 2431 2329 dedicatos

420 2351 616 2392 recordari
629 2365 640 2400 3
668 2351 774 2391 iuvat
800 2350 940 2390 iudicis
966 2350 1065 2389 tanti
1090 2350 1235 2390 auxilio
1263 2350 1440 2390 colonias
1465 2357 1618 2390 nostras
1645 2350 1881 2403 longinquas
1906 2365 1986 2391 non
2011 2350 2104 2390 iuris
2127 2350 2290 2402 quidem
2313 2350 2431 2391 nodis

420 2415 491 2454 sed
524 2413 761 2453 concordiae
794 2412 959 2452 vinculis
990 2412 1117 2452 indies
1150 2412 1358 2452 artioribus
1389 2426 1481 2452 cum
1515 2412 1719 2453 Britannia
1751 2413 1837 2465 ipsa
1871 2414 2103 2454 coniunctas
2137 2413 2426 2466 contemplari⁵.

423 2476 597 2516 ‘Felices
626 2484 684 2515 ter
713 2483 751 2516 et
780 2475 948 2527 amplius
978 2489 1078 2526 quos
1108 2475 1254 2526 irrupta
1282 2482 1391 2515 tenet
1420 2477 1616 2526 copula'⁶.

533 2541 647 2578 Duco
668 2540 719 2579 ad
738 2553 809 2579 vos
829 2538 1009 2579 coloniae
1030 2538 1314 2578 remotissimae
1330 2539 1401 2577 sed
1416 2537 1595 2578 eiusdem
1612 2538 1728 2579 nobis
1744 2538 2092 2580 coniunctissimae
2104 2538 2288 2588 iudicem,
2305 2538 2431 2580 virum

421 2603 640 2642 admodum
660 2602 947 2649 honorabilem,
970 2604 1206 2643 SAMUELEM
1229 2603 1424 2640 IACOBUM
1444 2602 1556 2640 WAY.

1176 2790 1219 2839 C
1218 2790 1407 2839 olonz'al
1427 2790 1681 2838 Premz'ers

531 2908 673 2945 REGN1
698 2905 911 2945 felicissimi
934 2920 1085 2946 annum
1109 2906 1394 2958 sexagesimum
1414 2920 1600 2957 prospere
1620 2913 1802 2946 exactum
1821 2905 2053 2957 propediem
2073 2905 2316 2954 celebraturi,
2337 2913 2429 2946 ante

423 2966 558 3006 omnia
594 2968 794 3015 laetamur,
831 2967 910 3007 diei
943 2975 1023 3006 tarn
1058 2967 1174 3007 fausti
1206 2968 1247 3007 in
1281 2969 1485 3016 honorem,
1522 2975 1580 3007 tot
1617 2967 1720 3007 viros
1750 2967 1954 3017 primarios
1988 2974 2094 3006 trans
2127 2966 2249 3006 maria
2286 2980 2430 3019 magna

509 3067 521 3088 ¹
545 3068 674 3106 Cicero,
689 3074 751 3111 pro
766 3070 924 3108 Murena,
947 3080 998 3111 24.
1165 3069 1179 3089 ²
1198 3070 1383 3112 Jodhpore.
1544 3068 1558 3089 ³
1582 3070 1727 3102 Famous
1742 3080 1778 3102 as
1793 3080 1813 3102 a
1827 3069 1908 3112 polo
1924 3070 2048 3112 player.
2212 3069 2227 3089 ⁴
2249 3070 2428 3111 Honorary

424 3110 568 3186 ,ἓαξηῦί
582 3112 697 3196 {351ss
702 3112 824 3186 ‘Pr-inec
840 3112 878 3144 of
888 3113 1011 3145 Wales.
1103 3112 1116 3133 ⁶
1140 3113 1270 3156 Speech
1286 3118 1320 3146 at
1336 3114 1392 3146 the
1408 3113 1515 3147 South
1533 3113 1725 3146 Australian
1741 3113 1882 3151 Dinner,
1899 3123 1940 3156 29
1957 3114 2039 3156 May
2057 3113 2150 3156 1897.
2242 3111 2256 3133 θ
2279 3113 2424 3153 Horace,

1389 3242 1464 3279 130
