2704 3770
547 314 761 362 Thomas
795 314 979 378 Hemy
1012 315 1231 380 Huxley.
1306 316 1494 380 Henry
1529 315 1724 380 Clzfton
1762 318 1930 383 Sorby.

329 460 418 512 (24)
455 459 651 500 Academi
671 459 775 500 inter
794 459 911 500 silvas
931 460 1001 512 qui
1020 475 1159 501 verum
1180 469 1388 513 quaerunt,
1411 476 1494 502 non
1514 464 1639 503 modo
1658 462 1735 514 ipsi
1754 463 1927 503 veritatis
1946 464 2098 505 lumine
2123 466 2246 505 vitam

219 523 326 563 hanc
344 521 601 562 umbratilem
621 520 815 562 illustrare
838 530 1047 571 conantur,
1070 524 1142 563 sed
1166 523 1476 564 illustrissimum
1503 537 1707 576 quemque
1730 524 1903 564 veritatis
1927 524 2246 577 investigatorem

220 583 384 625 aliunde
403 585 594 631 delatum,
618 597 665 624 ea
685 597 765 635 qua
784 597 856 635 par
874 591 935 624 est
954 585 1145 626 comitate
1165 585 1380 638 excipiunt.
1438 587 1569 626 Adest
1592 586 1650 625 vir
1675 586 1739 626 cui
1759 586 1801 625 in
1817 586 1980 626 veritate
2006 589 2248 638 exploranda

218 648 355 700 ampla
373 660 470 688 sane
489 646 695 699 provincia
714 647 893 699 contigit,
909 647 978 700 qui
997 648 1080 689 sive
1099 648 1140 688 in
1161 648 1425 689 animantium
1443 648 1525 689 sive
1545 649 1586 688 in
1606 649 1793 688 arborum
1814 656 1854 688 et
1873 649 2084 689 herbarum
2105 663 2248 701 genere

220 710 414 763 quiequid
443 710 540 751 vivit
570 710 791 763 investigat,
824 711 955 763 ipsum
987 711 1086 752 illud
1117 712 1248 753 vivere
1278 712 1378 764 quid
1409 711 1470 762 sit,
1501 712 1610 764 quali
1639 726 1688 752 ex
1720 711 1872 763 origine
1899 719 2037 751 natum
2069 712 2118 752 sit
2132 727 2142 761 3
2180 713 2249 764 qui

219 772 389 825 exquirit
417 786 521 825 quae
549 772 800 824 cognationis
829 773 1098 823 necessitudo,
1120 774 1224 814 inter
1252 774 1401 827 priores
1430 774 1517 814 illas
1546 773 1764 814 viventium
1795 774 1948 826 species
1978 781 2017 814 et
2045 775 2117 813 has
2146 788 2249 825 quae

219 834 342 875 etiam
370 847 480 875 nunc
508 841 734 886 supersunt,
754 834 987 876 intercedat.
1047 836 1156 876 Olim
1186 836 1227 876 in
1256 850 1411 877 oceano
1442 838 1626 883 Australi,
1654 836 1723 876 ubi
1750 836 1867 876 rectis
1893 836 2043 876 ‘oeulis
2074 844 2250 876 monstra

221 898 443 939 natantia’1
463 898 573 946 vidit,
594 897 801 938 victoriam
822 912 947 950 prope
966 899 1148 950 primam,
1170 901 1279 940 velut
1298 901 1397 940 alter
1418 902 1596 948 Perseus,
1618 913 1643 939 a
1663 900 1837 939 Medusa
1856 899 2095 951 reportavit;
2123 900 2249 940 varias

219 961 412 1014 deinceps
429 961 695 1002 animantium
722 962 880 1009 formas,
902 962 1017 1014 quasi
1035 963 1088 1003 ab
1113 963 1200 1015 ipsa
1223 964 1413 1014 Gorgone
1439 963 1481 1002 in
1505 976 1644 1002 saxum
1663 975 1808 1009 versas,
1830 961 2043 1013 sagacitate
2063 961 2251 1013 singulari

218 1024 455 1078 explicavit3
475 1024 579 1064 vitae
599 1024 776 1076 denique
797 1025 1003 1066 universae
1022 1027 1291 1078 explorandae
1306 1025 1427 1066 vitam
1444 1039 1556 1066 suam
1578 1032 1704 1065 totam
1725 1024 1936 1065 dedicavit.
1988 1024 2248 1075 Physicorum

218 1086 322 1128 inter
348 1087 548 1140 principes
578 1087 648 1127 diu
677 1089 908 1137 honoratus,
930 1088 1039 1129 idem
1066 1088 1129 1141 (ut
1156 1089 1324 1129 verbum
1354 1096 1583 1128 mutuemur
1610 1101 1634 1127 a
1660 1087 1842 1128 Cartesio
1871 1087 1939 1127 illo
1969 1087 2081 1127 cuius
2110 1089 2249 1127 laudes

217 1150 305 1204 ipse
323 1150 365 1191 in
385 1152 462 1192 hac
481 1152 581 1192 urbe
600 1152 809 1203 quondam
829 1152 1091 1204 praedicavit)
1104 1152 1226 1193 etiam
1249 1157 1257 1173 ‘
1272 1151 1546 1204 metaphysica
1558 1153 1567 1170 '
1587 1152 1742 1191 honore
1762 1150 1901 1190 debito
1920 1158 2156 1201 prosecutus
2176 1158 2246 1190 est.

218 1214 340 1254 Illum
377 1214 543 1254 demum
581 1212 795 1253 liberaliter
828 1215 1045 1254 educatum
1079 1228 1166 1255 esse
1204 1214 1404 1254 existimat
1437 1213 1505 1266 qui
1545 1221 1631 1253 turn
1665 1212 1807 1253 ceteris
1840 1212 1965 1270 animi
1999 1220 2038 1252 et
2071 1212 2249 1264 corporis

217 1277 382 1318 dotibus
400 1277 616 1318 instructus
636 1277 697 1327 sit,
719 1285 805 1317 tum
826 1278 1057 1330 praesertim
1079 1278 1273 1330 quicquid
1293 1286 1408 1330 turpe
1427 1277 1478 1318 sit
1503 1277 1643 1326 oderit,
1666 1275 1860 1328 quicquid
1887 1275 1969 1316 sive
1992 1275 2034 1315 in
2060 1283 2143 1316 arte
2167 1275 2249 1315 sive

217 1338 260 1380 in
278 1353 409 1380 rerum
434 1347 578 1379 natura
596 1341 808 1391 pulchrum
830 1341 879 1380 sit
905 1340 1073 1393 diligat2.
1126 1342 1272 1392 Neque
1291 1348 1428 1380 tamen
1449 1341 1534 1391 ipse
1555 1339 1616 1392 (ut
1635 1338 1690 1378 ait
1718 1338 1969 1388 Aristoteles)
1993 1338 2247 1377 ‘animalium

216 1416 358 1456 parum
398 1404 657 1456 pulchrorum
700 1403 1085 1455 contemplationem
1124 1404 1285 1444 fastidio
1331 1403 1472 1456 puerili
1520 1403 1752 1443 reformidat
1766 1403 1805 1451 '³,
1847 1403 1919 1442 sed
1966 1401 2007 1440 in
2055 1409 2248 1453 perpetua

217 1465 483 1506 animantium
503 1464 604 1505 serie
624 1465 799 1505 hominis
818 1465 983 1517 vestigia
1002 1466 1239 1518 perscrutari
1258 1473 1439 1513 conatus,
1462 1465 1556 1505 satis
1579 1466 1714 1517 ampla
1735 1464 1971 1504 liberalitate
1998 1463 2039 1503 in
2066 1463 2249 1503 universa

217 1541 349 1568 rerum
386 1535 528 1568 natura
562 1528 752 1568 ‘humani
789 1528 888 1568 nihil
918 1542 942 1568 a
975 1542 1018 1568 se
1048 1529 1225 1569 alienum
1259 1530 1423 1581 putat'4.
1487 1530 1608 1568 Duco
1640 1529 1693 1568 ad
1723 1540 1795 1567 vos
1826 1528 1954 1566 virum
1988 1526 2244 1578 intrepidum,

218 1590 450 1640 facundum,
480 1590 676 1643 propositi
703 1598 898 1640 tenacem,
930 1593 1130 1632 THOMAM
1160 1594 1404 1632 HENRmUM
1436 1593 1637 1632 HuxLEv.

328 1737 417 1791 (25)
455 1738 590 1789 Quam
620 1752 765 1791 magna
788 1747 848 1780 est
873 1753 1005 1780 rerum
1031 1748 1182 1789 natura,
1212 1739 1254 1780 in
1280 1740 1434 1793 magnis
1464 1753 1586 1792 quam
1616 1739 1825 1789 immensa,
1853 1739 1895 1778 in
1926 1738 2101 1778 minimis
2125 1751 2247 1790 quam

219 1815 374 1854 magna.
433 1803 568 1853 Quam
588 1804 715 1842 multa
735 1803 936 1852 miracula,
953 1803 1128 1855 antiquis
1148 1803 1294 1856 ignota,
1317 1803 1393 1843 illis
1414 1817 1543 1856 nuper
1561 1803 1738 1844 ostendit
1758 1802 1828 1855 qui
1848 1802 2001 1842 minuta
2021 1801 2250 1842 curiositate

216 1878 362 1906 arcana
380 1865 458 1915 illa,
480 1879 584 1918 quae
607 1868 816 1907 oculorum
836 1867 966 1907 aciem
989 1867 1157 1920 fugiunt,
1178 1867 1535 1907 instrumentorum
1557 1880 1754 1907 novorum
1774 1865 1922 1905 auxilio
1941 1872 2245 1917 perscrutantur.

218 1927 304 1968 Hic
332 1928 566 1980 autem'ille
596 1935 656 1968 est
687 1929 768 1980 qui,
800 1937 840 1970 et
874 1929 1117 1970 terrestrium
1152 1938 1192 1970 et
1225 1931 1277 1970 de
1311 1931 1425 1970 caelo
1458 1930 1715 1981 delapsorum
1749 1928 1930 1980 lapidum
1964 1926 2250 1979 investigandis

218 1990 428 2031 elementis
458 1990 606 2044 primis,
639 1991 791 2044 primus
821 1992 925 2033 inter
956 1993 1170 2033 Britannos
1201 1992 1340 2033 talium
1374 1992 1730 2033 instrumentorum
1762 2005 1879 2031 usum
1913 1988 2246 2030 accommodavit.

217 2054 359 2107 Nuper
372 2053 584 2096 Societatis
599 2055 843 2108 Geologicae
859 2070 1019 2108 praeses
1035 2058 1196 2105 electus,
1211 2069 1411 2096 annorum
1424 2055 1584 2107 triginta
1598 2055 1755 2095 labores
1775 2055 1955 2094 oratione
1971 2052 2188 2093 cumulavit
2207 2052 2248 2091 in

216 2129 298 2169 qua
318 2130 412 2158 vere
438 2130 706 2158 marmoreum
731 2118 807 2158 sibi
832 2127 1141 2160 monumentum
1171 2119 1308 2171 exegit.
1369 2119 1478 2158 Illud
1503 2131 1598 2158 vero
1620 2117 1896 2158 acutissimum
1923 2117 2034 2168 quod
2058 2114 2249 2166 crystallis

216 2177 339 2219 etiam
368 2178 645 2220 minutissimis
673 2180 897 2233 exploratis,
923 2181 965 2221 in
991 2181 1139 2233 quibus
1160 2183 1221 2231 (ut
1246 2182 1308 2232 fit)
1328 2194 1419 2233 pars
1444 2182 1567 2220 altera
1596 2187 1656 2220 est
1684 2193 1814 2231 aquae
1842 2180 1971 2230 plena,
1996 2179 2119 2217 altera
2147 2176 2248 2216 aeris

218 2254 382 2294 quoque
426 2255 563 2291 vacua,
606 2242 700 2282 olim
742 2243 934 2284 indicavit
978 2258 1058 2296 qua
1104 2244 1359 2296 potissimum
1402 2242 1545 2283 caloris
1592 2241 1784 2294 temperie
1829 2241 1984 2281 inclusa
2030 2240 2097 2280 illa
2143 2252 2248 2290 aqua

217 2310 348 2344 totum
387 2303 488 2344 illud
525 2317 698 2344 vacuum
736 2305 914 2357 implere,
955 2319 1037 2358 quo
1080 2305 1334 2357 potissimum
1379 2319 1511 2346 rerum
1556 2311 1660 2344 statu
1706 2318 1845 2343 saxum
1888 2303 1998 2351 illud,
2039 2303 2246 2354 quondam

215 2366 376 2420 ignibus
409 2381 571 2420 prorsus
609 2369 819 2421 liquidum,
858 2370 1032 2422 primum
1070 2371 1282 2411 durescere
1319 2368 1525 2422 potuisset.
1585 2367 1744 2408 Scilicet
1782 2367 2011 2418 crystallum
2048 2366 2148 2406 illud
2186 2364 2247 2417 (ut

217 2429 467 2472 Claudianus
500 2430 569 2483 ait)

656 2498 763 2535 ‘non
791 2495 923 2547 potuit
951 2502 1038 2535 toto
1068 2494 1227 2535 mentiri
1255 2507 1421 2546 corpore
1449 2506 1678 2546 gemmam;

736 2550 808 2590 sed
838 2549 973 2590 medio
1002 2549 1149 2589 mansit
1176 2549 1357 2601 proditor
1385 2548 1482 2588 orbe
1510 2549 1624 2587 latex.

678 2612 819 2644 auctus
848 2605 1003 2653 honos;
1041 2604 1185 2655 liquidi
1213 2610 1398 2644 crescunt
1428 2602 1618 2642 miracula
1646 2600 1728 2640 saxi

733 2666 773 2699 et
802 2666 1059 2699 conservatae
1087 2660 1178 2711 plus
1208 2657 1407 2698 meruistis
1435 2655 1619 2708 aquae'⁶.

217 2760 301 2800 Suo
320 2760 487 2812 phaselo
506 2767 644 2800 vectus
663 2768 763 2812 quot
782 2761 906 2802 maria
927 2775 1020 2802 mox
1039 2760 1233 2809 lustrabit,
1255 2759 1296 2800 in
1316 2767 1419 2800 terra
1437 2758 1517 2798 iam
1543 2757 1699 2810 pridem
1726 2770 1852 2796 unum
1875 2757 2016 2796 saltem
2040 2757 2245 2807 Argonau-

218 2829 360 2872 tarum,
382 2822 451 2874 qui
478 2830 622 2863 terram
649 2825 775 2864 oculis
799 2825 1045 2876 penetrabat,
1068 2831 1235 2864 eatenus
1260 2823 1494 2870 aemulatus,
1516 2820 1628 2871 quod
1650 2819 1691 2859 in
1715 2818 1856 2859 intima
1875 2832 2059 2859 saxorum
2080 2817 2245 2858 materia

217 2885 507 2938 perspicienda,
529 2887 615 2939 ipse
634 2889 754 2928 oculo
774 2887 904 2940 potuit
928 2891 937 2909 ‘
949 2894 1147 2939 quantum
1166 2887 1412 2927 contendere
1434 2885 1618 2935 Lynceus
1630 2883 1668 2922 '⁶.

326 2949 444 2989 Duco
464 2950 516 2989 ad
536 2963 606 2990 vos
628 2951 873 2990 HENklcUM
894 2951 1085 2991 Cer'rON
1107 2950 1259 2989 Sonssv.

433 3064 445 3085 ¹
471 3067 616 3105 Horace,
639 3068 754 3099 Carm.
771 3067 782 3099 i
800 3078 830 3109 3,
852 3069 900 3100 18.
1424 3062 1439 3083 ²
1461 3064 1536 3104 Lay
1551 3063 1718 3101 Ser-mons,
1738 3074 1770 3105 p.
1790 3074 1839 3105 30.

430 3108 445 3129 ³
466 3110 638 3148 Aristotle,
655 3112 709 3143 De
724 3112 884 3144 Partibus
898 3111 1128 3148 Animalium,
1145 3111 1155 3143 i
1175 3121 1204 3151 5.
1424 3107 1439 3128 ⁴
1461 3109 1620 3146 Terence,
1640 3107 1766 3139 Heaut.
1785 3116 1838 3149 77.

430 3152 444 3173 ⁶
466 3153 642 3195 Claudiam
661 3166 701 3197 33
720 3154 802 3198 (58),
823 3154 919 3196 3—6.
1425 3150 1439 3172 ⁶
1464 3152 1609 3190 Horace,
1636 3151 1724 3194 Epp.
1750 3151 1761 3184 i
1788 3160 1815 3193 1,
1844 3152 1896 3186 28.

322 3236 402 3265 S-S.
1206 3237 1252 3276 17
2111 3239 2134 3276 3
