2704 3770
999 315 1185 380 George
1221 316 1508 364 Richmond.
1571 315 1713 381 John
1748 317 1934 364 Evans.

463 458 680 510 linquimus
718 458 909 510 quicquid
946 460 997 499 de
1035 460 1265 500 morborum
1303 459 1541 511 contagione
1578 459 1802 511 disputavit.
1863 459 2115 500 Medicorum
2155 472 2274 499 nemo
2311 460 2476 500 fortasse

467 522 609 560 Horati
630 521 749 560 verba
767 520 808 559 in
828 535 868 560 re
888 521 1044 560 medica
1063 523 1201 561 saltem
1223 521 1413 561 eruditius
1433 521 1878 561 illustravitz—‘delicta
1892 521 2087 561 maiorum
2107 521 2326 561 immeritus
2340 522 2469 560 lues'1.

574 583 692 622 Duco
711 584 762 622 ad
783 596 853 621 vos
874 581 989 634 Regii
1010 582 1292 634 Chirurgorum
1318 582 1485 634 Collegii
1510 583 1745 634 praesidem,
1766 581 1992 633 chirurgum
2018 582 2220 632 illustrem,
2241 584 2473 634 JONATHAN

466 647 771 685 Hu'rcnmsoN.

573 783 687 835 (162)
716 784 882 822 Nullum
910 782 1003 822 artis
1031 796 1155 834 genus
1185 796 1291 823 nunc
1319 790 1424 823 certe
1453 783 1554 823 inter
1582 789 1739 823 nosmet
1767 782 1874 834 ipsos
1903 783 1943 822 in
1968 784 2119 823 honore
2144 783 2312 823 habetur
2339 783 2473 835 magis,

464 859 584 897 quam
605 845 646 885 id
666 846 775 897 quod
795 844 965 883 virorum
986 844 1199 896 insignium
1219 845 1410 897 imagines
1433 846 1557 897 pictas
1581 845 1799 897 posteritati
1822 845 1950 886 tradit.
2009 848 2335 887 Consentaneum
2359 846 2476 898 igitur

464 922 556 948 eum
576 908 827 960 potissimum
843 910 975 948 laurea
991 916 1124 947 nostra
1139 909 1260 948 hodie
1275 909 1467 957 coronari,
1485 909 1554 960 qui
1574 909 1614 948 in
1635 922 1682 949 ea
1701 908 1930 960 praesertim
1950 909 2153 961 provincia
2169 911 2274 949 velut
2293 909 2474 949 omnium

463 971 646 1023 princeps
685 971 753 1011 diu
787 971 986 1023 regnabat.
1046 972 1121 1011 Sex
1154 979 1193 1011 et
1227 971 1514 1022 quinquaginta
1546 972 1651 1020 anni,
1688 985 1877 1022 magnum
1914 971 2016 1011 vitae
2054 973 2252 1011 humanae
2289 971 2472 1023 spatium,

463 1042 642 1086 tempore
667 1048 714 1074 ex
740 1048 789 1074 eo
815 1034 1108 1086 praeterierunt,
1132 1048 1213 1086 quo
1240 1034 1365 1074 virum
1390 1036 1440 1074 de
1463 1034 1568 1073 Afris
1592 1034 1632 1073 in
1660 1034 1881 1073 libertatem
1907 1033 2128 1074 asserendis
2156 1034 2261 1074 bene
2291 1033 2473 1073 meritum

463 1098 662 1138 coloribus
695 1098 835 1138 vividis
873 1098 1015 1138 iterum
1054 1097 1242 1149 expressit
1256 1113 1267 1147 3
1305 1111 1372 1137 sex
1404 1105 1538 1137 autern
1577 1105 1616 1137 et
1654 1097 1822 1148 triginta,
1859 1110 1906 1136 ex
1943 1110 2024 1148 quo
2063 1098 2202 1136 Novae
2239 1094 2476 1136 Zealandiae

463 1161 640 1213 episcopi
672 1161 788 1213 primi
821 1161 1034 1213 imaginem
1068 1161 1210 1201 iterum
1241 1160 1448 1212 depinxit2.
1509 1162 1692 1211 Longum
1731 1167 1790 1199 est
1827 1159 1994 1199 aliorum
2033 1159 2224 1211 imagines
2261 1171 2386 1211 prope
2418 1157 2475 1197 in-

462 1224 727 1264 numerabiles
765 1238 996 1276 percensere
1009 1239 1020 1274 3
1066 1223 1138 1263 tria
1176 1231 1411 1275 quattuorve
1450 1222 1557 1262 milia
1595 1222 1714 1262 fuisse
1752 1222 2019 1274 perhibentur.
2079 1222 2130 1261 Id
2171 1228 2326 1261 tantum
2368 1220 2472 1269 dico,

461 1285 652 1336 plurimos
676 1299 746 1337 per
770 1298 898 1325 annos
923 1287 1024 1325 inter
1046 1287 1232 1336 aequales
1257 1285 1342 1324 eius
1365 1284 1428 1324 vix
1451 1297 1694 1335 quemquam
1719 1285 1838 1335 paulo
1862 1283 2115 1334 insigniorem
2137 1282 2340 1330 exstitisse,
2362 1281 2474 1322 cuius

461 1350 591 1387 vultus
620 1348 814 1388 imitando
843 1362 924 1388 non
954 1348 1180 1388 reddiderit.
1239 1349 1492 1387 Gratulamur
1520 1346 1630 1398 patri,
1662 1347 1772 1396 quod
1802 1345 1842 1384 in
1871 1345 1951 1384 filio
1981 1359 2065 1394 suo,
2097 1345 2242 1385 saeculi
2269 1344 2388 1384 huius
2415 1350 2475 1382 tot

461 1412 675 1450 formarum
707 1411 788 1451 sive
820 1412 1073 1462 pulchrarum
1105 1410 1185 1449 sive
1216 1409 1327 1449 aliter
1354 1409 1567 1460 insignium
1597 1409 1749 1460 pictore
1779 1407 1934 1455 eximio,
1966 1408 2187 1447 fabularum
2221 1407 2472 1458 antiquarum

461 1473 674 1525 interprete
702 1473 1006 1525 elegantissimo,
1038 1480 1076 1513 et
1106 1472 1279 1512 nominis
1310 1479 1350 1512 et
1378 1472 1470 1511 artis
1497 1485 1591 1511 suae
1624 1484 1757 1511 revera
1790 1470 1954 1522 dignum
1986 1476 2125 1508 nactus
2155 1476 2214 1509 est
2242 1467 2474 1516 heredem³5

461 1537 623 1588 viroque
643 1544 724 1576 tarn
744 1536 971 1585 venerabili,
993 1538 1090 1577 dum
1111 1536 1190 1575 vita
1209 1535 1311 1575 inter
1330 1548 1490 1574 suavem
1511 1535 1664 1574 dierum
1685 1532 1986 1585 praeteritorum
2002 1531 2319 1578 recordationem
2333 1529 2474 1570 leniter

461 1599 709 1651 vesperascit,
736 1599 872 1639 omnia
900 1601 1027 1639 fausta
1056 1606 1095 1639 et
1124 1598 1335 1649 tranquilla
1363 1612 1411 1637 ex
1436 1597 1571 1637 animo
1600 1603 1795 1648 optamus.
1856 1595 1966 1635 Dixit
1992 1594 2087 1634 olim
2114 1594 2337 1635 medicinae
2364 1600 2476 1646 pater

460 1661 581 1701 vitam
606 1676 691 1702 esse
718 1663 891 1710 brevem,
913 1670 1037 1702 artem
1063 1675 1156 1702 vero
1182 1661 1384 1712 longam⁴¹3
1415 1660 1507 1699 huie
1533 1667 1667 1699 autem
1693 1659 1831 1699 artifici
1851 1660 2044 1698 laetamur
2062 1659 2221 1710 longam
2242 1669 2473 1698 concessam

461 1737 548 1763 esse
566 1723 699 1773 vitam,
721 1732 926 1775 artemque
947 1724 1030 1764 eius
1051 1724 1299 1763 confidenter
1317 1735 1555 1773 auguramur
1574 1721 1643 1761 diu
1663 1722 1746 1760 fore
1766 1720 2027 1771 superstitem.

571 1787 688 1825 Duco
707 1786 759 1825 ad
778 1799 849 1824 vos
869 1785 994 1824 virum
1015 1785 1223 1832 urbanum,
1245 1784 1437 1835 pictorem
1461 1783 1671 1835 egregium,
1694 1783 1850 1822 Artium
1876 1782 2118 1822 Academiae
2145 1781 2294 1834 Regiae
2320 1779 2472 1821 socium

461 1848 681 1897 emeritum,
704 1849 940 1888 GEORGmM
963 1850 1215 1887 RICHMOND.

570 1981 683 2035 (163)
712 1982 1024 2033 Archaeologiae
1049 1982 1180 2022 studia
1201 1981 1382 2021 nonnulli
1402 1988 1508 2020 certe
1528 1980 1637 2019 arida
1657 1979 1801 2019 mentis
1822 1980 2065 2019 nutrimenta
2083 1979 2331 2019 arbitrantur.
2391 1977 2475 2017 Hic

460 2052 593 2084 autem
625 2044 743 2084 etiam
774 2044 922 2083 difficili
955 2044 997 2082 in
1031 2043 1193 2083 materia
1223 2043 1371 2094 ingenii
1405 2042 1465 2081 sui
1498 2055 1580 2081 non
1615 2042 1746 2080 minus
1780 2040 1905 2080 facilis
1937 2054 2057 2092 quam
2087 2040 2211 2080 felicis
2239 2040 2471 2079 alimentum

460 2106 620 2154 invenit,
649 2105 716 2156 qui
750 2106 869 2144 etiam
901 2104 1028 2145 silices
1062 2106 1182 2144 duros
1214 2105 1292 2143 iam
1327 2104 1395 2144 diu
1429 2103 1470 2142 in
1501 2102 1652 2143 deliciis
1690 2102 1822 2150 habet,
1857 2116 1905 2142 ex
1942 2101 2110 2154 ipsoque
2141 2115 2234 2141 saxo
2268 2101 2473 2141 doctrinae

463 2166 673 2206 scintillam
703 2180 991 2218 saepenumero
1020 2166 1191 2212 excudit,

895 2241 1172 2293 ‘suscepitque
1201 2241 1334 2292 ignem
1364 2240 1466 2280 foliis
1494 2248 1615 2291 atque
1642 2240 1752 2279 arida
1780 2240 1928 2279 circum

920 2296 1162 2335 nutrimenta
1191 2295 1313 2344 dedit,
1344 2295 1554 2347 rapuitque
1583 2294 1623 2333 in
1652 2294 1790 2334 fomite
1818 2294 2074 2333 flammam'⁵.

569 2369 774 2420 Quicquid
793 2369 946 2421 lapidis,
964 2368 1156 2421 quiequid
1175 2369 1285 2417 aeris,
1302 2369 1494 2420 quicquid
1513 2369 1597 2408 auri
1617 2376 1656 2408 et
1674 2368 1825 2419 argenti
1841 2367 2046 2407 Britannia
2064 2366 2227 2418 antiqua
2242 2367 2468 2419 usurpabat,

461 2432 619 2472 assidue
647 2432 908 2484 conquisivit;
938 2432 1208 2483 conquisitum
1229 2432 1381 2472 erudite
1400 2432 1635 2471 illustravitss.
1695 2431 1923 2471 Britanniae
1943 2444 2197 2470 nummorum
2218 2430 2472 2482 investigator

459 2493 682 2543 acerrimus,
718 2502 925 2545 propterea
963 2493 1081 2533 etiam
1115 2494 1216 2532 ultra
1250 2495 1392 2533 fretum
1427 2493 1699 2533 Britannicum
1729 2493 1969 2532 numismate
2002 2506 2122 2532 aureo
2156 2492 2318 2532 honoris
2351 2506 2470 2532 causa

461 2557 631 2596 donatus
670 2564 739 2595 est.
812 2558 955 2607 Neque
992 2555 1166 2606 antiquis
1205 2563 1358 2595 tanturn
1402 2556 1594 2596 thesauris
1637 2569 1799 2607 operam
1839 2555 1997 2595 dedisse
2036 2555 2201 2603 videtur,
2241 2556 2312 2595 sed
2349 2554 2467 2595 etiam

461 2619 668 2659 Societatis
688 2619 837 2671 Regiae
857 2621 1078 2671 praefectus
1097 2619 1258 2668 aerario,
1281 2627 1339 2659 tot
1359 2619 1534 2659 scientiis
1553 2619 1741 2659 auxilium
1762 2619 1976 2670 quotannis
1996 2619 2174 2659 certatim
2190 2618 2467 2669 flagitantibus,

460 2681 653 2732 pecuniae
673 2682 856 2732 publicae
876 2681 1125 2732 dispensator
1144 2682 1344 2733 providus,
1361 2696 1522 2734 aequus,
1545 2682 1740 2733 benignus
1761 2682 1916 2721 exstitit.
1978 2683 2195 2731 Quondam
2217 2682 2466 2733 Geologicae,

460 2744 538 2782 iam
577 2744 730 2783 dudum
771 2743 1085 2784 Numismatieae
1123 2745 1310 2784 Societati
1347 2745 1606 2796 praepositus,
1646 2759 1754 2784 nunc
1796 2745 1915 2784 etiam
1958 2745 2216 2796 Antiquitatis
2254 2746 2469 2796 peritorum

459 2805 646 2845 Societati
675 2806 869 2846 maximae
898 2820 1056 2845 summa
1084 2819 1175 2846 cum
1205 2806 1396 2858 dignitate
1426 2807 1635 2858 praesidet.
1694 2808 1804 2856 Quot
1834 2807 2086 2847 scientiarum
2113 2815 2218 2846 trans
2247 2807 2468 2858 provincias

548 2902 558 2921 ¹
585 2903 730 2941 Horace,
753 2904 865 2935 Carm.
886 2903 921 2935 iii
937 2903 969 2942 6,
992 2914 1019 2935 1.
1130 2903 1143 2923 ²
1168 2903 1327 2936 Portraits
1343 2904 1380 2935 of
1392 2903 1541 2935 William
1557 2903 1774 2936 Wilberforce
1793 2902 1904 2945 (1834)
1921 2904 1987 2935 and
2003 2904 2136 2945 George
2151 2904 2322 2946 Augustus
2334 2904 2469 2946 Selwyn

463 2944 618 2987 (1854-5)
636 2946 670 2978 in
686 2947 743 2978 the
760 2947 998 2979 Combination
1023 2948 1132 2978 Room
1147 2947 1185 2978 of
1205 2948 1243 2980 St
1258 2946 1375 2989 John’s
1392 2948 1541 2988 College.
1588 2947 1662 2978 The
1678 2947 1795 2978 earlier
1810 2947 1965 2988 portraits
1981 2947 2020 2978 of
2039 2947 2258 2979 Wilberforce
2275 2946 2386 2988 (1832)
2403 2947 2470 2979 and

462 2989 594 3030 Selwyn
609 2989 722 3030 (1841)
734 3001 789 3022 are
805 2991 1016 3032 represented
1028 2991 1061 3022 in
1078 2990 1134 3022 the
1151 2991 1257 3023 Small
1274 2990 1510 3022 Combination
1528 2991 1637 3021 Room
1653 2990 1698 3031 by
1713 2990 1910 3032 engravings
1925 2990 2024 3032 given
2039 2995 2074 3022 to
2090 2990 2146 3022 the
2161 2990 2277 3023 Public
2290 2990 2413 3022 Orator
2425 2990 2469 3031 by

462 3032 516 3063 Mr
534 3032 724 3064 Richmond
739 3033 773 3065 in
794 3034 885 3075 1890.
1032 3033 1045 3052 ³
1068 3034 1216 3065 William
1234 3034 1339 3066 Blake
1356 3033 1545 3065 Richmond
1564 3033 1710 3072 (K.C.B.
1731 3032 1837 3076 1897).
1991 3032 2005 3052 ⁴
2027 3033 2043 3064 ὁ
2058 3034 2126 3074 βίος
2141 3035 2266 3075 βραχὺς
2281 3031 2301 3071 ἡ
2317 3034 2353 3065 δὲ
2366 3034 2468 3073 τέχνη

460 3075 566 3115 μακρή
584 3075 834 3117 (Hippocrates,
855 3077 943 3118 Aph.
964 3077 974 3108 i
996 3087 1006 3108 1
1026 3088 1034 3114 3
1059 3077 1195 3114 Seneca,
1213 3078 1266 3109 Dc
1277 3078 1378 3109 Brev.
1406 3077 1506 3116 Vitae,
1527 3077 1536 3108 i
1557 3077 1597 3115 1).
1754 3074 1767 3095 ¹⁵
1789 3076 1906 3118 Virgil,
1924 3077 2008 3108 Aen.
2028 3076 2039 3108 i
2060 3076 2131 3117 176.
2284 3074 2298 3095 ⁶
2323 3077 2423 3109 Coins
2437 3077 2479 3117 os

459 3118 512 3150 the
527 3119 670 3151 Ancz'ent
684 3120 835 3158 Britons,
856 3119 936 3161 1864
950 3131 959 3157 ;
982 3120 1127 3151 Ancient
1141 3121 1238 3152 Stone
1254 3121 1463 3162 Implements
1476 3143 1483 3151 .
1498 3143 1505 3151 .
1515 3143 1523 3157 ,
1545 3121 1624 3161 1872
1639 3129 1647 3158 ;
1671 3121 1815 3152 Ancz'ent
1829 3121 1958 3151 Bronze
1972 3120 2178 3161 Implements
2190 3142 2198 3150 .
2211 3141 2217 3149 .
2228 3143 2235 3157 ‚
2257 3121 2348 3152 1881.

1443 3192 1491 3230 82
