2704 3770
619 330 830 380 Charles
874 329 925 377 T
916 329 1072 394 aylor.
1150 329 1341 394 George
1374 329 1616 379 Frederic
1650 331 1801 380 Hose.

1077 551 1135 596 14
1160 534 1305 601 sune
1350 538 1468 584 1881

301 643 389 698 (56)
428 644 615 695 QUANTO
640 644 780 684 dolore
805 657 934 696 nuper
957 643 1110 685 audivit
1133 645 1304 686 Senatus
1331 652 1478 695 noster,
1506 645 1748 686 conticuisse
1777 645 1912 685 subito
1934 658 2076 685 vocem
2103 645 2222 696 illam,

191 721 309 761 quae,
328 715 458 749 vestra
481 707 550 760 qui
575 715 706 748 aetate
729 716 769 749 et
795 707 1038 760 experientia
1063 709 1299 749 antecellitis
1326 708 1530 757 memoria,
1553 723 1624 761 per
1647 722 1777 749 annos
1801 721 1947 748 novem
1967 708 2008 748 in
2034 709 2112 749 hoc
2138 710 2225 760 ipso

191 771 284 812 loco
303 769 558 823 eloquentiae
579 769 745 810 Latinae
764 771 947 822 exempla
966 771 1122 823 egregia
1140 770 1363 811 identidem
1379 770 1589 811 ediderat1.
1651 771 1816 821 Quanto
1832 770 2031 811 desiderio
2051 773 2224 812 eundem

191 847 336 876 omnes
360 847 489 887 nuper
514 834 717 886 prosecuti
743 847 893 884 sumus,
915 834 994 886 qui,
1017 842 1168 886 postea,
1191 842 1380 887 quattuor
1406 842 1445 875 et
1471 834 1608 887 viginti
1634 848 1762 874 annos
1789 834 2015 886 Collegium
2044 835 2226 875 omnium

192 911 394 939 consensu
413 910 604 950 magnum
623 897 761 938 animo
781 911 914 950 neque
940 898 1098 950 trepido
1121 912 1254 950 neque
1281 899 1491 939 temerario
1516 898 1777 951 gubernavit;
1806 898 1876 950 qui
1901 897 1942 937 in
1966 906 2026 938 tot
2051 899 2227 939 consiliis

191 967 261 1000 aut
288 961 342 1001 de
368 960 437 1000 illo
467 959 649 1011 Collegio
676 967 746 1000 aut
774 961 827 1001 de
855 959 941 1012 ipsa
969 961 1191 1001 Academia
1219 969 1288 1001 aut
1317 962 1369 1002 de
1397 961 1484 1002 aliis
1513 961 1720 1002 doctrinae
1746 960 1971 1008 domiciliis,
1999 961 2081 1001 sive
2111 963 2227 1003 Cami

192 1023 318 1064 nostri
342 1036 468 1076 prope
494 1022 598 1075 ripas
625 1036 695 1064 seu
722 1023 914 1065 Sabrinae
940 1037 1036 1065 suae
1061 1032 1223 1077 propter
1249 1025 1468 1077 marginem
1493 1024 1644 1077 positis,
1666 1024 2022 1065 deliberationibus
2047 1025 2228 1076 plurimis

192 1084 406 1139 plurimam
433 1086 566 1125 lucem
594 1085 727 1125 attulit
739 1100 750 1135 ;
779 1099 901 1138 quem
930 1093 990 1126 tot
1018 1100 1148 1127 annos
1177 1086 1337 1137 cotidie,
1360 1087 1474 1139 quasi
1499 1087 1541 1127 in
1567 1100 1699 1127 rerum
1724 1094 1866 1127 natura
1894 1094 2047 1127 certum
2075 1087 2227 1139 aliquid

190 1156 522 1202 perpetuumque,
543 1150 652 1189 velut
680 1149 775 1190 solis
803 1163 965 1190 cursum
995 1149 1255 1199 cotidianum,
1284 1150 1683 1203 contemplabamur3
1711 1163 1793 1202 quo
1820 1151 1904 1191 sole
1930 1157 2067 1190 nostro
2093 1150 2227 1190 subito

193 1211 381 1262 extincto,
403 1212 538 1253 statim
558 1226 700 1253 omnes
720 1212 999 1263 intelleximus,
1022 1221 1217 1265 quantum
1237 1215 1376 1254 lumen
1395 1213 1620 1255 occidisset.

303 1276 443 1318 Hodie
465 1289 560 1317 vero
585 1278 685 1318 tanti
711 1276 783 1317 viri
806 1290 1081 1318 successorem
1106 1268 1352 1318 Academiae
1379 1277 1544 1318 nomine
1567 1277 1753 1317 iubemus
1780 1272 1940 1317 salvere.
2000 1277 2227 1317 Salutamus

192 1339 321 1382 virum
350 1341 602 1393 prudentem,
633 1341 880 1382 Academiae
911 1340 1033 1381 totius
1063 1341 1249 1382 Concilio
1280 1355 1407 1393 nuper
1439 1340 1697 1393 adscriptum,
1728 1339 1855 1380 virum
1887 1341 1939 1380 de
1970 1340 2031 1380 sui
2059 1340 2228 1392 Collegii

193 1402 350 1444 statutis
375 1402 642 1444 emendandis
668 1403 773 1443 bene
799 1402 998 1443 meritum.
1057 1404 1285 1444 Salutamus
1310 1403 1439 1443 virum
1466 1417 1549 1444 non
1578 1402 1882 1443 humanioribus
1908 1409 2066 1442 tantum
2089 1402 2228 1444 litteris

193 1464 406 1513 imbutum,
441 1466 514 1505 sed
546 1465 839 1505 mathematicis
872 1465 1103 1517 praesertim
1142 1465 1283 1506 studiis
1317 1465 1514 1517 insignem
1549 1472 1588 1506 et
1623 1466 1867 1505 Iudaeorum
1900 1464 2059 1516 linguae
2093 1478 2229 1506 sacrae

193 1528 335 1581 peritia
351 1528 557 1569 illustrem.
616 1528 795 1569 Oratoris
815 1529 915 1569 sacri
935 1528 1121 1569 naeniam
1142 1529 1250 1568 illam
1271 1542 1375 1581 quae
1399 1530 1667 1569 Ecclesiastae
1686 1528 1832 1568 librum
1852 1527 2013 1577 claudit,
2036 1528 2125 1580 quis
2144 1535 2226 1569 tam

193 1592 327 1633 sobrie
354 1599 415 1632 est
443 1591 733 1644 interpretatus,
765 1592 854 1644 quis
888 1591 1081 1633 eruditius
1110 1592 1320 1645 explicavit
1333 1593 1369 1633 ?²
1426 1592 1534 1633 Olim
1569 1591 1726 1632 Veteris
1757 1591 2008 1631 Testamenti
2041 1593 2152 1632 locos
2185 1592 2226 1632 in

194 1656 315 1697 Novo
343 1656 608 1696 Testamento
638 1656 822 1696 laudatos
856 1669 1016 1696 summo
1047 1655 1198 1711 iudicio
1232 1655 1564 1704 examinaverat⁸;
1598 1654 1707 1695 idern
1742 1654 1969 1706 nuperrime
2006 1654 2228 1696 recentiora

193 1719 394 1771 quaedam
428 1719 802 1760 mathematicorum
831 1719 993 1759 inventa
1021 1733 1115 1759 cum
1149 1719 1314 1759 historia
1341 1718 1583 1771 geometriae
1610 1717 1800 1770 antiquae
1833 1717 2050 1758 coniunxit.
2122 1719 2228 1759 Boni

193 1788 340 1830 autem,
361 1779 439 1821 nisi
457 1781 581 1830 fallor,
599 1780 786 1833 theologi,
805 1781 903 1821 boni
923 1781 1206 1830 mathematici,
1226 1782 1323 1821 boni
1343 1780 1520 1832 denique
1540 1780 1716 1832 magistri
1731 1787 1802 1829 est,
1820 1787 1860 1820 et
1878 1779 2044 1831 antiqua
2063 1787 2103 1820 et
2123 1794 2228 1821 nova

193 1844 297 1886 inter
314 1857 403 1885 sese
428 1857 684 1896 comparare3
714 1857 819 1884 nova
843 1843 1030 1896 antiquis,
1051 1843 1218 1896 antiqua
1239 1843 1353 1884 novis
1377 1843 1513 1883 animo
1536 1843 1713 1896 ingenuo
1735 1844 2055 1892 accommodare,
2077 1850 2117 1883 et
2142 1842 2229 1884 sine

194 1907 277 1948 ullo
295 1905 467 1959 partium
488 1905 623 1946 studio
642 1905 840 1958 optimum
857 1906 1048 1958 quidque,
1065 1905 1147 1947 sive
1166 1905 1378 1958 antiquum
1394 1905 1476 1946 sive
1491 1919 1653 1955 novum,
1670 1905 1711 1944 in
1732 1906 1887 1945 honore
1906 1904 2046 1946 debito
2066 1905 2225 1946 habere.

299 1971 432 2011 Tanta
457 1983 552 2011 vero
570 1977 807 2022 argumenta
829 1970 948 2011 nobis
975 1970 1136 2020 maiora,
1160 1970 1279 2011 nobis
1305 1969 1470 2019 altiora3
1499 1969 1618 2010 nobis
1637 1970 1769 2021 placet
1789 1969 1923 2021 potius
1949 1968 2073 2009 hodie
2099 1968 2226 2008 virum

192 2049 216 2076 e
234 2033 406 2075 fallentis
425 2033 529 2074 vitae
549 2033 701 2082 semita,
723 2034 943 2086 sapientiae
962 2033 1093 2074 variae
1112 2032 1255 2074 studiis
1275 2040 1542 2082 consecratae,
1565 2034 1618 2073 ad
1642 2032 1842 2084 fastigium
1867 2031 2070 2084 dignitatis
2093 2040 2228 2072 tantae

193 2111 320 2151 nuper
349 2104 544 2147 evectum,
575 2111 659 2138 non
687 2097 801 2138 aliter
830 2111 878 2138 ea
906 2111 987 2150 qua
1015 2111 1087 2149 par
1114 2105 1175 2138 est
1203 2097 1424 2137 reverentia
1453 2095 1730 2148 contemplari,
1762 2109 1884 2148 quarn
1918 2096 1954 2136 ei
1984 2095 2053 2148 qui
2082 2095 2157 2147 ipsi
2186 2095 2227 2135 in

191 2161 366 2203 reductis
384 2160 554 2201 vallibus
574 2168 775 2201 morantes
795 2160 885 2201 illos
904 2162 1044 2213 procul
1064 2160 1313 2201 admirantur
1331 2160 1401 2213 qui
1421 2160 1462 2200 in
1482 2161 1607 2201 ardua
1627 2160 1792 2212 Alpium
1820 2159 2008 2209 culmina,
2030 2159 2125 2200 huic
2151 2159 2227 2212 ipsi

191 2237 276 2268 non
293 2223 460 2276 ignota⁴,
482 2237 505 2264 e
524 2223 693 2264 vallibus
713 2223 842 2264 isdem
863 2231 1082 2263 evaserunt.

303 2286 423 2326 Plura
447 2298 499 2326 ne
524 2287 737 2337 loquamur
762 2293 930 2325 monent
956 2293 1090 2326 vetera
1116 2284 1183 2325 illa
1208 2285 1329 2326 verba
1355 2284 1444 2325 libri
1470 2299 1494 2325 a
1521 2286 1699 2325 Doctore
1724 2292 1862 2325 nostro
1886 2286 2094 2337 quondam
2118 2284 2227 2334 editi,

193 2349 315 2390 verba
341 2348 529 2389 Doctoris
549 2348 652 2388 illius
680 2348 910 2396 Rabbinici,
930 2349 1011 2401 qui,
1036 2363 1129 2389 cum
1156 2356 1329 2390 aetatem
1356 2357 1483 2389 totam
1506 2348 1610 2390 inter
1629 2348 1830 2402 sapientes
1849 2351 2005 2402 egisset,
2027 2348 2127 2389 nihil
2153 2349 2229 2389 sibi

190 2411 390 2454 invenisse
408 2411 516 2452 visus
535 2418 595 2451 est
615 2411 770 2451 homini
788 2412 993 2464 pulchrius
1013 2426 1134 2464 quam
1155 2412 1388 2465 silentium⁶.

301 2477 421 2528 Ergo,
443 2482 487 2515 ut
508 2476 651 2515 Sacrae
677 2475 924 2527 Theologiae
951 2476 1158 2516 Professor
1183 2475 1426 2526 admittatur,
1449 2476 1564 2517 vobis
1590 2477 1780 2518 omnibus
1807 2477 1930 2518 hodie
1955 2483 2230 2529 praesentatur

195 2537 367 2591 Collegii
390 2537 482 2578 Divi
504 2537 669 2578 Ioannis
691 2537 894 2590 Magister,
917 2538 1118 2579 CARosz
1138 2540 1328 2578 TAYLOR.

1011 2683 1067 2727 16
1094 2679 1239 2745 June
1282 2680 1401 2727 1881

301 2787 389 2842 (57)
437 2789 592 2830 ULTRA
634 2788 844 2829 Oceanum
889 2786 1088 2836 Indicum,
1130 2786 1170 2827 in
1215 2787 1350 2827 medio
1389 2787 1470 2827 fere
1509 2799 1626 2826 cursu
1666 2786 1768 2827 inter
1806 2786 1960 2839 imperii
2007 2788 2227 2829 Britannici

191 2851 416 2906 provincias
454 2851 658 2899 maximas,
698 2850 800 2891 inter
840 2851 1000 2891 Indiam
1039 2858 1079 2891 et
1116 2849 1371 2899 Australiam,
1408 2849 1448 2889 in
1484 2851 1584 2890 freto
1621 2849 1801 2902 gentium
1836 2851 2019 2892 omnium
2058 2852 2226 2893 navibus

190 2915 455 2968 frequentato,
478 2907 732 2954 Britannicae
759 2913 930 2955 dicionis
953 2913 1083 2954 insula
1109 2914 1309 2966 quaedam
1335 2913 1466 2953 nautis
1489 2919 1529 2953 et
1552 2913 1840 2954 mercatoribus
1859 2914 2040 2967 plurimis
2065 2923 2225 2967 portum

280 3038 294 3062 ¹
317 3039 374 3072 W.
393 3040 442 3072 H.
459 3040 616 3080 Bateson,
636 3039 755 3073 Public
770 3039 905 3078 Orator,
927 3041 1095 3082 1848—57;
1119 3040 1248 3072 Master
1262 3040 1301 3072 os
1314 3039 1353 3072 St
1366 3038 1498 3082 John’s,
1520 3040 1680 3081 1857-81.
1945 3039 1960 3061 ²
1986 3042 2055 3074 The
2071 3042 2179 3084 Dirge
2193 3045 2230 3085 ο]

195 3083 358 3123 Coheleth,
382 3085 473 3126 1874.
720 3082 735 3103 ⁸
763 3084 831 3116 The
849 3084 964 3126 Gospel
975 3085 1014 3116 in
1029 3084 1084 3116 tlte
1097 3083 1194 3124 Law,
1217 3082 1311 3126 1869.
1548 3082 1563 3103 ⁴
1585 3083 1706 3116 Monte
1723 3084 1826 3124 Rosa,
1844 3085 1902 3118 the
1919 3086 2141 3124 Matterhom,
2159 3091 2223 3119 etc.

192 3126 207 3147 ⁶
233 3130 242 3145 ‘
253 3127 311 3160 All
327 3137 384 3170 my
398 3128 480 3170 days
498 3127 514 3159 1
531 3128 616 3160 have
630 3137 747 3170 grown
762 3138 808 3170 up
823 3132 978 3170 amongst
994 3128 1051 3160 the
1067 3127 1157 3167 wise,
1178 3127 1245 3160 and
1261 3127 1347 3160 have
1362 3132 1421 3160 not
1437 3126 1541 3159 found
1557 3126 1660 3169 aught
1676 3128 1765 3169 good
1782 3127 1834 3160 for
1851 3139 1871 3161 a
1891 3139 1969 3162 man
1991 3130 2050 3162 but
2071 3129 2194 3163 silence
2201 3130 2220 3169 ⁹,

193 3171 338 3213 Sayingoe
352 3171 585 3215 qfthesewish
603 3171 753 3209 Famem,
767 3172 778 3204 i
802 3173 852 3211 18,
870 3172 922 3204 ed.
944 3171 983 3204 C.
999 3171 1136 3214 Taylor.

1185 3257 1230 3295 31
