2704 3770
913 353 1204 419 Universz‘ty
1237 354 1303 418 of
1323 354 1380 402 E
1380 353 1642 419 dz'nburglz.

259 501 423 556 ingenio
447 502 639 551 illustrati,
661 511 810 546 vestras
839 505 979 546 laudes
1003 505 1224 557 loquuntur
1236 518 1248 554 3
1276 518 1299 545 e
1325 502 1527 556 lapidibus
1556 501 1765 554 insculptis
1791 502 1931 554 populi
1958 503 2135 544 Romani
2154 517 2284 545 rerum

259 572 460 617 gestarum
479 565 665 618 vitaeque
683 566 860 618 privatae
880 565 1116 608 memoriam
1136 566 1318 616 eruistis3
1347 565 1423 606 fori
1443 564 1621 606 Romani
1639 564 1730 604 lites
1749 565 1900 616 longas,
1922 566 2106 605 nondum
2127 578 2286 618 prorsus

261 627 316 671 ad
343 629 467 669 finem
494 630 721 681 perductas,
751 643 823 670 vos
851 643 924 682 pro
957 629 1059 670 virili
1087 628 1384 681 composuistis.
1444 630 1503 670 Ut
1536 628 1578 668 in
1613 627 1825 669 Graeciam
1858 635 2119 676 transeamus,
2151 629 2288 669 vestris

260 690 459 743 auspiciis,
482 692 692 733 simulacra
720 692 844 733 mirae
865 692 1097 742 venustatis,
1119 692 1161 733 in
1184 695 1394 744 Tanagrae
1417 691 1582 732 tumulis
1609 698 1777 743 reperta,
1798 692 1851 732 ad
1877 691 2085 743 pristinam
2112 692 2287 743 speciem

262 752 424 806 depicta
457 754 692 806 prodierunt
705 769 717 804 3
762 762 896 796 vestro
927 769 951 796 e
988 769 1158 796 numero
1196 768 1301 795 unus
1339 754 1523 795 omnium
1561 753 1759 794 artificum
1798 754 2045 794 Graecorum
2083 753 2288 794 historiam

261 815 415 868 optime
443 815 664 857 enarravit²
677 831 688 866 3
715 817 814 857 alter
842 816 1011 858 Phidiae
1037 818 1295 858 Parthenona
1321 830 1443 869 opere
1469 815 1616 857 eximio
1642 814 1853 866 descripsit
1864 815 1888 854 ².
1947 815 2072 866 Quod
2098 815 2142 864 si,
2164 829 2214 856 ex
2232 815 2289 855 eis

261 889 365 929 quos
384 885 564 919 mortuos
583 878 829 926 desideratis,
854 880 1072 919 nonnullos
1101 879 1267 920 nomine
1293 891 1611 920 commemorare
1630 877 1734 926 licet,
1757 890 1832 917 nos
1852 890 2016 929 quoque
2035 878 2291 918 recordamur

262 939 403 981 merita
427 942 629 994 praeclara
654 941 875 982 conditoris
903 950 1025 995 atque
1049 944 1155 983 adeo
1183 942 1393 983 servatoris
1420 941 1551 990 vestri,
1575 940 1756 982 Eduardi
1783 941 1966 981 Gerhard
1978 956 1990 991 3
2019 954 2094 982 nos
2115 954 2288 994 quoque,

261 1003 360 1043 dum
386 1004 505 1044 vestri
533 1003 632 1045 socii
660 1004 823 1045 Ottonis
849 1006 956 1056 Jahn
985 1005 1109 1046 libros
1137 1005 1456 1058 elegantissimos
1486 1005 1718 1054 evolvimus,
1740 1004 1849 1045 iuvat
1875 1017 2087 1057 excerpere
2114 1004 2177 1058 (ut
2205 1004 2291 1057 ipse

261 1064 487 1118 dictitabat)
524 1068 534 1087 ‘
548 1066 650 1107 inter
687 1066 782 1106 folia
815 1067 1013 1107 fructus'³
1025 1082 1036 1117 3
1083 1081 1158 1108 nos
1191 1068 1442 1120 Tragoediae
1481 1069 1660 1108 Graecae
1698 1066 1881 1107 criticum
1915 1066 2104 1107 subtilem
2142 1066 2184 1107 in
2221 1067 2291 1107 illo

259 1128 529 1180 agnoscimus,
549 1128 619 1181 qui
638 1129 742 1169 inter
761 1136 914 1170 vestros
933 1131 1222 1182 archaeologos
1247 1130 1364 1183 quasi
1387 1133 1486 1171 alter
1507 1133 1655 1172 Nestor
1674 1131 1744 1172 diu
1764 1131 2032 1184 imperitabat,
2056 1132 2291 1172 Fredericus

260 1191 444 1232 Welcker
456 1208 468 1243 3
496 1192 674 1245 denique
693 1200 875 1233 nostrum
896 1206 1060 1245 quoque
1080 1194 1122 1234 in
1142 1207 1260 1234 usum
1281 1202 1321 1234 et
1346 1194 1491 1234 artium
1519 1202 1559 1234 et
1588 1194 1808 1235 litterarum
1836 1195 2081 1235 Graecarum
2107 1193 2292 1235 historias

258 1251 326 1294 ille
345 1254 592 1306 conscripsit,
623 1254 693 1307 qui
721 1268 847 1307 prope
875 1255 982 1307 ipsas
1011 1257 1194 1297 Athenas
1222 1255 1350 1308 patria
1381 1258 1522 1308 procul
1551 1257 1732 1308 sepultus
1762 1264 1834 1303 est,
1864 1254 1908 1295 ὃν
1938 1254 2040 1295 οἶδεν
2066 1255 2210 1298 Ἑλλοὶς
2238 1256 2293 1309 χῶ

260 1317 476 1369 Koa-ww,
512 1320 681 1361 Carolus
715 1320 953 1361 Ottofredus
989 1321 1162 1361 Mueller
1173 1322 1196 1358 ⁵.
1257 1319 1416 1360 Artium
1455 1334 1551 1360 vero
1589 1319 1845 1372 antiquarum
1879 1319 2012 1361 vivida
2045 1319 2112 1359 illa
2145 1319 2293 1371 effigies

259 1379 400 1421 talium
420 1380 594 1422 virorum
620 1381 662 1421 in
691 1381 801 1422 libris
827 1395 1023 1434 expressa,
1045 1382 1110 1422 vix
1135 1382 1216 1423 dici
1242 1390 1377 1435 potest
1402 1390 1594 1435 quantam
1622 1382 1842 1423 litterarum
1868 1382 2123 1434 antiquarum
2151 1382 2293 1423 studiis

261 1440 342 1482 vim
370 1449 411 1483 et
437 1442 615 1496 vigorem
643 1442 832 1483 indiderit
845 1458 856 1493 3
893 1445 1070 1484 clamant
1098 1457 1240 1484 omnes
1269 1444 1539 1485 bibliothecae
1573 1451 1766 1496 quantam
1796 1452 1836 1484 et
1870 1444 2023 1489 Latinis
2056 1451 2096 1484 et
2130 1444 2294 1485 Graecis

261 1506 521 1559 scriptoribus
540 1510 672 1549 lucem
693 1507 812 1549 vestri
836 1508 996 1549 labores
1022 1508 1227 1549 attulerint
1240 1524 1251 1558 3
1280 1509 1384 1549 inter
1409 1522 1551 1549 omnes
1578 1515 1737 1548 constat
1766 1514 1963 1560 quantum
1989 1506 2128 1548 vestris
2152 1506 2294 1560 vigiliis

261 1569 500 1623 Capitolinis
521 1571 726 1612 Palatinus
746 1573 896 1624 Apollo
916 1572 1074 1612 debeat.

371 1637 497 1688 Quod
515 1646 651 1679 autem
671 1645 765 1679 ante
783 1638 891 1679 diem
915 1650 960 1678 xl
986 1639 1194 1678 Kalendas
1219 1637 1360 1686 Maias,
1383 1636 1479 1689 ipsis
1500 1636 1707 1685 Parilibus,
1728 1643 1858 1676 vestra
1878 1635 2074 1676 sollennia
2093 1636 2293 1676 celebrare

261 1698 534 1749 constituistis,
569 1701 719 1741 laetum
750 1700 959 1753 augurium
993 1714 1081 1741 esse
1113 1700 1351 1740 arbitramur
1362 1713 1374 1748 3
1413 1712 1494 1751 quo
1525 1697 1633 1739 enim
1663 1697 1760 1738 anni
1790 1697 1856 1738 die
1886 1699 2055 1738 lustrum
2088 1697 2293 1738 decimum

261 1763 463 1804 condituri
495 1764 601 1815 estis,
634 1766 791 1814 eodem,
822 1778 905 1805 non
938 1765 1063 1805 modo
1089 1765 1230 1804 urbem
1259 1763 1388 1815 ipsam
1422 1762 1628 1803 conditam
1667 1775 1766 1810 esse,
1797 1762 1870 1802 sed
1899 1774 2031 1802 arcem
2062 1763 2292 1802 Romanam

260 1824 434 1876 primum
467 1827 520 1867 ab
552 1834 686 1868 extera
714 1834 833 1879 gente
864 1834 1022 1879 captam
1052 1840 1139 1867 esse
1167 1826 1409 1878 accepimus.
1468 1824 1579 1865 Felix
1609 1823 1727 1876 igitur
1759 1825 1993 1876 faustusque
2026 1823 2076 1864 sit
2108 1823 2224 1863 vobis
2254 1831 2294 1864 et

260 1896 390 1930 vester
422 1897 463 1931 et
490 1890 600 1930 urbis
629 1890 771 1930 natalis
799 1890 885 1931 dies
899 1905 911 1940 3
945 1890 1053 1930 urbis
1081 1898 1267 1930 aeternae
1295 1889 1398 1929 inter
1427 1895 1690 1929 monumenta
1718 1895 1758 1928 et
1787 1887 1868 1928 diei
1896 1896 1936 1928 et
1964 1887 2043 1929 loci
2070 1887 2211 1940 genius
2239 1887 2294 1928 ita

259 1958 412 1992 vestros
430 1952 588 1993 labores
607 1966 678 2004 per
696 1952 868 2004 plurima
887 1952 930 1992 in
949 1953 1125 1992 futurum
1147 1954 1270 1992 lustra
1290 1953 1476 1999 fortunet‚
1499 1958 1544 1990 ut
1562 1963 1695 1991 arcem
1715 1949 1930 2002 Tarpeiam
1950 1958 1990 1990 et
2010 1950 2133 2002 ipsius
2154 1949 2294 1990 Italiae

259 2020 300 2054 et
319 2021 541 2056 exterarum
560 2015 740 2068 gentium
761 2029 908 2068 magno
929 2029 1022 2056 cum
1043 2017 1173 2056 fructu
1194 2014 1419 2056 diutissime
1439 2014 1620 2055 teneatis,
1678 2015 1831 2055 Valete.

366 2104 524 2143 Datum
542 2117 562 2143 e
585 2105 711 2145 Curia
736 2104 1127 2155 Cantabngzknsium,

476 2172 512 2199 a.
533 2160 570 2199 d.
592 2160 644 2199 iii
657 2160 763 2199 Non.
784 2159 945 2210 Apriles

585 2214 637 2253 A.
661 2214 702 2254 S.
724 2224 1016 2253 MDCCCLxxrx.

994 2366 1260 2406 Edinensium
1296 2364 1558 2405 Universitati

489 2447 533 2487 S.
555 2448 602 2486 P.
625 2447 682 2486 D.
717 2447 987 2487 Cancellarius
1014 2446 1211 2497 Magistri
1237 2445 1437 2485 scholares
1464 2444 1697 2484 Academiae
1731 2444 2073 2495 Cantabnjgienstlr.

369 2523 485 2577 (535)
533 2526 803 2566 PERGRATUM
847 2524 966 2565 nobis
1004 2524 1164 2573 fecistis,
1204 2523 1276 2564 viri
1313 2521 1547 2570 doctissimi,
1588 2523 1700 2573 quod
1738 2522 1974 2563 memoriam
2013 2521 2295 2563 Universitatis

258 2595 412 2629 vestrae
433 2587 583 2628 abhinc
607 2601 736 2628 annos
762 2594 963 2628 trecentos
989 2586 1177 2627 conditae
1200 2585 1437 2638 propediem
1467 2584 1716 2632 celebraturi,
1744 2598 1818 2625 nos
1848 2597 2011 2636 quoque
2039 2591 2172 2625 vestro
2200 2598 2293 2625 cum

257 2649 407 2704 gaudio
434 2649 667 2691 consociare
695 2650 885 2690 voluistis.
947 2651 1065 2702 Ergo,
1094 2657 1139 2689 ut
1170 2647 1279 2689 diem
1309 2655 1392 2688 tam
1426 2649 1602 2687 faustum
1633 2660 1683 2687 eo
1717 2659 1799 2699 quo
1830 2659 1901 2699 par
1931 2654 1992 2687 est
2024 2647 2179 2688 honore
2207 2660 2295 2698 pro-

258 2726 483 2766 sequamur,
508 2727 531 2754 e
560 2713 856 2754 Professoribus
885 2713 1030 2753 nostris
1059 2725 1198 2761 unum,
1226 2711 1354 2751 virum
1384 2712 1436 2751 de
1465 2710 1566 2751 lucis
1594 2710 1750 2762 legibus
1778 2710 2066 2762 investigandis
2093 2712 2294 2762 praeclare

258 2775 455 2826 meritum,
483 2784 636 2817 vestrae
664 2775 837 2816 laetitiae
866 2783 1010 2816 testem
1038 2783 1159 2827 atque
1188 2776 1292 2815 adeo
1321 2773 1568 2826 participem,
1594 2773 1764 2813 libenter
1793 2772 2017 2813 mittimus⁶.
2077 2775 2152 2814 Ille
2178 2773 2295 2826 igitur

257 2840 400 2881 urbem
428 2848 599 2882 vestram
629 2840 960 2893 pulcherrimam,
977 2841 1130 2891 legatus
1159 2846 1305 2886 noster,
1331 2836 1474 2877 inviset
1487 2851 1499 2887 3
1528 2838 1709 2877 Athenas
1738 2836 1825 2876 illas
1854 2844 2003 2877 vestras
2031 2838 2179 2889 hospes
2202 2836 2294 2876 felix

257 2903 519 2944 admirabitur
530 2917 542 2952 3
577 2904 852 2944 Professorum
880 2910 1101 2943 vestrorum
1132 2900 1264 2941 ordini
1293 2899 1433 2939 illustri
1461 2899 1663 2951 paulisper
1690 2900 1831 2939 saltem
1860 2899 2052 2939 interesse
2079 2898 2271 2951 gaudebit
2283 2914 2294 2949 3

257 2966 332 3007 toti
360 2966 536 3019 denique
559 2966 819 3008 Universitati
850 2973 1013 3015 vestrae,
1043 2965 1156 3006 cuius
1180 2963 1385 3004 historiam
1415 2976 1439 3003 a
1466 2962 1654 3003 Praeside
1683 2969 1815 3002 vestro
1843 2963 2068 3003 luculenter
2095 2968 2293 3001 narratam

343 3066 357 3088 ²
381 3067 547 3101 Heinrich
563 3068 690 3106 Brunn,
711 3068 893 3101 Geschiclzte
908 3068 968 3100 der
976 3067 1205 3110 griechischen
1223 3065 1399 3105 Kiinstler,
1419 3065 1521 3102 Rom,
1544 3065 1624 3105 1852
1645 3063 1842 3106 (Munchem
1866 3063 1989 3108 18892).
2144 3061 2159 3083 ²
2182 3060 2294 3095 Adolf

258 3111 447 3150 Michaelis,
464 3112 540 3145 Der
555 3112 760 3152 Parthenon,
779 3111 929 3155 Leipzig,
950 3113 1045 3153 1871.
1163 3110 1177 3131 ³
1201 3110 1275 3142 The
1291 3114 1400 3142 motto
1416 3108 1456 3141 of
1466 3108 1519 3141 his
1533 3108 1745 3151 book-plate.
1867 3107 1882 3128 ⁴
1905 3108 2080 3151 Aristoph.
2098 3108 2196 3147 Aves,
2215 3106 2292 3150 998·

257 3154 590 3233 chfiffipligrrrligtrigged
605 3156 651 3198 by
667 3166 687 3188 a
703 3161 901 3189 monument
917 3166 962 3188 on
978 3156 1035 3189 the
1051 3154 1114 3187 hill
1129 3154 1167 3187 of
1179 3154 1341 3187 Colonos.
1482 3151 1497 3173 ⁶
1520 3152 1564 3186 G.
1582 3152 1624 3186 G.
1646 3152 1781 3192 stokes,
1802 3152 1916 3192 M.A.,
1937 3152 2105 3185 Lucasian
2123 3150 2295 3184 Professor

1243 3282 1318 3321 237
