2704 3770
834 322 1058 372 Wz‘llz‘am
1082 322 1223 388 John
1257 323 1454 372 Butler.
1525 323 1579 371 E
1579 322 1762 371 dward
1787 321 2110 372 Bz'ckerstetlz.

466 467 687 520 reportavit.
746 469 941 519 Magnum
978 467 1156 519 profecto
1193 473 1253 506 est
1289 466 1428 506 ultima
1465 480 1512 506 ex
1548 466 1683 507 Africa
1719 466 1855 518 spoliis
1892 466 2036 518 opimis
2073 473 2261 507 onustum
2298 466 2447 507 redisse
2460 480 2472 516 3

467 530 628 571 laudem
656 541 750 569 vero
778 528 967 569 maiorem
996 527 1128 569 eidem
1157 527 1329 568 destinat
1356 527 1488 576 virtus,

1345 599 1552 640 ‘diadema
1579 606 1706 640 tutum

1059 655 1241 694 deferens
1269 653 1350 703 uni,
1380 654 1660 706 propriamque
1687 655 1852 703 laurum,

1056 707 1235 759 quisquis
1262 707 1442 759 ingentes
1470 710 1588 748 oculo
1616 708 1795 748 irretorto

1322 769 1474 813 spectat
1502 775 1663 802 acervos
1676 762 1714 800 ’¹.

571 837 698 878 Vobis
718 843 926 890 praesento
946 836 1073 876 virum
1092 837 1144 876 de
1164 835 1304 876 studiis
1324 836 1631 887 morphologicis
1651 835 1802 888 optime
1823 836 2018 885 meritum,
2035 837 2286 876 WALTERUM
2304 838 2465 877 HEAPE.

1271 1008 1328 1056 27
1366 995 1497 1044 Nov.
1543 997 1664 1057 1885

570 1118 656 1171 (95)
686 1119 840 1159 NUPER
865 1117 906 1157 in
935 1119 1021 1158 foro
1051 1119 1249 1165 Romano,
1270 1131 1353 1158 non
1378 1117 1463 1158 sine
1487 1131 1632 1169 magno
1656 1118 1864 1158 hominum
1893 1120 2103 1160 doctorum
2131 1120 2287 1172 gaudio,
2311 1120 2466 1160 Atrium

461 1185 609 1224 Vestae
628 1181 707 1221 luci
726 1181 926 1221 redditum
952 1188 1021 1229 est,
1044 1187 1094 1229 et,
1116 1180 1324 1232 Virginum
1343 1180 1564 1220 Vestalium
1590 1180 1631 1220 in
1657 1182 1817 1221 laudem
1844 1181 1988 1233 scripti,
2010 1182 2113 1222 tituli
2138 1182 2347 1223 honorifici
2375 1190 2467 1223 sunt

460 1243 614 1296 reperti.
684 1244 848 1293 Quanto
885 1249 1019 1282 autem
1058 1241 1206 1281 maiore
1243 1255 1334 1281 cum
1372 1243 1575 1293 voluptate
1612 1242 1722 1282 illum
1760 1242 1881 1283 hodie
1918 1243 2034 1283 titulo
2071 1251 2207 1284 nostro
2244 1245 2466 1285 honorifico

459 1319 658 1355 ornamus,
685 1305 754 1357 qui
783 1305 823 1345 in
850 1305 935 1357 ipsa
960 1305 1105 1357 Anglia
1132 1305 1342 1356 collegium
1372 1305 1672 1345 celeberrimum
1702 1305 1855 1357 piarum
1883 1306 2036 1346 illarum
2066 1319 2244 1346 sororum
2273 1307 2464 1356 fundavit,

459 1382 572 1420 quae,
606 1366 823 1407 ministerio
857 1366 1106 1406 sanctissimo
1139 1367 1318 1414 devotae,
1350 1373 1389 1406 et
1421 1380 1641 1418 pauperum
1675 1367 1715 1406 in
1746 1367 1920 1407 tabernis
1950 1375 1989 1407 et
2021 1368 2308 1419 aegrotantium
2341 1381 2466 1420 prope

458 1434 592 1479 lectos,
624 1429 822 1482 religionis
852 1430 1054 1469 flammam
1084 1431 1353 1481 incorruptam
1383 1437 1630 1479 conservant,
1661 1437 1700 1469 et
1733 1430 1923 1471 ecclesiae
1955 1431 2011 1470 illi
2041 1433 2209 1471 fideliter
2235 1431 2463 1480 inserviunt,

458 1506 579 1545 quam
608 1491 786 1544 plerique
814 1490 923 1542 regni
950 1490 1166 1530 Britannici
1193 1490 1306 1542 quasi
1333 1490 1555 1530 Palladium
1584 1504 1670 1531 esse
1698 1491 1946 1531 arbitrantur.
2005 1494 2098 1544 Ipse
2123 1493 2164 1532 in
2188 1493 2339 1545 oppido
2364 1493 2465 1546 regis

457 1554 609 1594 Alfredi
628 1552 880 1593 incunabulis
899 1551 1053 1603 insigni,
1076 1551 1117 1591 in
1137 1553 1226 1592 loco
1246 1551 1314 1592 illo
1334 1552 1445 1592 cuius
1465 1552 1596 1604 ipsum
1622 1565 1770 1593 nomen
1797 1566 1888 1593 curn
1910 1554 2072 1594 nomine
2098 1554 2262 1595 huiusce
2287 1562 2369 1595 tarn
2395 1554 2464 1595 diu

457 1616 784 1665 consociavimus,
819 1615 1020 1655 laboribus
1050 1614 1168 1654 sacris
1201 1622 1359 1655 strenue
1390 1615 1588 1655 obeundis
1616 1629 1743 1655 annos
1776 1617 1864 1667 plus
1894 1630 2013 1668 quam
2044 1617 2202 1669 triginta
2234 1618 2461 1658 dedicavit⁵.

458 1682 610 1726 Postea,
642 1678 743 1717 inter
772 1676 963 1717 ecclesiae
991 1675 1273 1727 Wigorniensis
1302 1677 1517 1716 canonicos
1543 1678 1703 1725 electus,
1731 1677 1838 1717 idern
1868 1677 1934 1717 ille
1964 1678 2032 1729 qui
2062 1680 2113 1719 de
2142 1678 2293 1720 civibus
2322 1681 2465 1721 nostris

456 1743 508 1781 ad
539 1739 717 1779 militiam
746 1738 1007 1779 domesticam
1037 1737 1209 1777 evocatis
1238 1738 1341 1779 bene
1370 1738 1531 1778 meritus
1560 1746 1652 1788 erat,
1678 1740 1897 1790 puellarum
1926 1741 2063 1779 schola
2090 1740 2275 1792 auspiciis
2303 1741 2464 1794 optimis

457 1803 629 1850 condita,
651 1800 916 1840 recentiorum
942 1799 1123 1839 laborum
1149 1800 1315 1838 lustrum
1342 1799 1506 1839 feliciter
1531 1800 1722 1840 condidit.
1780 1802 1919 1852 Nuper
1944 1800 2118 1852 denique
2145 1804 2336 1844 ecclesiae
2361 1803 2464 1844 illius

458 1868 646 1905 Decanus
666 1863 806 1903 merito
825 1870 885 1903 est
908 1868 1072 1910 creatus,
1101 1861 1165 1901 cui
1191 1863 1435 1902 Blakesleius
1462 1864 1526 1903 ille
1550 1870 1693 1911 noster,
1716 1863 1883 1914 Collegii
1911 1863 2091 1903 eiusdem
2119 1866 2315 1915 alumnus,
2335 1880 2464 1907 annos

456 1926 646 1968 tredecim
675 1925 846 1965 maxima
871 1938 963 1964 cum
990 1923 1181 1975 dignitate
1206 1926 1436 1975 praefuerat.
1497 1925 1577 1964 Diu
1601 1926 1739 1977 templi
1765 1926 1867 1965 illius
1889 1926 2086 1978 magnifici
2105 1941 2262 1978 praeses
2281 1929 2460 1981 supersit,

457 1991 567 2042 quod
587 1988 728 2041 triplici
748 1988 913 2027 turrium
932 1986 1055 2038 gloria
1073 1986 1215 2027 veteris
1236 1987 1356 2027 Lindi
1376 1989 1518 2027 collem
1540 1989 1617 2027 late
1636 1988 1898 2039 conspicuum
1919 1998 2093 2039 coronat,

1049 2074 1128 2111 qua
1159 2062 1322 2112 ‘planus
1351 2062 1512 2102 modico
1541 2070 1696 2102 tumore
1726 2070 1859 2103 vertex

1048 2116 1159 2154 caelo
1187 2115 1395 2166 perfruitur
1423 2116 1619 2156 sereniore
1632 2131 1643 2165 3

1048 2176 1097 2216 et,
1129 2182 1266 2208 curvas
1295 2170 1442 2209 nebula
1470 2177 1628 2221 tegente
1655 2172 1786 2219 valles,

1048 2224 1155 2261 solus
1184 2224 1272 2262 luce
1301 2223 1400 2264 nitet
1427 2223 1666 2275 peculiari’³.

564 2295 691 2336 Vobis
710 2302 920 2348 praesento
946 2294 1071 2334 virum
1097 2295 1318 2335 admodum
1338 2297 1608 2344 reverendum,
1633 2299 1840 2337 Decanum
1863 2298 2195 2348 Lincolniensem,
2216 2301 2460 2342 W1LELMUM

458 2362 660 2400 IOANNEM
683 2361 870 2399 BUTLER.

1270 2514 1329 2558 26
1365 2511 1476 2561 Feb.
1520 2513 1644 2560 1886

565 2635 653 2687 (96)
683 2636 837 2675 Nosns
863 2646 1003 2674 omnes
1030 2635 1169 2674 urbem
1193 2634 1299 2673 illam
1324 2648 1518 2686 magnam,
1548 2635 1588 2675 in
1618 2636 1735 2676 India
1764 2637 2059 2688 septentrionali
2087 2640 2290 2690 antiquam
2320 2640 2460 2692 imperi

458 2698 605 2747 sedem,
627 2710 730 2749 quae
749 2710 873 2748 prope
892 2696 1050 2748 triginta
1068 2696 1215 2736 abhinc
1234 2710 1373 2744 annos,
1397 2697 1601 2738 seditionis
1619 2699 1887 2740 atrocissimae
1910 2700 2011 2740 inter
2033 2703 2224 2750 flammas,
2246 2702 2460 2743 Christian-

457 2773 570 2800 orum
586 2759 776 2811 sanguine
790 2758 1064 2798 innocentium
1080 2771 1293 2809 conspersa
1312 2758 1399 2798 est⁴.
1443 2760 1573 2799 Semen
1593 2773 1685 2800 vero
1703 2766 1760 2800 est
1774 2762 1934 2811 sanguis
1952 2763 2308 2812 Clcnlrtianorum⁵5
2335 2764 2376 2804 in
2391 2764 2460 2805 illo

457 2829 562 2861 certe
599 2823 690 2860 loco
727 2819 1043 2861 Christianorum
1073 2819 1231 2859 colonia
1267 2819 1395 2860 indies
1433 2821 1634 2860 florentior
1662 2821 1896 2873 iampridem
1928 2823 2142 2863 constituta
2173 2831 2233 2864 est
2246 2839 2257 2874 ;
2293 2832 2333 2865 et
2365 2827 2459 2866 fidei

457 2883 798 2934 propugnaculum
829 2882 926 2921 illud
952 2880 1136 2920 manibus
1166 2881 1405 2921 fidelissimis
1435 2883 1530 2921 olim
1559 2884 1779 2931 fundatum,
1811 2890 1949 2934 postea
1982 2891 2065 2923 turn
2096 2885 2148 2924 ab
2175 2885 2260 2925 aliis
2289 2899 2458 2938 quorum

544 2981 556 3001 1
581 2981 725 3018 Horace,
755 2980 869 3012 Carm.
892 2979 915 3011 ii
941 2989 969 3018 2,
998 2989 1033 3010 21
1054 2978 1075 3011 f.
1274 2978 1288 2997 ²
1310 2978 1411 3011 Vicat
1427 2979 1465 3011 of
1475 2979 1651 3022 Wantage,
1671 2980 1755 3012 from
1776 2955 1868 3022 1846.
2057 2980 2072 3001 ³
2094 2982 2238 3022 Martial,
2265 2984 2298 3015 iv
2320 2984 2373 3025 64,
2397 2994 2415 3026 5
2433 2985 2457 3017 f.

458 3024 472 3044 ⁴
495 3026 578 3057 Rev.
613 3024 663 3055 Μ.
687 3024 720 3065 J.
746 3023 920 3065 Jennings,
948 3023 1031 3054 Rev.
1060 3022 1104 3054 A.
1134 3022 1174 3053 R.
1211 3022 1389 3061 Hubbard,
1423 3023 1545 3055 Daniel
1576 3023 1692 3056 Corrie
1723 3023 1864 3066 Sandys,
1897 3025 1964 3057 and
1995 3025 2106 3058 others
2136 3024 2187 3066 (11
2222 3027 2314 3069 May,
2349 3027 2457 3070 1857).

458 3068 471 3088 ⁶
494 3066 690 3106 Tertullian,
716 3067 809 3107 Apol.
835 3074 876 3107 50
898 3066 942 3097 ad
964 3065 1021 3097 fin.

1428 3149 1476 3189 52
