2704 3770
948 312 1138 379 joseph
1160 311 1324 379 joach
1329 313 1412 363 im.

281 458 348 498 Tu
365 471 472 508 vero,
493 458 563 510 qui
581 459 661 499 hoc
679 458 768 511 ipso
788 458 855 500 die
874 471 996 510 quem
1016 471 1039 498 e
1058 465 1146 498 toto
1165 457 1307 498 ordine
1327 465 1481 510 septem
1501 456 1657 498 dierum
1677 459 1890 509 populares
1905 458 1963 497 tui
1978 457 2199 498 honoribus

172 518 419 572 accipiendis
438 521 616 561 faustum
641 534 729 562 esse
756 528 978 570 autumant,
1003 519 1162 561 Artium
1189 520 1381 572 Magister
1403 527 1566 572 propter
1591 519 1732 560 merita
1756 518 1878 559 hodie
1897 520 1979 568 fies,
2001 527 2104 560 artes
2132 531 2199 560 eas

172 581 320 634 quibus
343 583 449 623 hanc
473 583 718 624 Academiae
741 583 903 623 laudem
928 582 1117 632 meruisti,
1137 595 1210 635 per
1234 584 1348 635 plura
1373 582 1494 623 etiam
1517 583 1640 623 lustra
1662 581 1766 622 inter
1787 594 1863 621 nos
1886 581 2017 622 indies
2045 581 2199 622 felicius

171 645 343 687 acolas.

282 707 403 748 Duco
420 707 475 748 ad
493 720 565 748 vos
586 706 749 748 Emfxa
769 706 1054 749 Maouusson.

972 835 1001 882 8
1037 833 1227 883 March
1270 850 1287 882 1
1298 835 1359 895 87
1370 846 1396 896 7

279 943 340 998 (3)
383 945 512 996 QUAE
530 944 680 986 abhinc
698 958 827 986 annos
846 945 1006 997 triginta
1025 945 1066 986 in
1086 946 1163 986 hac
1177 945 1263 998 ipsa
1279 944 1398 995 curia,
1413 958 1548 985 coram
1564 945 1733 985 Alberto
1749 943 1934 996 Principe
1949 944 2200 985 Cancellario

170 1013 310 1049 nostro
331 1007 555 1048 admodum
575 1007 776 1057 deflendo,
799 1020 933 1048 coram
953 1007 1040 1060 ipsa
1061 1008 1217 1060 Regina
1236 1007 1389 1048 nemini
1409 1015 1590 1048 nostrum
1611 1020 1694 1047 non
1714 1007 1871 1055 dilecta,
1894 1007 2012 1055 hunc,
2035 1006 2197 1047 vixdum

170 1081 194 1110 e
213 1068 345 1123 pueris
364 1083 579 1122 egressum,
600 1070 767 1111 eximios
790 1078 931 1111 cantus
956 1070 1105 1111 fidibus
1131 1071 1410 1111 modulantem
1436 1069 1612 1116 audivit;
1641 1070 1783 1110 eadem
1810 1069 2032 1109 Academia
2057 1068 2196 1117 virum,

170 1145 242 1185 per
273 1146 438 1175 omnem
472 1135 678 1186 Europam
711 1133 814 1174 inter
845 1134 1045 1186 principes
1078 1135 1200 1174 totius
1230 1134 1324 1174 artis
1355 1132 1532 1173 musicae
1564 1132 1646 1173 iam
1678 1131 1749 1173 diu
1778 1139 2043 1181 numeratum,
2077 1131 2198 1172 hodie

169 1195 359 1238 reducem
385 1198 535 1239 salvere
565 1197 688 1238 iubet.
747 1197 887 1239 Hodie
913 1197 1031 1238 nobis
1057 1197 1237 1238 redditus
1262 1205 1323 1238 est
1350 1196 1761 1249 Orpheus‚——utinam
1784 1196 1871 1248 ipsa
1894 1196 2013 1236 etiam
2040 1197 2199 1236 adesset

170 1258 408 1312 Eurydice¹;
441 1273 551 1301 nunc
575 1260 731 1310 iterum,
764 1268 808 1301 ut
836 1265 980 1313 poetae
1011 1260 1141 1301 verbis
1171 1268 1259 1300 utar
1285 1273 1406 1313 quem
1437 1261 1663 1301 Cremonae
1691 1258 1822 1299 vicina
1849 1259 1988 1311 genuit
2015 1260 2196 1307 Mantua,

169 1321 367 1365 Academi
395 1324 437 1364 in
465 1323 572 1364 silvis
601 1325 789 1377 Orpheus

527 1389 782 1441 ‘obloquitur
809 1389 986 1430 numeris
1014 1396 1169 1442 septem
1198 1389 1429 1430 discrimina
1456 1402 1615 1437 vocum,

550 1443 713 1495 iamque
741 1445 884 1485 eadem
913 1444 1057 1496 digitis,
1089 1444 1169 1484 iam
1198 1444 1358 1497 pectine
1386 1445 1517 1496 pulsat
1547 1444 1753 1484 ebumo'2.

172 1507 285 1559 Quid
303 1509 437 1551 dicam
457 1510 510 1550 de
535 1510 610 1550 illis
636 1512 706 1562 qui
731 1510 834 1552 inter
858 1512 1032 1551 fautores
1058 1511 1159 1551 tanti
1178 1510 1327 1563 ingenii
1355 1511 1452 1551 olim
1472 1510 1716 1560 exstiterunt,
1738 1512 1790 1551 de
1817 1510 1907 1550 viris
1931 1510 2197 1562 sempiternae

171 1571 389 1614 memoriae
408 1571 744 1613 Mendelssohnio
763 1580 803 1613 et
823 1574 1114 1614 Schumanno?
1162 1573 1293 1614 Nobis
1312 1580 1448 1613 autem
1469 1581 1676 1625 tamquam
1696 1572 1839 1625 triplici
1859 1573 2019 1613 vinculo
2035 1571 2196 1623 hospitii

169 1632 409 1676 coniunctus
437 1642 498 1675 est
529 1635 680 1687 Regiae
709 1635 953 1676 Academiae
979 1635 1138 1675 Artium
1167 1636 1278 1688 apud
1305 1637 1584 1676 Berolinenses
1612 1636 1828 1683 Professor,
1857 1635 1976 1674 trium
2003 1636 2196 1686 deinceps

170 1697 446 1739 Professomm
479 1698 870 1750 Cantabrigiensium
903 1698 1067 1747 amicus,
1109 1698 1283 1751 primum
1320 1700 1507 1739 Thomae
1544 1699 1734 1738 Attwood
1772 1698 2012 1750 Walmisley,
2048 1697 2197 1738 deinde

170 1758 343 1801 wilelmi
375 1761 584 1802 Sterndale
618 1762 804 1810 Bennett,
835 1761 1012 1813 denique
1040 1761 1145 1801 illius
1173 1761 1243 1814 qui
1271 1775 1399 1814 nuper
1427 1762 1571 1801 horum
1600 1773 1803 1801 sacrorum
1832 1761 1997 1801 antistes
2025 1774 2050 1800 a
2082 1760 2196 1800 vobis

170 1828 233 1862 en
259 1829 426 1872 creatus’
551 1856 617 1897 τὸν
643 1856 730 1909 περὶ
758 1857 885 1896 Μοῦσ’
915 1857 1091 1908 ἐφίλησε,
1122 1857 1226 1897 δίδου
1254 1857 1285 1898 δ’
1317 1856 1461 1911 ἀγαθόν
1487 1874 1529 1897 τε
1557 1856 1671 1896 κακόν
1698 1873 1751 1905 τε,

551 1910 762 1963 ὀφθαλμῶν
793 1913 863 1963 μὲν
895 1910 1048 1963 ἄμερσε,
1083 1911 1185 1952 δίδου
1217 1911 1250 1952 δ’
1282 1911 1412 1963 ἡδεῖαν
1443 1911 1606 1963 οἶοιὸήνθ.

168 1981 310 2023 Tantis
342 1981 460 2036 igitur
491 1983 680 2036 gloriatur
712 1984 1038 2037 praeceptoribus
1071 1999 1134 2025 ars
1164 1985 1242 2035 illa,
1274 1998 1378 2037 quae
1408 1984 1449 2024 in
1481 1984 1698 2025 solitudine
1731 1984 1971 2032 consolatur,
2004 1982 2046 2022 in
2079 1983 2196 2024 turba

167 2045 342 2088 delectat
368 2047 554 2100 vitaeque
582 2048 810 2089 communis
836 2048 1070 2089 societatem
1096 2048 1376 2089 iucundiorem
1403 2048 1534 2089 reddit
1547 2063 1558 2098 3
1591 2061 1696 2100 quae
1722 2049 1848 2087 sessos
1874 2055 2035 2096 recreat,
2062 2061 2197 2099 aegro-

167 2109 359 2159 tantibus,
389 2111 423 2152 si
451 2125 534 2152 non
562 2111 691 2165 ipsam
717 2114 812 2153 dare
838 2114 1007 2153 salutem
1038 2112 1157 2165 (sicut
1186 2112 1284 2152 olim
1310 2111 1525 2152 insanienti
1555 2112 1837 2152 Hebraeorum
1866 2111 1975 2164 regi),
2004 2111 2195 2151 auxilium

167 2179 304 2215 tamen
340 2174 593 2228 aliquatenus
630 2178 731 2217 ferre
768 2176 891 2217 hodie
924 2183 1092 2216 conatur
1105 2191 1116 2225 ;
1154 2189 1258 2228 quae
1288 2176 1420 2228 ipsum
1456 2175 1534 2215 Dei
1567 2177 1720 2215 cultum
1753 2174 1925 2222 adiuvat,
1961 2182 2000 2215 et
2033 2174 2196 2215 intimos

166 2236 291 2278 animi
309 2239 475 2280 affectus
494 2240 689 2293 exprimit,
710 2240 798 2293 ipsa
817 2239 958 2280 intima
977 2253 1235 2280 numerorum
1261 2247 1536 2291 cantuumque
1562 2238 1654 2278 nixa
1683 2237 1861 2278 seientia.
1921 2238 2032 2288 Quid
2059 2246 2195 2279 autem

167 2299 200 2340 si
237 2314 301 2342 ars
338 2309 450 2343 tanta
488 2305 698 2345 Musarum
736 2303 901 2344 nomine
939 2317 1030 2344 vere
1071 2303 1204 2355 digna,
1244 2302 1286 2343 in
1329 2304 1405 2343 hac
1442 2303 1564 2343 etiam
1604 2303 1814 2342 Musarum
1849 2303 1974 2342 domo
2006 2302 2120 2354 quasi
2154 2304 2194 2341 in

167 2362 352 2405 ordinem
384 2365 546 2406 redacta
577 2373 700 2418 atque
732 2365 796 2406 via
828 2367 1005 2417 quadam
1038 2373 1079 2406 et
1109 2365 1262 2406 ratione
1292 2364 1466 2405 alumnis
1497 2364 1642 2404 nostris
1673 2364 1827 2413 tradita,
1864 2366 1966 2405 inter
1999 2364 2196 2405 severiora

167 2433 304 2468 nostra
329 2427 461 2470 studia
489 2430 628 2470 sedem
654 2443 768 2469 suam
796 2429 1016 2482 aliquando
1044 2428 1295 2470 vindicabit?
1351 2429 1463 2479 Quid
1492 2428 1536 2477 si,
1558 2428 1663 2469 inter
1690 2435 1750 2468 tot
1782 2428 1992 2479 ‘tripodas,
2020 2428 2196 2480 praemia

167 2488 354 2538 fortium,'
382 2503 529 2531 novam
558 2492 763 2543 quandam
792 2493 1009 2532 laureolam
1041 2491 1220 2544 Apollini
1251 2493 1487 2543 Musagetae
1517 2490 1704 2532 dedicare
1738 2490 1971 2531 volueritis?
2028 2490 2194 2531 Interim

167 2550 263 2592 huic
294 2552 494 2605 Apollinis
528 2553 710 2594 ministro
743 2567 865 2605 quem
893 2553 1026 2606 ipsum
1055 2567 1180 2606 prope
1208 2554 1490 2606 appellaverim
1521 2552 1834 2602 Arcitenentem,
1866 2552 1961 2592 huic
1990 2552 2195 2605 interpreti

167 2621 275 2655 certe
313 2614 540 2656 divinorum
573 2615 615 2655 in
652 2623 737 2656 arte
774 2629 846 2656 sua
883 2617 1057 2656 virorum
1096 2616 1319 2656 Sebastiani
1357 2617 1469 2655 Bach
1506 2623 1546 2655 et
1585 2615 1782 2655 Ludovici
1821 2616 2079 2664 Beethoven;
2126 2615 2195 2667 qui

167 2689 336 2729 magnus
373 2676 459 2730 ipse
497 2685 608 2719 vates
646 2691 882 2730 magnorum
916 2686 1051 2718 vatum
1091 2678 1326 2718 memoriam
1364 2691 1448 2718 non
1487 2676 1580 2717 sinit
1618 2677 1821 2727 interire⁴;
1876 2678 1981 2717 hanc
2018 2678 2193 2717 lauream

167 2745 346 2780 nostram
373 2740 665 2792 Apollinarem,
690 2741 799 2780 hunc
827 2740 986 2780 titulum
1018 2740 1206 2781 Doctoris
1235 2740 1276 2780 in
1305 2739 1474 2788 Musica,
1496 2740 1648 2780 donare
1676 2739 1792 2780 licet:
1826 2739 1895 2791 qui
1924 2740 2055 2780 honos
2084 2753 2196 2779 num-

167 2814 290 2855 quam
322 2805 494 2845 antehac
525 2804 578 2845 ab
611 2806 692 2844 ulla
725 2804 947 2845 Academia
980 2804 1211 2844 Britannica
1238 2803 1399 2844 habitus
1428 2811 1488 2843 est
1515 2803 1773 2855 alienigenae,
1804 2816 1887 2843 uno
1916 2802 1986 2843 illo
2014 2811 2193 2856 excepto,

167 2864 237 2917 qui
266 2866 467 2908 nascentis
496 2868 638 2909 mundi
665 2868 883 2921 primordia
910 2867 1126 2907 immortali
1153 2874 1274 2907 cantu
1304 2866 1559 2915 consociavit,
1592 2866 1770 2917 Iosepho
1800 2866 1982 2917 Haydn³,

275 2930 331 2969 At
359 2929 468 2970 enim
497 2929 644 2971 αἴλινον
673 2930 730 2970 ἐπ’
758 2930 906 2982 εὐτυχεῖ
930 2932 1066 2983 μολπᾷ
1093 2930 1239 2981 Φοῖβος
1268 2931 1401 2981 ῖακχεῖ,
1428 2928 1496 2968 τοῖν
1522 2928 1817 2981 καλλίφθογγον
1844 2926 2000 2978 κιθάραν
2029 2928 2194 2967 ἐλαύνων

166 2988 348 3044 πλήκτρῳ
364 2992 542 3044 xpm-49⁶.
604 2994 826 3033 Gravamur
845 2993 967 3033 hodie
986 2992 1128 3033 abesse
1148 2993 1383 3044 popularem
1403 2990 1522 3031 huius
1538 2989 1618 3039 viri,
1635 2991 1805 3030 alterurn
1823 2992 2032 3030 Musarum
2047 2992 2196 3031 Teuto-

254 3068 425 3123 ¹mAmalie
441 3071 576 3116 (Weiss)
590 3072 758 3116 joachim,
776 3073 834 3105 the
849 3073 952 3106 noted
968 3073 1134 3106 contralto
1148 3073 1271 3116 singer.
1305 3115 1312 3122 ·
1441 3070 1456 3090 ²
1480 3070 1598 3122 virgil,
1615 3071 1699 3103 Aen.
1720 3070 1753 3103 iv
1769 3069 1843 3120 646.
2016 3068 2030 3089 ³
2054 3070 2195 3120 Homer,

171 3113 231 3147 Od.
251 3124 310 3148 vm
324 3114 379 3148 61.
610 3116 625 3136 ⁴
648 3117 825 3155 Overture,
842 3127 887 3149 on
902 3117 960 3149 the
975 3117 1076 3149 death
1098 3116 1136 3149 of
1155 3117 1212 3149 the
1229 3121 1445 3160 patum-poet
1463 3115 1628 3147 Heinrich
1644 3125 1708 3147 von
1727 3114 1848 3153 Kleist,
1867 3114 2050 3157 composed
2064 3114 2115 3146 for
2131 3114 2197 3147 this

167 3157 333 3191 occasion.
686 3159 700 3180 ⁶
724 3161 814 3193 Mus.
832 3161 918 3193 Doc.
937 3165 972 3193 at
989 3161 1132 3199 Oxsord,
1155 3169 1248 3204 1794.
1600 3156 1614 3178 ⁸
1638 3158 1718 3191 Eur.
1734 3159 1782 3191 H.
1799 3159 1838 3190 F.
1857 3167 1933 3201 349.

1169 3246 1193 3284 3
1987 3245 2086 3270 1-2
