2704 3770
271 327 427 376 Adm.
457 325 706 393 Sirsohn
729 324 925 374 Fislzer.
1000 322 1097 372 Sir
1116 322 1192 371 H.
1215 339 1308 371 von
1334 320 1634 371 Herkomer.
1708 321 1845 371 Hon.
1878 321 1931 371 C.
1958 322 2029 372 A.
2059 322 2295 371 Parsons.

274 475 416 526 Nuper
432 473 557 514 animi
575 474 717 514 ardore
731 473 859 526 prope
877 471 1041 513 iuvenili
1055 471 1279 519 instinctus,
1297 483 1381 511 rem
1396 468 1593 521 imprimis
1612 469 1779 509 arduam
1795 481 2001 519 aggressus
2015 475 2086 508 est.
2142 470 2303 520 Nempe

273 537 415 578 orbem
434 537 638 588 quendam
658 535 868 577 doctrinae
885 534 1065 582 forensis,
1086 533 1127 574 in
1148 532 1332 574 ordinem
1351 531 1545 572 idoneum
1566 532 1786 579 redactum,
1804 530 2009 570 edendum
2029 530 2214 582 suscepit,
2233 530 2302 582 qui

273 598 605 651 imispmdentiae
616 598 760 639 studiis
778 598 864 639 sine
884 597 1011 639 dubio
1025 596 1198 637 maxime
1217 594 1393 648 proderit
1401 596 1424 634 ¹.
1484 594 1620 646 Opere
1638 593 1680 633 in
1700 600 1813 632 tanto
1831 593 1884 632 ad
1899 591 2049 632 exitum
2069 605 2303 644 prosperum

274 661 553 714 perducendo,
570 662 610 701 N
612 660 732 702 oetori
752 668 893 701 nostro
909 672 1039 700 annos
1058 658 1194 699 felices
1215 671 1337 710 quam
1357 656 1551 710 plurimos
1571 662 1820 707 exoptamus.

384 724 504 764 Duco
532 723 585 763 ad
613 735 685 763 vos
714 722 839 764 virum
869 721 964 762 iuris
992 720 1289 774 peritissimum,
1318 718 1489 771 Collegii
1519 717 1766 759 Mertoniani
1794 715 1959 757 honoris
1988 728 2110 756 causa
2137 715 2302 765 socium,

276 785 558 827 Universitatis
577 784 822 827 Oxoniensis
840 785 1116 826 Senescallum
1136 784 1362 832 Summum,
1386 782 1594 823 COM1TEM
1615 792 1672 820 DE
1694 781 1942 820 HALSBURY.

384 881 502 936 (476)
521 882 677 922 Patriae
703 883 872 922 salutem
898 881 1069 933 primam
1098 880 1140 920 in
1167 879 1337 920 navibus
1363 878 1510 918 nostris
1536 890 1625 917 esse
1650 876 1822 929 positam
1846 876 1950 916 inter
1974 888 2116 915 omnes
2136 882 2304 915 constat.

276 947 405 987 Adest
422 945 483 985 vir
498 945 541 984 in
560 945 687 985 classe
706 952 844 984 nostra
861 943 1046 984 laborum
1065 942 1319 983 assiduorum
1340 954 1458 982 cursu
1478 940 1673 981 continuo
1693 939 1941 987 exercitatus,
1955 939 2024 990 qui
2044 937 2086 977 in
2102 938 2309 978 navalibus

275 1006 421 1048 nostris
454 1006 609 1059 magnis
642 1005 898 1058 torpedinum
933 1007 996 1058 (ut
1026 1004 1156 1057 aiunt)
1191 1005 1373 1045 scholam
1411 1003 1582 1056 primam
1617 1001 1823 1059 aperuisse
1855 999 2117 1053 perhibetur⁸.
2178 1001 2305 1048 Idem,

274 1070 424 1111 abhinc
461 1083 591 1110 annos
629 1083 698 1110 sex
734 1077 775 1110 et
812 1069 962 1122 viginti,
998 1069 1184 1121 primum,
1218 1068 1310 1108 navi
1347 1081 1444 1108 suae
1482 1066 1705 1107 indomitae
1742 1064 2004 1118 praepositus,
2045 1063 2310 1104 Alexandriae

274 1134 572 1186 oppugnandae
599 1140 721 1185 atque
749 1133 854 1173 adeo
888 1133 1180 1185 expugnandae
1213 1130 1435 1180 interfuit³3
1473 1130 1634 1179 deinde,
1665 1129 1838 1182 Aegypti
1870 1129 1911 1169 in
1944 1130 2095 1176 tellure,
2126 1127 2311 1168 ordinem

274 1196 551 1238 vehiculorum
590 1211 661 1250 per
698 1196 782 1237 vias
819 1198 965 1237 ferreas
1003 1209 1151 1248 vapore
1189 1202 1391 1235 motorum
1430 1193 1582 1246 primus
1624 1201 1824 1233 armatura
1865 1199 2060 1245 perpetua
2106 1190 2306 1231 munivit⁴.

277 1259 476 1312 Denique,
512 1274 536 1301 e
566 1259 799 1300 muneribus
833 1272 938 1311 quae
971 1258 1108 1299 classis
1138 1265 1298 1298 nostrae
1331 1255 1542 1309 praefectis
1574 1262 1725 1309 patent,
1760 1256 1887 1296 tribus
1924 1254 2106 1295 omnium
2145 1252 2312 1293 summis

274 1321 443 1363 feliciter
470 1323 632 1362 functus
660 1329 732 1362 est.
792 1323 993 1361 Fortunae
1023 1334 1118 1361 suae
1148 1320 1262 1360 fabro
1290 1319 1397 1359 felici
1424 1320 1682 1371 gratulamur,

389 1390 392 1393 Δ
1123 1399 1132 1417 ‘
1147 1395 1223 1444 cui,
1254 1394 1350 1435 belli
1378 1394 1534 1446 insigne
1563 1393 1791 1445 superbum,

766 1459 949 1504 tempora
976 1449 1107 1490 navali
1136 1451 1290 1502 fulgent
1318 1456 1487 1490 rostrata
1515 1461 1665 1489 corona
1678 1449 1716 1486 ¹⁸.
1881 1492 1883 1494 ,

389 1528 509 1569 Duco
527 1529 581 1569 ad
600 1541 672 1569 vos
691 1527 828 1569 classis
848 1534 1008 1567 nostrae
1028 1539 1154 1566 unum
1175 1539 1197 1566 e
1216 1524 1426 1577 praefectis
1450 1523 1687 1577 praecipuis,
1708 1522 1886 1575 equitem
1908 1521 2117 1575 insignem,
2139 1521 2312 1562 virorum

278 1589 432 1644 optime
450 1590 683 1632 meritorum
703 1590 835 1632 ordini
854 1589 1113 1642 adscriptum,
1136 1590 1342 1629 IOANNEM
1363 1589 1640 1628 ARBUTHNOT
1659 1589 1692 1627 F
1694 1584 1853 1627 1SHER⁰.

389 1689 505 1743 (477)
532 1689 713 1731 Subinde
732 1691 951 1730 salutamus
970 1689 1166 1742 pictorem
1186 1689 1444 1741 praeclarum,
1468 1695 1508 1728 et
1526 1687 1631 1728 inter
1650 1686 1902 1728 Oxonienses
1921 1693 1961 1726 et
1981 1698 2106 1738 prope
2126 1685 2315 1726 Harrovi-

280 1765 398 1794 enses
415 1752 510 1793 artis
529 1751 722 1806 pingendi
745 1751 843 1792 olim
864 1759 1167 1804 praeceptorem
1191 1750 1480 1791 admirabilem.
1539 1749 1630 1790 Sive
1657 1748 1847 1789 Bavariae
1871 1761 1966 1789 suae
1992 1747 2075 1788 sive
2101 1747 2315 1789 Cambriae

280 1814 519 1856 solitudines
556 1813 747 1867 depingit,
788 1814 870 1854 sive
907 1813 1012 1854 vitae
1049 1812 1278 1854 communis
1311 1826 1334 1853 e
1372 1812 1573 1861 societate,
1615 1811 1697 1852 sive
1736 1811 1907 1851 militum
1946 1809 2203 1851 emeritorum
2232 1809 2315 1850 sive

281 1877 552 1930 operariorum
571 1884 751 1918 veterum
771 1890 794 1917 e
814 1876 942 1926 turba,
963 1875 1057 1916 artis
1077 1889 1174 1917 suae
1193 1882 1427 1928 argumenta
1450 1874 1583 1924 sumit,
1605 1874 1757 1926 ubique
1779 1886 1911 1914 rerum
1935 1880 2099 1913 naturae
2122 1873 2315 1925 interpres

280 1941 537 1982 fidelissimus
581 1940 761 1982 exstitit⁷.
835 1941 953 1981 Idem
991 1947 1091 1992 quot
1128 1941 1303 1980 virorum
1340 1938 1558 1991 insignium
1600 1937 1795 1989 imagines
1836 1936 2058 1988 posteritati
2097 1934 2313 1983 tradiderit,

280 2005 554 2058 Collegiorum
573 2012 814 2053 nostrorum,
836 2003 1006 2056 Collegii
1027 2003 1200 2055 Regalis,
1223 2001 1393 2054 Collegii
1412 2000 1632 2050 Trinitatis,
1647 1999 1817 2051 Collegii
1840 1999 1933 2038 Divi
1954 1999 2130 2046 Ioannis,
2147 1998 2317 2051 parietes

280 2066 323 2108 in
347 2076 587 2121 perpetuum
610 2068 826 2108 testantur⁸
838 2083 850 2117 3
878 2073 978 2119 quot
1001 2067 1241 2106 feminarum
1266 2064 1636 2118 pulcherrimarum,
1657 2070 1824 2102 testatur
1848 2061 2071 2102 identidem
2097 2060 2319 2101 Academia

283 2131 411 2184 Regia
437 2131 733 2179 Londiniensis,
755 2130 826 2171 ubi
852 2130 972 2171 etiam
999 2129 1229 2182 nuperrime
1255 2129 1510 2181 collegarum
1542 2140 1706 2168 suorum
1734 2125 2072 2167 Academicorum
2101 2124 2317 2165 concilium

281 2201 395 2235 tanta
412 2208 507 2235 curn
526 2193 882 2242 verisimilitudine,
900 2201 1012 2233 tanta
1030 2206 1123 2233 cum
1144 2191 1350 2244 dignitate,
1368 2190 1546 2231 imitatus
1566 2189 1657 2239 est⁹,
1671 2197 1717 2230 ut
1736 2188 1886 2229 saeculi
1905 2188 2030 2229 nostri
2051 2189 2319 2228 Funcxscus

284 2258 406 2300 Ham
425 2257 513 2299 iure
530 2257 686 2311 optimo
706 2256 906 2298 nominari
925 2257 1084 2298 debeat.

396 2321 516 2360 Duco
551 2321 605 2360 ad
641 2332 714 2360 vos
752 2319 998 2359 Academiae
1037 2317 1189 2370 Regiae
1227 2317 1382 2358 socium
1420 2316 1630 2369 insignem,
1671 2314 1866 2368 pictorem
1904 2327 2107 2367 magnum,
2142 2313 2319 2366 equitem

283 2381 492 2431 illustrem,
524 2381 780 2422 HunER'r'uM
809 2393 866 2420 1³10:
897 2381 1166 2420 HERKOMER.

395 2486 510 2540 (478)
537 2487 689 2540 Regiae
717 2486 927 2527 Societatis
956 2485 1162 2538 praesidis,
1187 2484 1471 2526 Astronomiae
1495 2483 1660 2525 fautoris
1687 2483 1886 2524 maximi¹⁰
1908 2484 2024 2534 filius,
2047 2498 2168 2536 quem
2197 2484 2321 2525 hodie

286 2551 535 2599 decoramus,
571 2551 695 2591 etiam
727 2551 769 2590 in
799 2549 887 2601 ipsa
919 2548 1088 2601 pueritia
1121 2548 1400 2589 machinarum
1432 2561 1627 2588 novarum
1658 2546 1843 2587 inventor
1880 2546 1973 2586 felix
2010 2547 2131 2587 fuisse
2163 2547 2320 2588 dicitur.

287 2613 434 2653 Postea
469 2612 670 2653 Dominae
705 2614 956 2664 Margaretae
989 2610 1160 2663 Collegii
1192 2610 1353 2651 alterius
1387 2610 1637 2651 scholaribus
1669 2609 1906 2661 adscriptus,
1942 2610 2142 2650 honorum
2172 2611 2323 2651 mathe—

288 2675 526 2716 mazicorum
559 2675 601 2716 in
635 2678 763 2717 classe
794 2674 933 2728 prima,
968 2674 1172 2714 Dominae
1207 2676 1458 2726 Margaretae
1487 2674 1530 2714 in
1560 2687 1662 2714 nave
1692 2673 1832 2725 prima,
1865 2675 2000 2714 locum
2034 2673 2231 2726 insignem
2263 2681 2323 2715 est

287 2740 468 2791 adeptus.
530 2739 691 2780 Deinde
706 2738 962 2779 Archimedis
981 2738 1149 2778 aemulis
1164 2737 1370 2778 hodiernis
1388 2737 1561 2787 additus,
1580 2751 1662 2778 non
1682 2737 1992 2808 grammophoni
2006 2745 2163 2778 tantum
2182 2738 2322 2778 tubam

288 2801 506 2842 terribilem
532 2801 688 2842 sonitus
710 2801 912 2842 suaviores
936 2801 1056 2842 edere
1082 2799 1232 2849 docuit,
1255 2801 1327 2841 sed
1351 2800 1472 2840 etiam
1497 2800 1658 2840 navium
1683 2799 1722 2840 vi
1744 2799 1902 2852 vaporis
1925 2800 2187 2853 impulsarum
2210 2813 2323 2840 more

377 2903 390 2926 ²
414 2904 558 2938 Editor
549 2915 585 2937 m
599 2903 692 2937 chief
703 2903 742 2936 of
760 2905 792 2936 T
786 2904 826 2936 Ire
842 2904 942 2936 Laws
956 2903 997 2945 qf
1005 2903 1090 2946 Eng
1086 2904 1180 2941 land,
1201 2913 1282 2947 ¹907
1265 2913 1330 2945 7-
1597 2901 1611 2922 ²
1633 2902 1708 2936 The
1723 2902 1884 2946 Torpedo
1900 2902 2026 2936 School
2042 2908 2077 2935 at
2095 2902 2323 2935 Portsmouth.

288 2948 304 2970 ⁸
326 2948 369 2981 In
383 2948 564 2981 command
580 2947 619 2981 of
629 2949 687 2981 the
703 2948 877 2990 Inflexihle
890 2953 925 2981 at
942 2949 999 2980 the
1015 2947 1274 2980 bombardment
1290 2947 1327 2979 of
1340 2925 1676 2985 Alexandria,1882.
1818 2946 1834 2968 ⁴
1856 2947 1931 2979 The
1945 2946 2122 2979 armoured
2138 2947 2225 2979 train
2241 2947 2322 2980 used

289 2992 412 3035 dunng
427 2992 486 3025 the
499 2993 679 3035 campaign
694 2992 842 3025 051882.
1074 2991 1088 3011 ⁵
1111 2991 1230 3034 Virgil,
1251 2993 1337 3024 Aen.
1357 2991 1414 3023 viii
1430 2989 1494 3033 683
1504 2990 1528 3023 f.
1749 2988 1763 3011 ⁶
1787 2990 1911 3024 Raised
1929 2997 1965 3023 to
1979 2990 2037 3023 the
2051 3001 2194 3033 peerage
2116 3000 2322 3053 fage-¹902

289 3035 304 3058 '¹
326 3036 442 3070 ‘After
467 3037 526 3069 the
550 3036 631 3068 Toil
653 3035 692 3068 of
712 3035 770 3068 the
795 3035 887 3077 Day’
933 3035 1025 3068 ‘The
1049 3035 1174 3068 Gloom
1198 3035 1238 3067 of
1256 3034 1400 3073 Idwal';
1428 3035 1519 3067 ‘The
1544 3034 1663 3077 Lady
1655 3045 1690 3066 ιιι
1714 3034 1862 3072 White’;
1891 3035 1981 3067 ‘The
2005 3034 2131 3077 Lady'
2122 3045 2158 3067 m
2180 3034 2324 3074 Black;

292 3081 389 3114 ‘The
402 3080 484 3114 Last
500 3079 665 3118 Μυειξιᾞ
689 3080 781 3112 ‘The
798 3079 929 3122 Chapel
944 3079 983 3112 of
995 3079 1280 3118 Charterhouse’;
1308 3079 1426 3111 ‘Hard
1444 3078 1594 3117 Times’;
1621 3078 1694 3112 ‘On
1710 3077 1857 3117 Strike’;
1880 3083 1943 3111 etc.
2192 3076 2207 3098 ⁸
2230 3078 2323 3111 Lord

292 3124 458 3158 stratford
473 3124 517 3157 de
535 3123 709 3163 Redcliffe,
730 3123 878 3156 Richard
894 3123 989 3156 Okes
1004 3123 1074 3156 and
1091 3124 1210 3187 Ηξιιῶγ
1228 3123 1429 3162 Bradshaw;
1451 3122 1506 3154 W.
1528 3123 1575 3155 H.
1585 3102 1789 3165 ’Thompson
1801 3134 1811 3162 ς
1832 3103 1867 3165 J.
1883 3122 1924 3155 E.
1935 3123 1974 3156 B.
1992 3122 2125 3165 Mayor.
2191 3119 2206 3142 ⁹
2232 3122 2324 3156 ‘The

291 3168 435 3202 Council
451 3168 490 3201 of
501 3167 557 3201 the
575 3167 684 3210 Royal
698 3167 1018 3210 Academy,1907'.
1218 3167 1292 3199 The
1308 3166 1399 3199 third
1416 3167 1496 3199 Earl
1512 3166 1551 3199 of
1564 3167 1682 3205 Rosse,
1698 3177 1752 3209 cp.
1773 3177 1830 3199 no.
1848 3175 1924 3209 327,
1938 3171 2018 3199 note
2036 3177 2067 3208 3.

1269 3251 1343 3292 215
