2704 3770
433 338 476 385 J.
509 336 787 385 Goldzz'lcer.
869 335 924 383 T.
955 335 1205 399 Gomperz.
1278 335 1345 384 K.
1371 335 1434 382 K
1430 334 1728 382 rumbaclwr.
1802 333 1865 381 P.
1899 332 1961 381 P.
1994 332 2437 397 Leroy-Beaulieu.

542 478 657 532 (383)
687 477 918 530 Hungariae
947 492 995 519 ex
1023 478 1245 519 Academia
1272 480 1324 519 ad
1352 491 1426 518 nos
1454 477 1633 529 pervenit
1661 476 1718 516 vir
1746 475 2011 525 doctissimus,
2033 475 2113 527 qui,
2134 475 2175 515 in
2203 476 2302 517 urbe
2329 477 2442 528 quod

434 540 605 593 Aegypti
628 547 748 592 caput
774 547 844 588 est,
867 540 908 579 in
935 540 1116 592 Collegio
1141 540 1420 592 antiquissimo
1444 547 1483 580 et
1506 537 1826 591 frequentissimo
1849 537 2025 589 linguam
2048 537 2260 578 Arabicam
2283 537 2442 590 penitus

434 603 605 645 didicit1.
664 605 809 642 Postea
842 616 925 642 non
956 604 1079 643 modo
1112 605 1270 655 linguae
1302 603 1407 642 illius
1440 601 1710 655 philologiam,
1748 602 1820 641 sed
1852 601 1972 640 etiam
2003 600 2202 652 religionis
2234 601 2442 642 Islamicae

434 664 677 717 theologiam
697 671 737 704 et
756 663 960 704 historiam
980 664 1185 716 antiquam
1206 664 1385 704 funditus
1404 663 1630 715 exploravit,
1653 670 1692 703 et
1715 662 1855 702 studiis
1879 661 2136 702 orientalibus
2154 662 2196 701 in
2215 662 2442 702 universum

434 730 564 767 lucem
598 727 808 778 plurimam
836 726 977 766 attulit.
1037 728 1165 773 Idem,
1191 727 1347 779 linguae
1374 726 1568 766 Arabicae
1595 739 1686 765 cum
1715 726 2002 777 professoribus
2028 725 2172 765 nostris
2198 732 2238 766 et
2263 738 2371 765 nunc
2403 732 2444 766 et

435 790 531 830 olim
554 788 752 829 amicitiae
771 788 939 828 vinculis
959 789 1208 837 coniunctus,
1229 789 1495 829 bibliothecae
1524 796 1682 829 nostrae
1710 788 1892 829 codicem
1917 788 2134 828 Arabicum
2160 789 2211 828 de
2240 795 2445 829 senectute

435 852 706 904 conscriptum
726 852 879 904 egregie
898 852 1126 892 recensuit2.
1183 852 1281 892 Viro
1302 852 1370 892 tali
1390 852 1487 891 nihil
1507 852 1648 892 melius
1668 851 1790 892 hodie
1809 858 1996 903 exoptare
2015 865 2227 903 possumus
2247 864 2367 903 quam
2386 857 2442 900 ut,

435 915 617 955 omnium
641 915 840 954 bonorum
865 927 959 954 usus
985 914 1169 964 amicitia,
1191 914 1293 955 inter
1319 928 1388 955 eos
1417 922 1646 955 numeretur
1675 914 1743 966 qui
1772 914 1891 954 etiam
1921 915 1962 954 in
1991 922 2196 955 senectute
2221 914 2443 955 studiorum

435 978 585 1017 fructus
605 976 733 1017 indies
753 975 955 1016 uberiores
976 978 1112 1016 ferant.
1531 969 1534 973 ’

546 1041 663 1079 Duco
682 1039 734 1078 ad
752 1051 823 1078 vos
842 1038 1082 1090 philologiae
1101 1039 1312 1080 Semiticae
1332 1041 1593 1092 professorem
1616 1042 1856 1091 Budensem‚
1881 1043 2100 1082 IGNATmM
2122 1042 2387 1082 Gomzmmz.

544 1137 658 1190 (384)
688 1137 930 1178 Academiae
955 1137 1284 1179 Vindobonensis
1309 1139 1412 1179 inter
1436 1140 1582 1179 decora
1605 1138 1684 1178 iam
1711 1140 1865 1179 dudum
1893 1147 2122 1180 numeratus
2148 1147 2208 1179 est
2233 1138 2291 1178 vir
2317 1138 2445 1179 erudi-

435 1200 621 1249 tissimus,
639 1200 708 1252 qui
730 1201 1015 1240 Demosthenis
1039 1203 1090 1241 de
1110 1202 1190 1241 vita
1212 1202 1373 1253 publica
1396 1202 1491 1242 olim
1515 1202 1668 1254 egregie
1688 1204 1953 1251 contionatus,
1968 1210 2108 1254 postea
2127 1209 2166 1242 et
2187 1203 2444 1242 Herodotum

436 1269 476 1302 et
510 1262 743 1314 Euripidem
777 1269 816 1301 et
848 1261 1071 1302 Aristotelis
1106 1276 1188 1303 non
1218 1265 1342 1303 modo
1367 1271 1492 1303 artem
1521 1264 1722 1314 poeticam
1753 1265 1824 1303 sed
1858 1263 1977 1304 etiam
2009 1263 2317 1304 Atheniensium
2347 1276 2446 1304 rem-

434 1324 636 1378 publicam
674 1324 838 1364 feliciter
875 1324 1012 1376 tetigit,
1053 1339 1075 1365 e
1113 1325 1269 1377 papyris
1313 1325 1684 1366 Herculanensibus
1723 1325 1885 1377 Epicuri
1922 1333 1961 1366 et
2000 1325 2226 1366 Philodemi
2261 1325 2446 1378 reliquias

436 1388 644 1426 oculorum
665 1394 704 1426 et
725 1386 868 1426 mentis
887 1386 973 1426 acie
992 1387 1184 1427 acerrima
1202 1388 1314 1436 eruit,
1337 1388 1616 1439 philosophiae
1635 1388 1811 1440 denique
1831 1390 2009 1429 Graecae
2034 1389 2239 1430 historiam
2259 1402 2379 1441 opere
2403 1389 2446 1429 in

435 1463 582 1501 magno
607 1449 755 1501 ingenii
782 1449 844 1489 sui
870 1449 1022 1490 lumine
1047 1450 1283 1490 illustravit⁸.
1343 1452 1392 1489 In
1415 1452 1608 1490 honorem
1630 1451 1726 1490 anni
1746 1451 2024 1503 septuagesimi
2045 1452 2098 1491 ab
2116 1453 2195 1492 hoc
2212 1451 2297 1491 viro
2319 1465 2446 1504 nuper

434 1509 600 1550 feliciter
618 1510 755 1559 exacti,
778 1510 896 1550 etiam
918 1525 940 1551 e
960 1510 1201 1551 nostratibus
1222 1511 1404 1551 nonnulli
1423 1519 1491 1551 aut
1510 1512 1655 1563 scripta
1675 1525 1746 1552 sua
1765 1514 2017 1553 contulerunt
2035 1520 2103 1553 aut
2122 1513 2287 1553 nomina
2305 1515 2445 1554 saltem

434 1573 708 1614 observantiae
745 1586 865 1614 causa
903 1574 1230 1626 subscripserunt.
1288 1574 1373 1614 Viri
1411 1574 1511 1615 tanti
1548 1588 1697 1615 nomen
1734 1575 1978 1616 Academiae
2016 1583 2174 1616 nostrae
2210 1575 2252 1615 in
2289 1575 2444 1616 tabulas

434 1634 598 1675 honoris
627 1648 748 1676 causa
775 1635 946 1676 libenter
972 1635 1235 1676 inscribimus.

545 1698 663 1737 Duco
691 1698 743 1738 ad
771 1710 842 1737 vos
871 1697 1112 1750 philologiae
1139 1698 1241 1738 inter
1268 1698 1607 1740 Vindobonenses
1635 1700 1898 1751 professorem
1922 1699 2143 1747 emeritum,
2162 1702 2444 1741 Tnssonmum

435 1760 654 1800 GOMPERz.

543 1871 657 1925 (385)
678 1872 867 1913 Bavariae
890 1887 938 1913 ex
957 1874 1177 1914 Academia
1202 1876 1315 1915 adest
1340 1875 1398 1914 vir
1423 1876 1474 1915 de
1498 1875 1619 1916 medii
1642 1876 1729 1916 aevi
1755 1883 1793 1916 et
1815 1876 1955 1916 aetatis
1979 1876 2207 1918 recentioris
2230 1877 2445 1930 philologia

435 1934 588 1974 Graeca
615 1933 766 1986 optime
795 1934 967 1984 meritus,
996 1935 1065 1987 qui
1093 1935 1134 1975 in
1162 1936 1274 1976 Actis
1299 1950 1323 1976 a
1348 1950 1435 1977 sese
1460 1937 1539 1976 iam
1566 1937 1721 1988 pridem
1748 1937 1864 1977 editis
1893 1937 2109 1978 litterarum
2138 1938 2444 1990 Byzantinarum

433 1996 663 2035 thesaurum
706 1997 910 2047 quendam
957 2004 1193 2048 perpetuum
1241 1998 1423 2038 condidit
1437 2014 1448 2047 3
1494 1999 1573 2050 qui,
1618 1999 1834 2038 litterarum
1881 1999 2035 2038 illarum
2083 2000 2246 2039 historia
2291 2001 2444 2053 egregie

434 2056 668 2108 conscripta,
704 2056 813 2096 mille
850 2070 1047 2097 annorum
1086 2059 1319 2099 memoriam
1357 2059 1398 2099 in
1436 2073 1556 2112 opere
1590 2060 1762 2100 maximo
1800 2060 1964 2100 feliciter
1996 2060 2155 2101 inclusit
2167 2075 2179 2109 3
2216 2061 2284 2113 qui
2317 2076 2445 2114 nuper

434 2119 609 2170 denique
639 2119 680 2158 in
713 2119 893 2159 oratione
927 2133 1070 2170 magna
1104 2121 1303 2162 scribendi
1336 2136 1480 2173 genera
1510 2123 1551 2162 in
1581 2123 1748 2163 Graecia
1778 2124 1971 2164 hodierna
2001 2124 2103 2164 inter
2135 2138 2220 2164 sese
2253 2124 2444 2165 certantia

435 2180 689 2231 comparavit,
711 2187 751 2220 et
777 2180 951 2232 linguam
976 2194 1076 2231 eam,
1099 2196 1219 2234 quam
1248 2184 1334 2236 ipsa
1361 2198 1490 2224 rerum
1517 2192 1656 2224 natura
1681 2192 1720 2225 et
1749 2187 2000 2226 consuetudo
2027 2186 2227 2226 cotidiana
2251 2186 2442 2238 genuerit,

435 2242 629 2282 sermonis
648 2241 802 2294 antiqui
821 2241 1032 2282 imitationi
1051 2244 1192 2284 anxiae
1211 2253 1250 2285 et
1269 2245 1505 2286 artificiosae
1523 2246 1737 2298 praetulit⁴.
1799 2247 1970 2287 Habetis
1985 2248 2124 2295 virum,
2141 2248 2210 2299 qui
2225 2261 2306 2288 non
2325 2248 2443 2288 unius

434 2309 590 2342 tantum
624 2303 770 2343 saeculi
804 2304 876 2343 sed
909 2305 1158 2344 saeculorum
1192 2306 1371 2346 omnium
1406 2307 1554 2347 litteras
1588 2309 1760 2348 Graecas
1792 2309 2002 2358 adamavit,
2035 2310 2194 2361 quique,
2229 2309 2442 2350 litterarum

433 2364 685 2416 antiquarum
712 2364 852 2405 studiis
879 2365 920 2404 in
949 2367 1212 2407 fundamento
1240 2369 1418 2420 quodam
1444 2369 1583 2409 latiore
1608 2369 1758 2422 positis,
1784 2370 1915 2410 studia
1939 2370 2006 2410 illa
2033 2372 2232 2423 praeclara
2257 2371 2376 2412 etiam
2402 2372 2444 2413 in

434 2435 637 2479 posterum
657 2441 914 2479 permansura
933 2442 1020 2469 esse
1038 2437 1162 2481 putat.

542 2492 660 2531 Duco
679 2492 731 2530 ad
750 2505 821 2531 vos
844 2491 1084 2544 philologiae
1108 2494 1285 2534 Graecae
1308 2502 1348 2534 et
1374 2494 1531 2535 mediae
1551 2503 1590 2536 et
1610 2495 1838 2537 recentioris
1857 2497 2120 2549 professorem
2142 2499 2441 2547 Monacensem,

435 2552 650 2593 CAROLUM
671 2554 993 2594 KRUMBACHER.

542 2644 657 2698 (386)
678 2648 1027 2699 Francogallorum
1049 2649 1226 2689 Instituti
1244 2650 1347 2691 inter
1365 2651 1516 2692 lumina
1536 2660 1765 2693 numeratur
1783 2653 1839 2692 vir
1858 2653 2033 2705 insignis,
2050 2653 2119 2705 qui
2137 2653 2239 2693 inter
2259 2654 2443 2706 Europae

433 2710 604 2760 populos
624 2710 848 2761 complures
869 2710 965 2750 olim
985 2712 1266 2763 peregrinatus,
1289 2713 1507 2754 litterarum
1528 2715 1761 2768 disciplinae
1781 2724 1821 2756 et
1840 2731 1963 2769 opum
1983 2717 2230 2769 publicarum
2254 2715 2442 2758 scientiae

432 2770 554 2810 vitam
588 2784 700 2811 suam
734 2779 859 2812 totam
893 2774 1150 2814 consecravit.
1209 2776 1406 2816 Scientiae
1439 2785 1574 2818 autem
1607 2778 1662 2817 illi
1695 2778 1954 2830 explicandae
1987 2787 2181 2831 quantum
2218 2779 2439 2828 contulerit,

432 2839 627 2872 testantur
654 2835 757 2873 Acta
784 2834 836 2873 ab
865 2834 952 2886 ipso
981 2835 1060 2875 iam
1089 2850 1160 2888 per
1187 2851 1315 2878 annos
1343 2840 1433 2890 plus
1462 2853 1582 2891 quam
1616 2840 1774 2892 triginta
1807 2842 1940 2890 edita⁶,
1972 2849 2165 2882 testantur
2191 2841 2280 2881 libri
2308 2840 2441 2881 eximii

433 2908 553 2946 quam
573 2896 743 2947 plurimi,
766 2897 856 2937 stilo
876 2898 1010 2938 lucido
1031 2900 1275 2951 conscripti⁶‚
1298 2901 1339 2940 in
1360 2902 1505 2953 quibus
1525 2906 1724 2953 praeclare
1745 2906 1920 2944 ostendit
1939 2905 2143 2944 scientiam
2163 2904 2283 2951 illam,
2304 2903 2399 2943 olim
2417 2917 2442 2943 a

520 2981 531 3001 ¹
555 2982 629 3013 The
647 2982 839 3025 University
854 2984 893 3015 of
904 2984 1014 3017 Cairo.
1178 2984 1193 3005 ²
1215 2987 1288 3019 The
1304 2988 1430 3020 edition
1447 2989 1485 3020 of
1505 2993 1513 3006 ‘
1526 2989 1600 3022 The
1624 2990 1720 3022 Book
1737 2990 1774 3022 of
1787 2991 1882 3023 those
1897 2991 1973 3023 who
1994 2991 2079 3024 have
2098 2992 2245 3024 attained
2261 2996 2296 3024 to
2311 3002 2353 3023 an
2370 2991 2439 3024 Ad-

433 3025 559 3056 vanced
590 3026 663 3067 Age
673 3025 693 3064 '‚
727 3026 904 3059 dedicated
932 3033 966 3059 to
994 3029 1082 3060 Prof.
1112 3030 1253 3062 Browne
1279 3031 1345 3062 and
1374 3032 1463 3063 Prof.
1491 3033 1604 3065 Bevan
1632 3033 1677 3075 by
1701 3034 1758 3066 the
1785 3034 1892 3067 friend
1918 3035 1956 3067 of
1983 3035 2070 3067 Prof.
2102 3035 2289 3067 Robertson
2315 3034 2435 3068 Smith.

431 3067 445 3088 ³
471 3068 669 3100 Griechisclze
684 3069 830 3107 Denker,
846 3071 899 3103 ed.
920 3081 949 3110 2,
974 3081 1111 3113 1902-3.
1359 3074 1374 3094 ⁴
1395 3075 1656 3116 Byzantinische
1672 3078 1881 3120 Zeitschrzft5
1902 3079 2086 3110 Gesclziclzte
2101 3079 2160 3110 der
2173 3078 2441 3119 byzantinisclzm

432 3111 633 3150 Litteratur‚
653 3112 703 3143 ed.
726 3122 756 3149 2,
777 3114 881 3154 1897;
905 3115 1062 3152 Festrede,
1084 3125 1176 3158 1902.
1341 3116 1355 3136 ⁵
1376 3118 1625 3152 L’Economiste
1639 3121 1814 3163 Franfais.
1986 3120 2000 3141 ⁸
2030 3122 2143 3153 Traite‘
2155 3122 2194 3153 de
2208 3122 2243 3154 la
2256 3122 2374 3154 scimce
2388 3121 2440 3153 des

418 3154 595 3196 finances3
618 3155 724 3188 Essai
736 3166 797 3189 sur
810 3158 844 3190 la
858 3156 1055 3202 reipartition
1070 3159 1123 3191 des
1138 3159 1300 3200 richesscs,
1319 3166 1380 3194 etc.

1401 3232 1475 3282 178
