2704 3770
647 335 826 400 sames
857 335 910 382 A
917 335 1058 398 lfred
1087 335 1285 400 Ewing.
1371 335 1595 384 Wz‘llz‘am
1629 338 1871 387 Mandell
1903 338 1946 386 C
1945 338 2183 402 reiglzton.

411 480 570 520 adiutor
594 480 816 521 indefessus
843 487 882 520 et
907 480 1059 520 amicus
1085 494 1275 532 perquam
1299 481 1467 521 dilectus
1491 482 1666 521 exstitit1.
1727 482 1873 522 Merito
1894 483 2009 534 igitur
2029 482 2204 533 episcopi
2225 482 2421 523 desidera-

411 541 552 582 tissimi
571 542 623 582 ab
642 542 772 582 amico
791 541 946 592 insigni,
961 541 1261 594 archiepiscopo
1280 541 1444 594 inquam
1466 542 1772 592 Cantuariensi⁹,
1790 543 1874 595 ipse
1894 544 2197 594 archidiaconus
2218 543 2421 585 Cantuari-

412 605 516 645 ensis
550 612 589 645 et
621 605 811 646 ecclesiae
841 605 1077 645 cathedralis
1107 604 1324 645 canonicus
1358 605 1586 645 nominatus
1620 613 1679 645 est
1692 620 1703 655 ;
1741 606 1882 646 merito
1916 606 2022 646 idem
2061 613 2099 646 et
2133 607 2343 658 episcopus
2381 613 2421 654 et

412 667 699 720 archiepiscopi
727 667 849 719 ipsius
879 667 1036 708 adiutor
1068 667 1293 719 nuperrime
1321 675 1574 708 consecratus
1603 676 1671 708 est.
1732 670 1837 720 Ergo
1866 669 1922 709 vir
1950 669 2052 709 inter
2079 668 2246 720 Angliae
2274 676 2420 709 tractus

412 743 505 770 suos
531 730 857 782 septentrionales
886 731 1018 770 adhuc
1046 730 1087 770 in
1116 731 1317 771 laboribus
1348 731 1466 771 sacris
1495 739 1707 783 spectatus,
1737 733 1856 773 etiam
1887 733 1929 772 in
1960 732 2132 773 Australi
2161 732 2270 784 regni
2297 740 2419 785 parte,

413 793 580 833 Cantiae
610 794 651 832 in
680 792 881 840 comitatu,
914 792 1080 844 Angliae
1108 793 1228 832 totius
1257 792 1298 832 in
1328 794 1444 833 horto
1472 793 1711 844 felicissimo,
1740 809 1786 834 ex
1819 808 1913 847 agro
1942 794 2018 834 sibi
2046 793 2234 834 divinitus
2268 793 2420 834 credito

413 867 561 894 messes
580 854 708 895 indies
728 854 940 903 uberiores,
962 854 1019 894 uti
1039 868 1253 906 speramus,
1275 855 1476 907 percipiet.
1536 856 1599 895 Ibi
1619 857 1722 896 horti
1743 856 1802 896 sui
1825 857 1866 896 in
1893 857 2035 896 herbas
2059 870 2107 896 ex
2131 863 2296 908 utraque
2321 855 2422 896 caeli

411 916 571 968 regione
595 929 709 956 auras
733 916 909 956 salubres
932 916 1115 956 invocare
1145 917 1299 967 poterit,
1321 917 1449 957 verbis
1478 916 1553 956 illis
1577 918 1696 957 sacris
1725 919 1889 958 fortasse
1912 932 2029 958 usus:
2060 919 2190 968 Surge,
2211 919 2366 969 Aquilo,
2387 922 2423 957 et

412 979 505 1027 veni,
528 979 693 1017 Auster:
710 978 841 1029 perfla
860 979 1016 1017 hortum
1036 991 1207 1017 meum...
1226 980 1362 1018 Veniat
1377 980 1533 1019 dilectus
1553 992 1655 1018 meus
1673 981 1715 1019 in
1734 981 1887 1019 hortum
1906 979 2051 1020 suum⁸.

519 1043 636 1080 Duco
655 1041 707 1081 ad
728 1053 797 1080 vos
817 1041 943 1080 virum
963 1041 1183 1081 admodum
1204 1042 1477 1089 reverendum,
1501 1042 1736 1081 GEORGIUM
1759 1043 1943 1081 RODNEY
1964 1042 2118 1081 EDEN4.

1246 1181 1270 1227 5
1309 1166 1418 1215 Feb.
1468 1168 1585 1226 1891

517 1283 632 1337 (169)
666 1286 755 1326 UNI
789 1298 812 1324 e
845 1282 1132 1335 professoribus
1162 1284 1317 1331 nostris,
1354 1284 1583 1323 Britanniae
1621 1283 1876 1323 Senatoribus
1914 1283 2125 1335 adscripto,
2161 1296 2288 1334 nuper
2320 1285 2420 1325 vale-

411 1347 592 1396 diximus,
627 1346 738 1387 cuius
772 1346 911 1386 merita
942 1347 994 1386 de
1023 1346 1267 1386 Academiae
1297 1346 1526 1398 praesertim
1561 1346 1706 1386 finibus
1740 1345 1968 1386 Britanniae
2000 1346 2041 1385 in
2075 1342 2233 1397 oppidis
2267 1347 2419 1399 magnis

410 1412 580 1463 amplius
599 1409 869 1463 prorogandis,
890 1409 1025 1449 animo
1045 1417 1154 1460 grato
1174 1409 1215 1448 in
1235 1416 1469 1460 perpetuum
1492 1408 1818 1448 recordabimur⁵.
1877 1410 2154 1448 Successorem
2175 1416 2309 1448 autem
2334 1409 2420 1449 eius

410 1473 530 1513 hodie
563 1474 790 1520 salutamus,
826 1471 906 1522 qui,
941 1470 1043 1510 vitae
1077 1472 1276 1510 humanae
1309 1469 1437 1521 spatio
1470 1470 1639 1510 dimidio
1671 1470 1833 1509 vixdum
1867 1471 2047 1519 decurso,
2079 1469 2310 1521 quindecim
2339 1471 2419 1511 iam

409 1549 548 1584 annos,
586 1533 759 1586 primum
797 1533 890 1573 solis
928 1532 1089 1572 orientis
1127 1532 1229 1572 inter
1266 1532 1443 1580 insulasss,
1480 1532 1627 1572 deinde
1665 1531 1812 1583 patriae
1844 1532 2161 1582 septentrionalis
2198 1531 2238 1571 in
2272 1528 2417 1582 litore⁷‚

409 1595 639 1648 professoris
674 1608 838 1635 munere
870 1593 1023 1646 egregie
1056 1595 1215 1633 functus
1246 1601 1316 1633 est.
1376 1591 1541 1633 Interim
1575 1606 1696 1645 opera
1725 1593 1809 1632 eius
1842 1592 2021 1644 insignia,
2052 1592 2193 1643 partim
2226 1594 2419 1634 machinis

408 1674 553 1713 vapore
577 1659 675 1700 actis
704 1658 958 1711 explicandis,
980 1657 1123 1709 partim
1150 1657 1337 1697 scientiae
1366 1656 1613 1708 magneticae
1639 1656 1935 1707 investigandae
1962 1655 2157 1704 dedicata,
2185 1668 2267 1695 non
2296 1658 2419 1697 modo

409 1723 613 1763 doctrinae
644 1721 895 1762 Britannicae
925 1720 1026 1760 inter
1058 1721 1275 1768 thesauros,
1307 1720 1378 1759 sed
1408 1719 1527 1759 etiam
1562 1718 1769 1759 Societatis
1802 1718 1952 1769 Regiae
1978 1719 2079 1758 inter
2108 1720 2270 1759 annales
2299 1721 2419 1760 relata

409 1793 511 1825 sunt.
579 1784 690 1835 Quid
727 1784 858 1824 dicam
896 1784 947 1823 de
984 1783 1250 1833 pulcherrimo
1288 1782 1372 1822 eius
1409 1781 1584 1829 invento,
1625 1794 1706 1832 quo
1743 1787 1868 1820 terrae
1906 1788 2038 1820 motus
2075 1780 2195 1820 etiam
2232 1781 2419 1821 levissimi

409 1846 703 1886 accuratissime
731 1845 957 1886 indicantur
969 1845 1005 1883 ΡΒ
1075 1845 1269 1883 Nonnulli
1296 1850 1400 1883 certe
1430 1850 1603 1882 vestrum
1635 1841 1840 1881 audivistis
1867 1841 2087 1881 orationem
2111 1842 2307 1890 eximiam,
2339 1857 2419 1895 qua

410 1923 547 1961 nuper,
587 1921 732 1948 munus
778 1921 895 1947 suum
941 1905 1179 1957 auspicatus,
1219 1905 1407 1945 scientiae
1449 1904 1662 1944 machinali
1700 1903 1943 1943 Academiae
1980 1903 2081 1943 inter
2119 1904 2250 1944 studia
2285 1906 2419 1945 locum

410 1970 634 2018 vindicavit,
653 1969 938 2021 supellectilem
958 1967 1191 2018 ampliorem
1208 1967 1244 2007 ei
1264 1966 1401 2007 deberi
1419 1965 1639 2006 arbitratus.
1701 1964 1838 2005 Croesi
1859 1964 2004 2004 divitiis
2023 1965 2056 2004 si
2075 1966 2176 2004 forte
2190 1967 2416 2016 frueremur,

410 2032 662 2072 Archimedis
693 2031 898 2071 scientiam
932 2037 1122 2081 apparatu
1155 2029 1400 2080 amplissimo
1429 2028 1597 2068 libenter
1625 2041 1866 2067 ornaremus.
1926 2028 2090 2068 Interim
2119 2028 2264 2068 civium
2294 2030 2419 2070 muni-

411 2098 577 2136 ficorum
597 2095 870 2135 liberalitatem
892 2099 1176 2144 exspectantes,
1198 2092 1259 2131 his
1279 2092 1419 2131 studiis
1434 2091 1475 2130 in
1495 2092 1570 2130 hac
1589 2104 1678 2130 arce
1698 2089 1901 2130 doctrinae
1920 2091 2054 2130 denuo
2074 2090 2338 2131 instaurandis
2359 2093 2419 2144 (ut

409 2158 557 2209 Vergili
576 2166 662 2198 utar
686 2156 818 2208 versu)
838 2156 1066 2195 Dividimus
1085 2169 1215 2194 muros
1233 2160 1271 2193 et
1293 2155 1439 2194 moenia
1457 2155 1673 2204 pandimus
1699 2154 1835 2192 urbis&
1894 2155 2017 2203 Quod
2037 2154 2070 2193 si
2089 2154 2178 2205 quis
2198 2154 2318 2194 hodie
2338 2155 2415 2195 loci

410 2219 588 2260 eiusdem
618 2218 748 2259 verbis
771 2218 875 2257 male
898 2216 1084 2257 ominatis
1107 2216 1218 2256 abuti
1236 2215 1341 2265 velit,
1363 2217 1528 2257 Scandz't
1540 2216 1687 2265 fatalis
1706 2215 1883 2254 machina
1904 2217 2065 2255 muros¹⁰
2077 2230 2088 2264 3
2116 2228 2236 2255 omen
2255 2215 2354 2256 illud
2374 2216 2416 2256 in

411 2283 551 2323 melius
588 2281 721 2322 statim
754 2279 1032 2329 convertimus,
1067 2279 1263 2320 recordati
1296 2292 1343 2319 ex
1380 2292 1485 2330 equo
1523 2278 1699 2318 Troiano
1736 2278 1839 2317 viros
1877 2279 2008 2326 fortes,
2042 2291 2171 2318 meros
2207 2278 2415 2330 principes,

409 2346 645 2386 exstitisse11.
704 2344 793 2384 Tali
815 2343 930 2396 igitur
958 2343 1050 2392 viro,
1081 2343 1270 2382 scientiae
1295 2349 1429 2382 tantae
1455 2343 1556 2381 inter
1581 2340 1779 2392 principes
1808 2347 2026 2388 numerato,
2059 2354 2139 2380 non
2168 2340 2247 2380 iam
2276 2354 2417 2382 manus

410 2417 563 2449 nostras
588 2409 694 2449 velut
723 2406 868 2448 devicti
896 2406 1081 2447 dedimus
1095 2422 1104 2452 ;
1139 2407 1298 2446 foedere
1326 2404 1458 2456 potius
1487 2417 1593 2444 novo
1622 2403 1820 2455 utrimque
1848 2402 2032 2452 devincti,
2054 2404 2230 2443 dextram
2259 2404 2419 2444 dextrae

409 2472 578 2513 libenter
605 2472 814 2524 iungimus.
874 2473 992 2510 Duco
1021 2471 1073 2509 ad
1102 2483 1172 2509 vos
1201 2469 1470 2508 Professorem
1501 2469 1661 2506 EwrNG.

1205 2613 1229 2660 5
1267 2597 1455 2646 March
1500 2598 1615 2656 1891

515 2720 626 2771 (170)
641 2720 772 2769 QUEM
786 2733 853 2759 sex
867 2717 1015 2758 abhinc
1029 2731 1155 2757 annos
1170 2715 1355 2767 auspiciis
1370 2714 1530 2767 optimis
1551 2714 1810 2765 professorem
1828 2712 1944 2752 nobis
1960 2713 2097 2752 datum
2113 2710 2412 2759 salutavimusn,

411 2782 583 2822 eundem
603 2780 724 2821 hodie
744 2780 995 2832 episcopatus
1015 2778 1156 2819 honori
1180 2777 1320 2817 merito
1343 2776 1591 2827 designatum
1619 2787 1700 2814 non
1725 2773 1810 2813 sine
1835 2775 1972 2813 dolore
1995 2772 2129 2823 aliquo
2153 2779 2192 2812 et
2218 2771 2415 2812 desiderio

409 2844 593 2884 iubemus
626 2844 765 2882 valere.
825 2841 990 2881 Interim
1019 2839 1250 2892 professoris
1283 2851 1447 2878 munere
1479 2843 1628 2888 quanta
1660 2849 1751 2875 cum
1784 2835 1914 2883 laude,
1946 2841 2096 2885 quanto
2130 2832 2414 2885 discipulorum

496 2940 508 2960 1
532 2939 704 2972 Domestic
727 2939 907 2981 Chaplain‚
934 2939 1098 2981 1879-833
1124 2937 1225 2970 Vicar
1247 2935 1284 2968 of
1304 2932 1640 2976 Bishop-Auckland,
1670 2932 1830 2974 1883-90.
2085 2928 2099 2949 ²
2122 2930 2163 2962 E.
2188 2930 2244 2961 W.
2268 2929 2413 2962 Benson.

410 2984 423 3005 ³
450 2985 624 3016 Canticum
645 2983 868 3021 Canticorum,
888 2982 921 3014 iv
940 2981 989 3014 16.
1174 2979 1188 2999 ‘²
1210 2978 1415 3012 Afterwards
1431 2977 1557 3018 Bishop
1575 2975 1613 3007 of
1623 2974 1824 3023 Wakefield,
1846 2975 1940 3015 1897.
2100 3016 2106 3023 ι
2126 2972 2141 2994 ⁵
2160 2974 2274 3023 James
2290 2973 2414 3022 Stuart,

412 3029 517 3064 M.P.‚
535 3025 702 3059 Professor
717 3026 755 3058 of
775 3025 995 3062 Mechanism,
1017 3026 1074 3065 187
1079 3025 1175 3065 5-89,
1195 3022 1335 3055 founder
1351 3021 1389 3053 of
1406 3021 1462 3053 the
1480 3019 1672 3060 University
1689 3018 1873 3050 Extensxon·
1888 3021 2023 3058 system,
2042 3016 2151 3048 which
2175 3016 2360 3058 origlnated
2381 3026 2416 3047 m

408 3071 460 3103 his
475 3071 541 3102 Six
556 3071 704 3102 Lectures
718 3074 750 3101 to
761 3070 813 3101 tlte
836 3069 1006 3101 Workmm
1021 3068 1062 3111 qf
1072 3069 1182 3100 Crewe
1192 3065 1374 3106 (delivered
1390 3065 1424 3097 in
1444 3062 1536 3101 1868,
1549 3063 1615 3094 and
1630 3061 1793 3104 privately
1804 3060 1937 3102 printed
1950 3060 1984 3092 in
2005 3058 2110 3102 1869).
2242 3058 2256 3079 ⁶
2279 3059 2410 3100 Tokyo,

414 3115 572 3155 1878—83.
704 3111 717 3133 ⁷
739 3113 892 3152 Dundee,
917 3114 1076 3154 1883—90.
1207 3109 1221 3130 ⁸
1245 3110 1309 3151 Cp.
1328 3110 1361 3140 T
1360 3108 1476 3140 reatise
1490 3117 1531 3138 on
1548 3105 1766 3147 Eartlzquake
1778 3105 2033 3142 Measurement,
2057 3105 2147 3143 1883.
2289 3102 2304 3122 ⁹
2325 3103 2413 3134 Aen.

409 3157 432 3190 ii
449 3167 522 3198 234.
656 3155 681 3175 ¹⁰
704 3156 746 3187 ib.
765 3165 838 3198 237.
970 3154 995 3174 11
1019 3155 1148 3191 Cicero,
1166 3154 1219 3185 De
1237 3153 1296 3184 Or.
1313 3151 1335 3184 ii
1352 3161 1405 3193 94.
1538 3148 1565 3168 ¹²
1588 3149 1655 3181 No.
1673 3149 1713 3180 88
1729 3153 1843 3189 supra.

1390 3223 1440 3260 86
