2704 3770
643 328 698 378 C.
736 328 810 378 H.
863 329 1039 393 thatt.
1116 329 1176 379 G.
1214 330 1448 394 Balsour.
1520 331 1591 380 D.
1641 331 1692 380 T.
1736 330 1933 379 Cowan.
2004 330 2073 378 A.
2111 330 2267 380 Keen.

450 472 699 525 investigari3
727 472 911 525 denique,
933 473 1114 526 populari
1133 476 1273 515 saltem
1292 474 1334 515 in
1358 474 1525 515 civitatis
1543 489 1698 527 genere,
1720 473 1866 514 civium
1885 473 2061 526 ipsorum
2080 475 2132 515 ad
2155 474 2284 515 officia
2303 489 2460 528 semper

448 535 608 575 referri1.
668 536 928 588 Reipublicae
957 537 1150 578 maximae
1178 537 1279 578 inter
1306 538 1458 578 lumina
1485 537 1727 578 Academica
1755 544 1949 589 quantum
1975 537 2055 577 iarn
2078 537 2232 589 pridem
2261 538 2456 588 enituerit,

449 600 622 639 declarat
651 600 729 639 hoc
751 613 858 639 anno
878 599 1001 651 ipsius
1019 600 1162 652 imago,
1183 600 1289 641 orbis
1309 608 1498 641 terrarum
1518 600 1638 640 totius
1658 600 1830 640 virorum
1849 601 2060 640 doctorum
2083 599 2206 640 indici
2227 600 2458 652 plenissimo

450 662 684 712 praeposita,
702 661 769 714 qui
787 662 992 703 Minervae
1006 663 1169 703 nomine
1184 663 1465 715 nuncupatur'.
1525 662 1730 703 Minervae
1745 664 1796 703 de
1807 664 1958 703 cultore
1970 669 2052 702 tam
2064 662 2209 704 eximio
2223 663 2458 713 Quintiliani

448 723 569 764 verba
601 723 667 764 illa
695 724 787 764 licet
815 726 980 766 fortasse
1009 739 1197 777 usurpare
1213 729 1291 766 :—‘
1304 727 1437 776 Quem
1465 725 1736 778 praesidentes
1765 725 1905 766 studiis
1931 727 2031 767 deae
2056 726 2218 778 propius
2247 726 2459 768 audirent?

449 786 526 828 Cui
555 787 679 839 magis
708 801 798 827 suas
827 796 929 829 artes
957 789 1125 841 aperiret
1154 789 1343 829 familiare
1372 802 1523 828 numen
1553 788 1830 829 Minervae?'³

557 851 833 890 Praesentatur
857 851 970 891 vobis
997 851 1275 892 Universitatis
1302 850 1592 892 Columbianae
1617 852 1741 891 decus
1763 858 1803 891 et
1822 850 2074 903 praesidium,
2095 851 2152 892 vir
2171 850 2457 904 discipulorum

449 912 629 952 omnium
649 926 674 952 a
693 920 862 964 patrono
882 927 1126 966 praenomen
1146 922 1286 955 nactus
1306 913 1676 966 auspicatissimum,
1699 915 1918 954 N1cuoms
1939 915 2134 955 MURRAv
2154 915 2342 955 Eurum.

684 1109 734 1156 V
729 1109 815 1158 isit
847 1111 910 1175 qs
933 1111 987 1158 A
992 1110 1249 1159 ssocz‘atz'on
1283 1112 1348 1175 of
1369 1110 1631 1160 Directors
1665 1111 1773 1160 and
1802 1111 2106 1160 Secretarz‘es
2125 1112 2227 1175 for

958 1195 1011 1241 E
1012 1194 1239 1243 ducatz'on
1275 1194 1329 1242 in
1365 1196 1419 1243 E
1419 1195 1613 1259 ngland
1639 1195 1747 1244 and
1788 1195 1952 1243 Wales

554 1310 695 1348 ET1AM
724 1309 765 1349 in
793 1310 938 1362 Anglia
968 1318 1007 1350 et
1035 1311 1076 1350 in
1106 1311 1255 1360 Wallia,
1287 1311 1476 1363 pueritiae
1505 1311 1546 1351 in
1575 1311 1813 1352 educatione
1841 1310 2022 1351 universa
2050 1311 2190 1351 melius
2218 1312 2451 1363 ordinanda,

446 1371 615 1410 multum
635 1370 729 1422 (nisi
757 1370 886 1423 fallor)
907 1385 1033 1422 nuper
1059 1372 1311 1422 profecimus.
1371 1374 1492 1412 Hanc
1511 1372 1639 1424 ipsam
1662 1380 1768 1418 certe
1791 1372 1845 1412 ob
1868 1385 2029 1412 causam
2053 1372 2229 1413 Societas
2253 1376 2451 1425 quaedam

444 1432 496 1471 ab
515 1431 572 1471 eis
591 1445 718 1483 nuper
736 1432 952 1471 constituta
970 1440 1040 1481 est,
1062 1432 1142 1484 qui,
1165 1433 1245 1472 sive
1266 1434 1490 1473 Comitatus
1510 1434 1590 1475 sive
1615 1433 1827 1484 Municipii
1846 1433 2036 1485 cuiusque
2057 1436 2190 1485 magni
2208 1434 2248 1473 in
2269 1435 2453 1477 Concilio

445 1506 701 1544 unoquoque,
723 1492 778 1532 rei
797 1493 870 1533 toti
888 1501 957 1533 aut
976 1494 1206 1545 dirigendae
1224 1502 1292 1534 aut
1311 1495 1648 1535 administrandae
1662 1502 1858 1547 praesunt.
1919 1495 2073 1535 Placuit
2087 1495 2275 1543 Societati
2289 1496 2329 1536 in
2345 1498 2453 1538 hunc

442 1567 591 1594 annum
627 1554 904 1606 Cantabrigiae
937 1556 1189 1607 potissimum
1222 1556 1340 1596 tantis
1374 1558 1425 1597 de
1458 1557 1575 1597 rebus
1604 1556 1846 1597 deliberare:
1878 1557 2026 1608 placuit
2055 1557 2217 1597 Senatui
2245 1558 2452 1600 Societatis

442 1615 673 1656 utilissimae
693 1616 892 1656 ministros
911 1617 1146 1669 praecipuos
1167 1618 1347 1669 Magistri
1366 1619 1406 1658 in
1427 1619 1591 1659 Artibus
1610 1619 1725 1658 titulo
1746 1618 1908 1658 honoris
1931 1631 2051 1658 causa
2073 1619 2271 1660 decorare.
2329 1621 2452 1670 Quod

442 1678 559 1718 nobis
584 1686 792 1730 propterea
813 1680 1042 1731 praesertim
1069 1680 1261 1720 idoneum
1286 1681 1450 1730 videtur,
1473 1683 1583 1733 quod
1608 1682 1752 1733 gradus
1776 1681 1893 1721 huius
1920 1681 2050 1733 ipsum
2070 1695 2220 1722 nomen
2247 1696 2270 1722 a
2298 1691 2451 1736 septem

440 1740 515 1780 illis
534 1740 683 1780 artibus
703 1741 930 1781 liberalibus
949 1743 1002 1782 ad
1021 1756 1095 1782 nos
1115 1743 1303 1794 pervenit,
1325 1757 1428 1795 quae
1447 1743 1487 1783 in
1508 1744 1642 1784 medio
1657 1757 1756 1784 aevo
1777 1744 1837 1795 (ut
1851 1743 1978 1794 aiunt)
1994 1744 2241 1784 educationis
2256 1745 2451 1786 rationem

440 1810 566 1843 totam
589 1803 859 1844 continebant.
919 1804 1000 1855 Qui
1027 1806 1194 1856 gradum
1222 1805 1334 1846 illum
1363 1815 1495 1847 essent
1523 1807 1668 1858 adepti,
1690 1806 1747 1847 eis
1775 1814 1930 1846 tantum
1959 1806 2020 1846 ius
2049 1807 2223 1848 docendi
2248 1816 2331 1848 erat
2358 1822 2451 1850 con-

440 1879 608 1906 cessum.
667 1868 831 1917 Quanto
857 1867 981 1919 magis
1007 1876 1321 1909 consentaneum
1347 1877 1407 1909 est
1432 1883 1500 1910 eos
1523 1870 1642 1921 ipsos,
1664 1869 1732 1922 qui
1760 1877 1819 1911 tot
1848 1878 2134 1922 praeceptores,
2156 1878 2215 1912 tot
2243 1873 2451 1925 magistros

439 1927 623 1980 dirigunt,
645 1928 801 1968 Artium
823 1929 1035 1980 Magistros
1054 1930 1218 1970 honoris
1237 1944 1358 1971 causa
1376 1931 1593 1972 nominare.

549 2024 663 2076 (457)
694 2023 853 2064 Incedit
882 2024 1033 2076 primus
1062 2025 1270 2066 Societatis
1299 2027 1419 2067 totius
1448 2040 1616 2078 praeses
1648 2027 1689 2067 in
1719 2026 1936 2079 municipio
1966 2027 2139 2068 maximo
2169 2029 2450 2071 Maneuniensi

440 2087 661 2127 studiorum
689 2094 827 2136 rector,
849 2087 918 2139 qui
944 2101 1026 2128 non
1052 2090 1175 2129 modo
1200 2091 1438 2140 argentarias
1461 2089 1649 2141 plurimas
1671 2103 1885 2142 puerorum
1905 2096 1944 2129 et
1963 2091 2183 2141 puellarum
2198 2090 2449 2133 vindemiolis

437 2149 675 2202 recipiendis
698 2150 800 2190 inter
828 2163 921 2190 suos
946 2150 1144 2200 instituit⁴‚
1167 2152 1238 2191 sed
1261 2151 1380 2192 etiam
1401 2153 1591 2192 Senatum
1618 2152 1891 2192 Britannicum
1917 2151 2202 2203 discipulorum
2228 2166 2447 2205 pauperum

438 2214 491 2253 de
517 2212 715 2253 alimentis
743 2213 1029 2254 deliberantem
1058 2214 1273 2265 plurimum
1305 2214 1467 2255 adiuvit.
1526 2215 1658 2255 Etiam
1692 2214 1794 2256 inter
1824 2214 2135 2255 Mancunienses
2169 2228 2263 2255 suos
2290 2216 2446 2257 Artium

438 2275 628 2327 Magister
655 2276 817 2316 honoris
845 2290 965 2316 causa
994 2277 1222 2316 nominatus
1250 2285 1310 2317 est
1339 2279 1541 2318 CAROLus
1571 2280 1803 2318 Hmnucus
1832 2279 2000 2316 WvAT‘r.

546 2338 660 2390 (458)
689 2339 874 2391 Sequitur
902 2340 1091 2391 deinceps
1120 2340 1310 2391 praesidis
1343 2340 1522 2388 vicarius,
1553 2340 1721 2392 Collegii
1750 2339 2033 2392 Wigorniensis
2060 2341 2170 2392 apud
2198 2341 2447 2383 oxonienses

436 2400 593 2441 Artium
623 2402 822 2454 Magister,
844 2403 914 2454 qui
939 2403 1047 2455 regni
1072 2402 1193 2442 totius
1216 2404 1442 2443 scholarum
1465 2402 1718 2454 disciplinam
1741 2404 1961 2443 luculenter
1989 2402 2208 2454 explicavit,
2230 2404 2446 2456 scriptoris·

435 2477 515 2515 que
534 2464 705 2515 maximi,
723 2466 952 2507 consobrini
971 2466 1042 2515 sui,
1060 2467 1180 2506 vitam
1201 2467 1405 2514 enarravit,
1420 2466 1477 2505 vir
1495 2465 1632 2506 litteris
1652 2465 1953 2506 humanioribus
1973 2467 2151 2506 excultus
2171 2473 2211 2506 et
2229 2466 2445 2508 litterarum

435 2526 699 2566 recentiorum
720 2528 838 2568 laude
858 2527 943 2579 ipse
963 2528 1139 2580 insignis,
1162 2529 1355 2568 GRAHAM
1376 2526 1614 2568 BALFOUR⁶.

544 2587 659 2640 (459)
681 2589 861 2640 Assurgit
880 2589 1081 2640 proximus
1102 2589 1310 2630 Societatis
1330 2589 1606 2637 thesaurarius,
1628 2589 1669 2628 in
1690 2589 1881 2629 comitatu
1903 2588 2202 2640 Hamptonensi
2221 2589 2444 2630 studiorum

434 2656 572 2696 rector,
594 2657 633 2689 et
653 2649 754 2689 inter
774 2650 998 2691 Edinenses
1018 2658 1056 2691 et
1079 2652 1278 2703 paulisper
1300 2651 1420 2691 etiarn
1443 2651 1544 2692 inter
1568 2651 1817 2691 Oxonienses
1841 2652 2044 2699 educatus,
2068 2652 2252 2703 Europae
2271 2651 2446 2704 denique

435 2712 660 2750 scholarum
681 2711 934 2763 investigator
952 2714 1177 2762 acerrimus,
1201 2715 1343 2753 DAvn)
1363 2715 1546 2753 THOMAs
1566 2714 1737 2754 CowAN.

542 2773 656 2826 (460)
694 2774 844 2814 Seriem
882 2775 1030 2815 claudit
1068 2776 1277 2816 Societatis
1315 2776 1436 2816 totius
1469 2777 1724 2828 epistolarum
1762 2775 1957 2827 magister,
1992 2774 2033 2814 in
2071 2774 2262 2815 comitatu
2301 2776 2445 2816 Canta-

434 2835 619 2888 brigiensi
647 2837 868 2878 studiorum
892 2846 1030 2878 rector.
1090 2840 1139 2878 In
1163 2839 1304 2878 Wallia
1326 2839 1556 2890 praesertim
1582 2839 1786 2885 educatus,
1810 2837 1960 2889 primus
1987 2839 2179 2886 omnium,
2209 2851 2290 2878 non
2320 2839 2443 2878 modo

433 2906 733 2949 praeceptorum
763 2900 950 2951 collegiis,
972 2901 1044 2940 sed
1072 2900 1192 2940 etiam
1221 2900 1474 2940 bibliothecis
1502 2900 1667 2948 rusticis,
1690 2913 1800 2939 more
1828 2912 1934 2939 novo
1963 2899 2253 2940 constituendis
2281 2913 2442 2951 operam

432 2961 552 3000 dedit.
614 2962 772 3002 Deinde
809 2963 890 3014 agri
928 2965 1104 3003 culturae
1142 2965 1365 3003 studiorum
1403 2965 1444 3002 in
1483 2962 1698 3003 concilium
1736 2976 1783 3002 ex
1820 2962 1905 3013 ipsa
1947 2962 2098 3014 origine
2134 2963 2186 3002 ab
2225 2962 2444 3003 Academia

517 3056 530 3077 ¹
554 3058 786 3091 Introduction
816 3064 851 3091 to
887 3060 955 3091 The
979 3061 1149 3102 Meam'ng
1168 3060 1210 3103 qf
1225 3061 1415 3093 Education
1442 3060 1515 3092 and
1534 3060 1627 3092 other
1651 3061 1776 3100 Essays
1797 3060 1870 3092 and
1887 3060 2071 3099 Addresses,
2099 3060 2185 3092 New
2207 3059 2312 3099 York‚
2347 3060 2439 3101 1898.

431 3099 448 3120 ²
470 3101 696 3143 Frontispiece
713 3107 748 3133 to
763 3103 931 3139 Minerva,
953 3112 1043 3146 1907.
1160 3102 1174 3123 ⁸
1197 3104 1396 3145 Quintilian,
1412 3115 1432 3136 x
1453 3115 1480 3140 1,
1499 3113 1550 3146 91.
1677 3102 1691 3123 ⁴
1713 3102 1902 3136 Children‘s
1916 3103 2165 3146 saving-bankS.
2276 3101 2290 3122 ⁵
2311 3102 2443 3135 Author

430 3144 469 3176 of
489 3145 560 3176 The
581 3146 787 3177 educational
806 3151 941 3187 systcms
965 3147 1006 3188 eff
1025 3148 1124 3179 Great
1145 3148 1287 3179 Britain
1310 3148 1383 3179 and
1404 3147 1553 3187 lreland,
1579 3147 1645 3179 and
1673 3147 1707 3179 T
1702 3146 1741 3179 lte
1762 3146 1839 3188 Life
1857 3146 1899 3188 of
1916 3147 2038 3180 Robcrt
2057 3147 2160 3179 Louis
2182 3147 2371 3178 Stcvenson.

1400 3220 1480 3267 2208
