2704 3770
1024 336 1232 384 Martz'n
1267 335 1447 384 Hume.
1520 335 1662 383 Paul
1690 333 1874 382 David.

450 480 569 520 laude
595 486 675 519 tam
700 478 823 531 digno
846 491 919 531 pro
942 478 1091 519 meritis
1114 478 1199 519 eius
1224 480 1399 526 laudato,
1423 477 1664 519 laudationis
1687 483 1845 517 nostrae
1871 475 1912 516 in
1938 476 2029 525 fine,
2052 475 2275 516 fabularum
2299 475 2352 515 ab
2373 474 2463 527 ipso

450 543 552 583 inter
581 542 729 582 insulas
758 542 844 582 illas
870 544 1126 583 collectarum
1155 543 1276 582 finem
1304 542 1506 590 usitatum,
1537 542 1688 593 populo
1718 541 1906 579 Romano
1934 537 2100 590 antiquo
2128 551 2210 578 non
2239 537 2461 589 indignum,

452 606 623 645 mutuari
638 606 827 645 z—‘haec
855 606 1049 645 hactenus
1063 620 1074 655 ;
1107 605 1172 645 hic
1201 606 1365 645 demum
1394 611 1552 644 nostrae
1580 601 1771 643 orationis
1799 601 1889 641 finis
1918 600 2030 641 est'¹.

559 670 677 709 Duco
714 669 766 709 ad
803 682 874 709 vos
910 668 1037 708 virum
1075 670 1127 709 de
1164 667 1386 707 Australiae
1424 665 1742 719 septentrionalis
1780 672 1819 705 et
1857 664 2009 704 insulae
2052 664 2283 715 Papuensis,
2330 663 2463 714 deque

453 729 698 770 Melanesiae
725 737 765 770 et
794 729 1027 782 Polynesiae
1055 729 1273 782 philologia
1300 730 1499 781 praeclare
1528 727 1725 776 meritum,
1756 728 1976 767 SmNEmM
2007 726 2285 765 HERBERTUM
2316 725 2420 764 Ru.

1254 862 1280 911 7
1316 848 1503 897 March
1548 865 1563 895 1
1573 850 1670 909 908

562 967 677 1021 (469)
697 970 872 1008 ARTIUM
901 967 1136 1019 Magistrum
1163 967 1284 1008 hodie
1310 966 1472 1007 honoris
1501 979 1620 1006 causa
1646 965 1900 1006 nominamus
1927 964 2055 1005 virum
2085 971 2124 1004 et
2149 963 2269 1016 Regis
2297 961 2465 1005 Henrici

453 1031 583 1072 octavi
611 1039 651 1071 et
675 1030 854 1083 Reginae
879 1030 1030 1071 Elissae
1057 1032 1107 1071 de
1130 1030 1341 1070 annalibus
1368 1029 1535 1070 edendis
1559 1030 1637 1069 iarn
1662 1030 1818 1070 dudum
1845 1030 1949 1069 bene
1978 1029 2174 1076 meritum,
2196 1027 2265 1079 qui
2291 1026 2464 1080 primum

454 1107 537 1133 non
556 1094 679 1133 modo
707 1092 884 1144 Reginae
907 1092 1011 1132 illius
1037 1093 1108 1132 sed
1134 1091 1252 1131 etiam
1282 1091 1444 1140 Mariae,
1467 1093 1693 1131 Scottorum
1715 1091 1902 1142 Reginae,
1924 1103 2080 1130 amores
2099 1089 2267 1129 narravit
2280 1103 2291 1138 3
2319 1088 2466 1129 deinde

453 1163 493 1195 et
522 1155 763 1196 Willelmum
793 1155 1000 1203 Cecilium,
1032 1157 1230 1195 Batonem
1260 1156 1469 1207 Burghley,
1497 1154 1623 1194 virum
1652 1154 2016 1206 prudentissimum,
2048 1153 2144 1193 olim
2173 1151 2464 1194 Cancellarium

454 1226 646 1267 nostrum,
678 1226 718 1258 et
751 1219 967 1257 Walterum
1003 1218 1166 1269 Ralegh,
1202 1217 1328 1256 virum
1362 1217 1629 1267 fortissimum,
1664 1217 1870 1269 regionum
1904 1224 2145 1257 remotarum
2177 1216 2465 1267 exploratorem

454 1280 706 1333 intrepidum,
738 1280 951 1320 celebravit
959 1295 970 1329 ;
1009 1280 1231 1331 Hispaniae
1259 1280 1433 1331 denique
1466 1279 1671 1320 historiam
1700 1280 1921 1320 identidem
1949 1280 2166 1320 litterarum
2194 1277 2464 1318 monumentis

455 1342 687 1383 mandavit’.
746 1343 862 1382 Idem
881 1342 960 1382 iarn
980 1356 1050 1394 per
1070 1342 1284 1382 triennium
1303 1356 1328 1382 a
1347 1342 1528 1394 Collegio
1553 1342 1873 1382 Pembrochiano
1897 1342 2082 1394 auspiciis
2105 1340 2265 1392 optimis
2292 1340 2466 1392 Hispan-

453 1418 567 1444 orum
596 1404 753 1455 linguae
782 1411 821 1444 et
849 1404 1066 1444 litterarum
1095 1406 1219 1444 lector
1247 1404 1498 1452 constitutus,
1527 1404 1767 1455 Hispaniam
1795 1404 1914 1450 illam,
1940 1417 2060 1456 quam
2091 1402 2290 1443 Iuvenalis
2317 1402 2414 1442 olim
2441 1415 2466 1442 a

453 1466 658 1507 iuventute
687 1469 873 1506 Romana
903 1466 1106 1506 vitandam
1139 1480 1226 1506 esse
1259 1466 1387 1514 dixit³‚
1421 1480 1444 1505 a
1474 1466 1678 1506 iuventute
1711 1466 1940 1507 academica
1971 1465 2192 1506 studiorum
2222 1464 2466 1517 provinciam

454 1543 645 1582 perquam
672 1531 936 1581 expetendam
963 1543 1050 1570 esse
1076 1529 1360 1581 comprobavit.
1421 1530 1537 1569 Idem
1565 1528 1739 1580 denique
1765 1528 1804 1568 in
1831 1529 1967 1569 libello
1993 1529 2214 1568 luculenter
2238 1526 2465 1579 conscripto

453 1606 580 1645 nuper
611 1595 810 1645 praeclare
848 1593 1033 1641 ostendit,
1069 1599 1264 1643 quantum
1299 1591 1574 1643 Hispanorum
1611 1591 1762 1640 litteris,
1797 1591 1899 1631 inter
1928 1591 2137 1643 scriptores
2168 1597 2324 1631 nostros
2353 1588 2463 1637 alios,

453 1655 572 1695 etiarn
603 1656 844 1695 Edmundus
874 1656 1054 1707 Spenser,
1086 1657 1205 1706 poeta
1234 1653 1586 1702 Pembrochianus,
1615 1653 1826 1694 debuerit⁴.

564 1720 681 1758 Duco
700 1719 753 1758 ad
772 1731 842 1758 vos
863 1717 1031 1770 Collegii
1052 1716 1359 1757 Pembrochiani
1378 1730 1503 1756 unum
1523 1730 1546 1757 e
1564 1716 1779 1757 lectoribus
1797 1715 2093 1768 acceptissimis,
2114 1715 2241 1756 virum
2260 1714 2329 1767 qui
2347 1711 2466 1755 armis

454 1780 594 1833 positis
614 1781 771 1821 Artium
794 1780 975 1833 Magistri
995 1788 1129 1833 togam
1150 1793 1231 1820 non
1252 1780 1337 1820 sine
1356 1781 1476 1821 laude
1495 1786 1735 1820 consecutus
1754 1786 1824 1828 est,
1848 1781 2095 1820 MAR'nNUM
2116 1781 2266 1819 HUME.

562 1890 676 1943 (470)
696 1891 803 1931 Artis
823 1891 1000 1932 musicae
1020 1890 1201 1942 Magistri
1220 1890 1262 1930 in
1281 1891 1406 1942 gradu
1426 1890 1548 1930 hodie
1567 1890 1740 1942 primum
1759 1890 1923 1930 honoris
1938 1903 2058 1930 causa
2072 1890 2327 1939 conferendo,
2343 1902 2368 1929 a
2380 1887 2465 1928 viro

453 1955 504 1995 de
540 1961 624 1995 arte
656 1954 723 1994 illa
755 1955 940 1995 docenda
972 1954 1051 1994 iarn
1084 1967 1154 2006 per
1185 1967 1313 1993 annos
1347 1954 1429 1993 duo
1462 1960 1501 1992 et
1534 1953 1794 2004 quadraginta
1823 1954 2021 2004 praeclare
2055 1952 2194 1992 merito
2226 1951 2465 2003 perlibenter

453 2017 714 2069 auspicamur.
774 2017 881 2058 Olim
906 2017 1007 2058 inter
1033 2016 1261 2069 Lipsienses
1287 2023 1399 2067 pater
1426 2015 1521 2063 eius,
1553 2016 1646 2055 artis
1675 2015 1778 2055 illius
1811 2017 2009 2066 professor
2037 2014 2232 2063 eximius¹⁵‚
2264 2013 2466 2053 Mendels-

453 2079 585 2119 sohnii
613 2079 776 2131 quidem
800 2087 882 2119 erat
910 2079 1067 2120 adiutor
1091 2086 1212 2130 atque
1240 2078 1401 2126 amicus,
1433 2085 1665 2129 praeceptor
1693 2085 1827 2118 autem
1851 2077 2022 2118 virorum
2052 2079 2223 2118 duorum
2248 2075 2462 2128 insignium

452 2154 554 2192 quos
573 2155 700 2193 nuper
717 2141 933 2190 amisimus,
949 2141 1119 2193 Augusti
1141 2140 1360 2180 wilhelmi⁶
1379 2147 1419 2180 et
1440 2140 1603 2191 Iosephi
1625 2139 1806 2179 Ioachim
1816 2138 1838 2178 ⁷.
1898 2139 2029 2188 Quam
2049 2139 2229 2186 libenter,
2244 2137 2462 2177 amicorum

452 2201 494 2242 in
513 2203 720 2252 honorem,
743 2204 928 2255 Orpheus
947 2203 1014 2244 ille
1035 2211 1179 2251 noster,
1202 2217 1283 2242 non
1306 2203 1428 2242 modo
1447 2202 1690 2242 Academiae
1711 2209 1869 2242 nostrae
1884 2215 2059 2250 nemora,
2073 2203 2144 2242 sed
2160 2201 2279 2241 etiam
2294 2200 2463 2240 Scholae

454 2263 822 2316 Uppinghamensis
848 2267 970 2306 colles
997 2265 1297 2317 frequentabat!
1355 2263 1419 2303 Ibi
1443 2264 1605 2304 Odeum
1631 2264 1751 2304 Marti
1774 2264 1881 2316 prius
1908 2263 2149 2311 dedicatum,
2176 2264 2296 2303 etiam
2321 2261 2460 2311 Musis,

451 2326 522 2366 viri
546 2327 663 2367 huius
690 2327 920 2368 meritorum
946 2328 986 2368 in
1011 2327 1243 2367 memoriam
1269 2326 1539 2374 consecravit,
1566 2326 1622 2366 ibi
1641 2326 1683 2366 in
1706 2326 1854 2378 pariete
1876 2325 2065 2378 inscripta
2089 2325 2181 2365 licet
2203 2323 2463 2376 contemplari

453 2388 682 2442 philosophi
702 2391 878 2431 Romani
897 2391 1016 2431 verba
1035 2390 1102 2430 illa
1120 2390 1331 2441 praeclara,
1354 2402 1414 2429 res
1431 2402 1560 2429 severa
1579 2402 1711 2429 verum
1726 2389 1936 2440 gaudium⁸
1949 2403 1960 2437 3
1988 2387 2054 2436 ibi,
2076 2387 2261 2440 denique,
2277 2385 2463 2427 admirari

452 2457 645 2502 quantum
665 2451 757 2491 artis
777 2458 859 2491 tam
879 2465 1048 2500 severae,
1070 2451 1162 2491 artis
1182 2458 1264 2491 tam
1288 2450 1497 2499 iucundae,
1519 2464 1695 2491 amorem
1719 2452 1850 2490 fautor
1871 2457 2047 2490 veterum
2073 2456 2154 2489 tarn
2177 2449 2398 2489 indefessus
2419 2446 2462 2488 in

452 2513 589 2552 schola
608 2520 691 2553 tota
710 2527 780 2565 per
799 2521 858 2554 tot
877 2527 1005 2554 annos
1025 2512 1260 2554 excitaverit.
1321 2513 1528 2563 Quantum
1548 2526 1641 2552 vero
1660 2512 1702 2552 in
1717 2512 1848 2564 pueris
1866 2511 2085 2552 educandis
2103 2525 2165 2551 ars
2184 2510 2336 2551 musica
2352 2510 2462 2562 apud

450 2573 636 2625 antiquos
656 2574 830 2623 valuerit,
852 2574 945 2614 satis
965 2574 1067 2614 inter
1085 2587 1226 2614 omnes
1246 2581 1427 2624 constat3
1454 2573 1547 2614 artis
1566 2581 1700 2614 autem
1725 2574 1829 2614 illius
1852 2573 1894 2612 in
1919 2573 2065 2614 scholis
2090 2572 2234 2613 nostris
2258 2571 2460 2612 hodiernis

535 2674 548 2695 ¹
571 2676 669 2708 Sina.
715 2677 882 2708 Esemuda
897 2676 983 2709 abele
996 2677 1132 2709 Malora
1149 2687 1237 2715 mer;
1264 2677 1272 2693 ‘
1283 2676 1447 2719 Enough3
1472 2676 1538 2709 this
1554 2676 1582 2709 is
1598 2676 1655 2709 the
1678 2676 1744 2708 end
1760 2675 1798 2708 of
1818 2675 1940 2708 Malo’s
1955 2675 2047 2708 word
2059 2675 2171 2708 ’—-the
2186 2675 2310 2725 typical
2325 2674 2459 2707 conclu—

450 2718 525 2752 sion
537 2718 576 2751 of
586 2719 643 2752 the
663 2719 805 2752 ‘Stories
821 2720 859 2752 of
877 2720 934 2752 the
951 2720 1092 2752 Eastern
1109 2720 1305 2759 Islanders’,
1325 2719 1395 2752 first
1411 2720 1594 2752 translated
1609 2720 1675 2752 and
1691 2719 1868 2762 published
1884 2719 1928 2760 by
1945 2719 2000 2751 Mr
2016 2719 2051 2753 S.
2071 2719 2118 2751 H.
2137 2719 2212 2760 Ray
2226 2729 2261 2752 m
2276 2729 2334 2762 pp.
2352 2728 2459 2761 ²²9-

452 2771 516 2803 250
539 2762 577 2794 of
604 2763 655 2795 his
678 2763 888 2805 monograph
910 2763 949 2795 of
974 2765 1038 2803 528
1062 2768 1179 2805 quarto
1202 2774 1305 2806 pages
1327 2774 1372 2795 on
1395 2763 1452 2796 the
1476 2764 1657 2805 languages
1683 2763 1722 2795 of
1742 2763 1863 2794 Torres
1890 2762 2019 2801 Straits,
2050 2762 2174 2794 British
2199 2763 2286 2795 New
2312 2761 2455 2801 Guinea,

451 2805 517 2837 and
545 2806 730 2838 Melanesia
755 2807 822 2838 and
848 2806 1033 2848 Polynesia,
1060 2806 1204 2848 forming
1226 2807 1293 2838 vol.
1318 2815 1363 2838 111
1389 2806 1499 2850 (1907)
1524 2807 1563 2838 of
1582 2807 1638 2839 the
1662 2807 1798 2848 Reports
1819 2805 1860 2848 qf
1873 2806 1927 2837 the
1953 2805 2148 2847 Cambridge
2172 2805 2463 2846 Anthropological

450 2849 656 2890 Expedition
672 2855 702 2881 to
724 2850 839 2881 Torres
854 2851 991 2882 Straits.
1181 2849 1194 2869 2
1218 2850 1338 2882 Editor
1354 2850 1391 2881 os
1404 2850 1572 2882 Calendar
1586 2850 1625 2881 of
1643 2849 1787 2891 Spanish
1806 2848 1900 2881 State
1918 2849 2040 2890 Papers
2056 2848 2244 2890 (Elizabeth
2259 2848 2326 2880 and
2340 2848 2459 2890 I-Ienry

449 2891 552 2933 VIII)
565 2903 574 2930 ;
597 2893 663 2924 and
686 2893 805 2924 author
828 2893 864 2924 of
891 2894 924 2925 T
918 2894 956 2925 lze
982 2893 1176 2934 Courtslzips
1197 2893 1238 2934 of
1255 2894 1364 2933 Quem
1392 2893 1581 2931 Elizabetlz;
1618 2893 1684 2924 The
1707 2893 1794 2925 Love
1812 2892 1943 2933 Affairs
1966 2893 2008 2933 of
2021 2893 2125 2933 Mary
2154 2893 2263 2932 Quem
2288 2892 2330 2934 qs
2350 2892 2457 2930 Scots3

455 2935 521 2966 The
548 2936 650 2967 Great
673 2936 768 2968 Lord
788 2936 975 2978 Burglzley3
1006 2937 1074 2968 and
1099 2937 1160 2968 Sir
1196 2937 1321 2968 Walter
1348 2937 1491 2978 Ralegh3
1523 2937 1588 2968 and
1617 2936 1656 2968 of
1677 2935 1803 2967 several
1829 2935 1937 2967 works
1961 2945 2006 2966 on
2030 2935 2086 2967 the
2112 2935 2252 2978 History
2275 2935 2313 2967 of
2339 2934 2456 2977 Spain.

448 2977 463 2999 3
482 2979 637 3020 Juvenal,
656 2979 712 3010 viii
732 2979 803 3016 116,
823 2980 973 3011 ‘horrida
988 2979 1124 3011 vitanda
1140 2984 1189 3011 est
1207 2980 1374 3021 Hispania
1384 2979 1403 3010 ’.
1658 2978 1672 2998 ⁴
1694 2979 1841 3020 Spanislz
1857 2979 2024 3020 lnfluence
2038 2989 2080 3010 on
2096 2979 2240 3021 English
2256 2979 2454 3011 Litreature.

448 3020 462 3040 ⁶
486 3022 513 3053 F
515 3022 676 3054 erdinand
693 3022 816 3054 David.
937 3021 951 3041 ⁶
973 3023 1047 3054 The
1062 3022 1210 3055 violinist
1225 3023 1292 3054 and
1309 3033 1495 3064 composer,
1517 3023 1741 3064 1845—1908.
1872 3021 1886 3042 ⁷
1909 3022 1977 3053 No.
1998 3031 2014 3061 3
2030 3027 2146 3063 supra.
2276 3021 2291 3043 ⁸
2313 3021 2452 3060 Seneca,

449 3064 514 3106 Ep.
536 3075 586 3106 23,
605 3078 635 3105 4,
653 3065 706 3096 ed.
725 3066 849 3103 Haase,
866 3076 979 3098 verum
996 3066 1155 3108 gaudium
1171 3076 1223 3098 res
1239 3077 1352 3098 severa
1368 3071 1428 3098 est.
1475 3074 1541 3098 nas
1561 3073 1704 3097 sevana
1721 3073 1855 3097 VERUM
1872 3073 2065 3104 GAUDmM,
2085 3065 2141 3097 the
2156 3070 2264 3097 motto
2279 3065 2386 3097 above
2400 3064 2458 3097 the

449 3107 616 3139 orchestra
631 3108 670 3139 of
688 3108 744 3140 the
760 3108 828 3141 Old
848 3109 1080 3141 Gewandlzaus
1095 3109 1133 3141 of
1152 3108 1422 3142 Mendelssohn's
1436 3109 1517 3141 time
1533 3109 1567 3141 in
1589 3109 1736 3151 Leipzig,
1755 3109 1816 3141 has
1838 3109 1924 3143 been
1947 3108 2103 3152 repeated
2126 3119 2170 3140 on
2193 3108 2250 3141 the
2271 3107 2456 3141 architrave

447 3150 486 3184 of
504 3151 560 3186 the
577 3151 663 3186 New
682 3152 912 3188 Gewandhaus
927 3152 965 3188 of
980 3153 1073 3196 1884.

1418 3237 1437 3266 2
1446 3237 1462 3262 1
1472 3237 1492 3267 2
