2704 3770
837 337 968 385 Sven
1002 337 1210 386 Anders
1243 337 1434 386 Hedz'n.
1492 338 1551 404 J.
1590 339 1664 386 H.
1707 338 1766 387 G.
1804 338 2083 403 Randolplz.

456 480 698 521 descenditis
723 480 765 520 in
792 494 911 530 mare,
932 489 971 522 et
996 481 1205 534 plenitudo
1230 481 1325 531 eius,
1354 481 1506 522 insulae
1532 489 1571 522 et
1597 483 1837 522 habitatores
1863 495 2048 523 earum...
2065 497 2076 532 3
2104 490 2257 535 ponent
2283 482 2462 524 Domino

454 542 630 594 gloriam,
653 550 692 582 et
711 544 871 583 laudem
890 544 975 583 eius
995 542 1035 582 in
1055 542 1193 582 insulis
1214 543 1461 583 nunciabunt
1474 544 1513 582 '¹.

565 606 682 645 Duco
701 606 754 646 ad
768 618 839 648 vos
854 605 980 645 virum
995 606 1216 645 admodum
1232 606 1504 654 reverendum,
1522 606 1734 646 CEc1L1UM
1751 608 1936 656 WxLSON,
1956 607 2200 648 Melanesiae
2214 608 2458 660 episcopum.

1248 748 1280 793 4
1314 732 1503 781 March
1545 749 1562 780 1
1572 749 1669 794 909

565 845 678 897 (506)
706 846 1026 885 SCANDINAVIAE
1059 845 1183 884 filium
1217 844 1470 896 intrepidum,
1500 853 1591 896 post
1623 852 1683 885 tot
1716 845 1889 897 pericula
1918 859 2078 898 peregre
2110 854 2294 899 suscepta
2326 848 2461 888 denuo

457 907 656 948 Britannis
684 907 895 955 redditum,
927 906 1169 947 Academiae
1198 906 1319 946 totius
1347 907 1510 946 nomine
1538 907 1707 947 libenter
1734 909 1959 948 salutamus.
2019 909 2243 949 Salutamus
2276 916 2463 960 quattuor

455 970 774 1010 universitatum²
792 968 1000 1008 illustrium
1020 970 1227 1008 alumnum
1247 969 1453 1020 insignem,
1476 969 1545 1021 qui
1564 977 1603 1009 et
1624 969 1797 1009 Persiam
1817 978 1856 1009 et
1878 971 2213 1022 Mesopotamiam
2232 979 2272 1011 et
2291 971 2462 1012 Caucasi

455 1031 634 1072 montes³
653 1039 692 1071 et
710 1031 890 1082 regiones
910 1039 1016 1071 trans
1037 1045 1143 1071 mare
1164 1031 1355 1083 Caspium
1374 1034 1452 1072 late
1471 1033 1673 1083 patentes⁴
1691 1032 1787 1072 olim
1810 1034 2037 1085 peragravit,
2059 1034 2208 1086 quique
2231 1042 2370 1086 postea
2392 1047 2463 1087 per

454 1108 582 1135 annos
597 1097 738 1135 decem
754 1095 890 1135 Asiam
906 1095 1080 1135 mediam
1096 1102 1154 1134 ter
1169 1094 1398 1146 penetravit,
1416 1102 1474 1134 ter
1489 1094 1741 1135 scientiarum
1757 1096 1883 1147 spolia
1898 1096 2065 1148 plurima
2080 1097 2205 1137 victor
2218 1096 2460 1149 reportavit'fi

457 1156 567 1206 Quid
593 1169 904 1196 commemorem
934 1169 1166 1208 camporum
1195 1158 1486 1207 praecelsorum
1515 1157 1783 1208 longitudines
1809 1157 1995 1207 infinitas,
2026 1158 2123 1210 quid
2151 1158 2251 1198 nivis
2277 1166 2461 1199 aeternae

455 1218 688 1258 solitudines
717 1218 942 1264 immensas,
971 1218 1024 1257 ab
1057 1219 1201 1258 eodem
1230 1219 1511 1269 perlustratas?
1567 1218 1678 1268 Quid
1710 1219 1911 1269 grandinis
1945 1232 2084 1259 saxeae
2117 1227 2372 1272 tempestates
2405 1220 2463 1260 in-

454 1281 679 1321 tolerabiles
705 1281 854 1321 fortiter
879 1282 1092 1321 toleratas?
1147 1280 1258 1330 Quid
1287 1281 1484 1320 montium
1513 1280 1739 1332 ignotorum
1767 1281 2011 1332 labyrinthos
2039 1282 2331 1323 inextricabiles
2353 1283 2463 1324 iden-

455 1343 577 1382 tidem
611 1343 859 1394 pererratos?
916 1341 1025 1391 Quid
1056 1341 1421 1392 Trans-himalayae
1454 1343 1563 1381 lacus
1592 1344 1844 1393 procellosos,
1875 1342 1974 1393 quid
2001 1344 2212 1384 fluminum
2241 1344 2459 1396 ingentium

453 1406 583 1445 fontes
610 1407 798 1444 audacter
826 1406 1078 1455 exploratos?
1134 1403 1198 1443 Ibi
1226 1404 1419 1455 originem
1447 1404 1554 1443 illam
1583 1404 1794 1455 tricipitem
1823 1404 1972 1456 primus
2000 1408 2216 1457 conspexit,
2239 1420 2261 1446 e
2289 1420 2369 1458 qua
2395 1421 2463 1447 rex

455 1467 675 1515 fluviorum,
699 1468 895 1506 Brahmae
917 1466 1020 1506 filius
1040 1473 1304 1516 nuncupatus,
1326 1466 1475 1506 itineris
1498 1466 1606 1518 longi
1629 1480 1788 1506 cursum
1814 1467 1971 1507 Indiam
1996 1468 2037 1507 in
2063 1468 2295 1509 orientalem
2318 1469 2460 1522 dirigit.

456 1531 570 1569 Idem
601 1528 642 1567 in
671 1530 812 1568 eadem
839 1527 999 1579 regione
1022 1540 1159 1577 rupem
1184 1527 1291 1566 illam
1318 1527 1510 1567 humilem
1539 1527 1688 1579 primus
1718 1528 1877 1577 detexit,
1898 1530 2007 1569 unde
2037 1531 2163 1570 Indus
2191 1530 2276 1582 ipse
2305 1539 2463 1571 exortus

457 1591 617 1632 Indiam
636 1591 677 1631 in
698 1591 999 1638 occidentalem,
1022 1590 1237 1630 Alexandri
1261 1589 1394 1642 magni
1419 1590 1668 1630 victoriarum
1693 1591 1788 1631 olim
1814 1592 2009 1641 conscius,
2031 1593 2199 1633 defluit⁶.
2257 1594 2382 1646 Atqui
2402 1593 2464 1647 (ut

454 1657 596 1706 poetae
615 1655 745 1695 verbis
764 1654 868 1707 utar)

916 1719 1105 1768 ‘magnus
1133 1717 1368 1764 Alexander,
1400 1723 1529 1756 totum
1558 1729 1651 1756 cum
1680 1716 1825 1757 vicerat
1853 1718 2002 1766 orbem,

994 1785 1076 1811 non
1105 1771 1235 1822 potuit
1263 1784 1349 1810 sese
1377 1771 1557 1819 vincere;
1591 1770 1718 1811 maius
1747 1771 1878 1811 erat’⁷.

455 1845 537 1885 Hic
565 1853 711 1894 autem,
733 1852 771 1885 et
797 1843 857 1884 sui
885 1844 1008 1896 ipsius
1034 1852 1074 1884 et
1101 1857 1231 1884 rerum
1261 1850 1425 1883 naturae
1453 1843 1577 1884 vietor
1604 1845 1832 1885 Alexandro
1861 1845 2020 1894 felicior,
2043 1845 2161 1886 etiarn
2190 1853 2297 1887 trans
2324 1846 2461 1888 Asiam

454 1907 681 1947 interiorem
702 1906 955 1946 scientiarum
974 1905 1185 1957 imperium
1205 1905 1356 1945 fortiter
1379 1905 1620 1957 propagavit.
1677 1907 1806 1954 Idem,
1827 1908 2054 1946 Alexandro
2078 1908 2298 1957 humanior,
2319 1916 2461 1949 terram

455 1969 638 2020 periculis
662 1968 840 2021 plurimis
864 1967 1133 2019 plenissimam
1160 1968 1217 2006 sic
1240 1966 1350 2014 obiit,
1372 1974 1415 2006 ut
1444 1967 1484 2006 in
1510 1969 1671 2018 regione
1696 1974 1778 2006 tam
1806 1967 2002 2007 immensa
2027 1970 2181 2008 nullum
2206 1970 2460 2020 crudelitatis,

456 2033 609 2071 nullum
629 2030 941 2078 inhumanitatis,
963 2029 1172 2080 vestigium
1192 2028 1422 2079 reliquerit⁸.

565 2094 670 2144 Ergo
695 2094 827 2131 laurea
852 2098 986 2130 nostra
1010 2090 1179 2130 libenter
1202 2103 1440 2130 coronamus
1464 2089 1591 2130 virum
1613 2104 1637 2130 a
1659 2090 1857 2131 Societate
1878 2091 2004 2143 Regia
2023 2093 2298 2144 Geographica
2317 2094 2464 2135 numis-

455 2162 561 2194 mate
593 2167 714 2194 aureo
746 2155 835 2205 plus
865 2166 986 2204 quam
1016 2153 1139 2192 semel
1169 2152 1310 2192 merito
1340 2153 1545 2201 donatum,
1576 2153 1853 2205 philosophiae
1883 2156 2089 2195 doctorem
2117 2156 2318 2206 illustrem,
2350 2158 2462 2198 svm

456 2219 635 2256 Anni-:Rs
666 2216 848 2255 HED1N0.

1253 2318 1283 2363 6
1318 2315 1506 2364 Marclz
1545 2330 1672 2376 1909

563 2423 678 2477 (507)
717 2425 860 2462 ADEST
897 2436 1001 2462 unus
1038 2435 1087 2462 ex
1122 2422 1294 2462 alumnis
1332 2423 1488 2472 nostris,
1526 2422 1796 2463 archidiaconi
1835 2424 2075 2465 Oxoniensis
2112 2438 2250 2477 nepOS,
2287 2426 2465 2479 episcopi

457 2486 739 2527 Londiniensis
776 2499 986 2537 pronepos,
1022 2485 1090 2536 qui
1127 2485 1275 2525 abhinc
1312 2499 1440 2526 annos
1477 2487 1566 2537 plus
1598 2499 1717 2537 quam
1750 2486 1887 2538 viginti
1920 2487 1961 2526 in
1998 2487 2134 2528 litteris
2164 2488 2464 2530 humanioribus

457 2551 702 2590 baccalaurei
734 2551 900 2600 gradum
934 2556 993 2588 est
1025 2549 1207 2599 adeptus.
1267 2548 1375 2588 Olim
1408 2548 1449 2587 in
1478 2549 1632 2588 theatro
1663 2556 1799 2589 nostro
1832 2551 2115 2601 spectandus¹⁰,
2148 2550 2269 2591 hodie
2300 2552 2354 2591 ad
2389 2564 2464 2592 nos

454 2625 631 2652 reversus
651 2619 710 2651 est
731 2611 791 2662 (ut
811 2609 1021 2661 Sophoclis
1036 2617 1123 2649 utar
1137 2609 1284 2661 verbis)
1300 2609 1322 2647 ὁ
1341 2612 1439 2648 πᾶσι
1460 2610 1606 2650 κλεινὸς
1625 2609 1802 2650 Οἰδίπους
1821 2610 2095 2660 καλούμενος“.
2154 2613 2204 2651 In
2223 2613 2376 2653 theatro
2395 2612 2464 2654 illo

454 2676 506 2715 ab
538 2676 702 2715 alumno
731 2681 867 2713 nostro
900 2672 1051 2720 illustri,
1081 2672 1382 2723 archiepiscopo
1411 2671 1731 2721 Cantuariensi¹²,
1762 2674 1967 2723 quondam
2000 2681 2211 2725 spectatus,
2241 2682 2381 2727 postea
2411 2675 2464 2715 ab

454 2738 598 2777 eodem
627 2735 832 2776 ordinatus
863 2741 932 2774 est.
994 2733 1152 2773 Deinde
1183 2734 1224 2772 in
1252 2734 1331 2773 alio
1359 2747 1407 2773 ex
1434 2734 1513 2773 alio
1542 2733 1693 2784 oppido
1722 2747 1791 2784 per
1819 2747 1928 2774 oram
1956 2736 2124 2786 Angliae
2154 2735 2389 2775 maritimam
2422 2735 2464 2776 in

454 2799 656 2840 laboribus
684 2798 804 2838 sacris
832 2797 1035 2849 probatus,
1066 2810 1193 2848 nuper
1222 2796 1399 2848 episcopi
1429 2795 1711 2842 Wintonensis,
1740 2798 1891 2836 alumni
1919 2798 2043 2837 nostri
2070 2797 2277 2850 insignisw,
2307 2798 2465 2838 adiutor

542 2887 554 2908 ²
578 2888 705 2925 Isaialz,
722 2887 781 2919 xlii
801 2898 849 2924 ro,
870 2883 919 2920 ia.
1084 2886 1098 2906 ²
1122 2886 1261 2929 Upsala,
1279 2885 1487 2923 Stockh01m‚
1505 2886 1629 2922 Berlin,
1649 2885 1762 2917 Halle.
1923 2885 1937 2906 ⁸
1963 2886 2100 2928 1885-6.
2262 2885 2278 2907 ⁴
2303 2888 2463 2931 1890-91.

454 2932 468 2952 ⁶
495 2933 658 2975 1893—973
687 2933 917 2993 189?—1902;
946 2931 1083 2973 1905—8.
1234 2929 1248 2950 ⁶
1270 2930 1419 2962 Address
1435 2929 1472 2960 of
1485 2930 1504 2961 8
1522 2929 1603 2961 Feb.
1626 2938 1718 2971 1909,
1742 2930 1977 2971 Geographical
1977 2930 2142 2972 Journal,
2161 2930 2263 2963 xxxiii
2279 2940 2463 2974 353—392.

454 2975 468 2997 ⁷
491 2976 604 3007 Anon.
617 2976 632 3006 P
779 2974 907 3013 Cicero,
920 2979 984 3016 pro
998 2974 1159 3012 Murena,
1179 2983 1231 3006 20.
1281 2973 1406 3004 ‘There
1425 2973 1485 3004 has
1506 2972 1591 3004 been
1614 2983 1659 3004 no
1678 2972 1875 3009 bloodshed,
1891 2983 1928 3005 so
1948 2973 1997 3004 far
2018 2984 2055 3005 as
2075 2974 2091 3005 1
2114 2984 2176 3006 can
2198 2974 2413 3011 understand,
2429 2973 2464 3006 in

455 3029 520 3060 any
542 3019 580 3050 of
597 3018 649 3050 his
665 3017 900 3059 explorations.
947 3017 1003 3049 He
1018 3017 1078 3048 has
1093 3016 1201 3048 raised
1217 3027 1260 3047 no
1276 3016 1397 3048 ill-will
1412 3014 1603 3057 anywhere’
1621 3015 1726 3057 (Lord
1743 3017 1886 3058 Morley,
1904 3017 1924 3048 8
1941 3017 2023 3048 Feb.
2046 3026 2104 3060 190
2127 3016 2151 3059 ).
2296 3015 2310 3037 ⁹
2331 3017 2465 3049 Author

456 3061 493 3093 of
505 3062 666 3103 Scientg'fic
681 3062 813 3093 Results
827 3061 868 3103 ‘ff
874 3072 895 3092 α
900 3060 1054 3103 Journey
1076 3060 1113 3091 in
1134 3060 1270 3092 Central
1283 3060 1367 3091 Asia
1387 3058 1420 3101 (6
1435 3059 1518 3091 vols.
1535 3065 1604 3091 text
1619 3060 1686 3092 and
1704 3070 1720 3091 2
1737 3060 1819 3092 vols.
1839 3059 1965 3102 maps);
1989 3061 2059 3092 also
2075 3071 2095 3092 o
2135 3061 2274 3093 Central
2291 3061 2375 3093 Asia
2395 3061 2470 3092 and

461 3105 562 3141 Tz'bet3
595 3105 747 3146 Througlz
764 3105 870 3140 Λείας
894 3104 960 3135 and
977 3104 1183 3135 Adventum
1199 3104 1237 3134 in
1259 3104 1292 3134 T
1288 3103 1370 3141 ibet3
1394 3102 1549 3134 followed
1566 3103 1609 3143 by
1632 3104 1942 3145 Trans—Himalaya
1959 3102 2062 3144 (Nov.
2083 3102 2191 3147 1909).
2314 3102 2342 3124 ¹⁰
2367 3105 2461 3145 1887.

454 3147 479 3168 ¹¹
506 3148 580 3180 Oed.
603 3148 682 3189 Tyr.
699 3149 729 3180 8.
864 3145 891 3166 ¹²
914 3147 1060 3178 Edward
1076 3146 1190 3178 White
1207 3147 1350 3178 Benson.
1483 3144 1510 3167 ¹³
1535 3146 1681 3179 Herbert
1697 3146 1843 3178 Edward
1860 3147 1957 3188 Ryle.

1407 3221 1482 3257 226
