2704 3770
542 296 739 345 Walter
770 293 1006 342 Ruthven
1041 292 1186 357 Pym.
1259 290 1313 338 A
1320 291 1477 339 rtlzur
1518 290 1713 355 Temple
1749 291 2022 356 Lyttelton.

257 443 459 484 rationum
478 455 556 494 ope
575 441 723 482 totiens
742 440 962 494 explicavit.
1023 440 1140 480 Idem
1156 452 1239 479 non
1256 439 1381 478 modo
1400 437 1533 478 cordis
1549 437 1852 489 palpitationem
1865 440 2071 486 alternam,
2085 439 2288 491 sanguinis

259 519 420 547 cursum
453 505 704 554 continuum,
739 506 1012 545 musculorum
1051 503 1227 555 denique
1261 501 1578 542 contractionem
1609 501 1768 553 penitus
1802 502 2030 554 exploravit,
2065 504 2138 542 sed
2168 503 2288 543 etiam

259 568 493 610 animalium
531 567 797 620 complurium
831 575 964 607 motus
1002 566 1131 607 varios
1169 565 1268 606 lucis
1306 564 1431 617 ipsius
1464 564 1611 605 auxilio
1650 565 1815 606 feliciter
1853 565 2071 606 illustravit.
2129 566 2289 606 Talium

259 632 434 674 virorum
465 632 701 685 dignitatem
734 633 1018 683 contemplata,
1049 628 1298 671 Universitas
1328 636 1475 677 nostra,
1508 641 1590 668 non
1620 628 1706 668 sine
1736 628 1922 680 superbia
1951 629 2138 680 quadam,
2171 628 2290 668 etiam

259 695 303 736 in
338 697 448 736 hunc
480 695 609 736 virum
646 695 842 747 quadrare
880 693 1137 734 confitebitur
1174 692 1296 732 verba
1334 692 1400 732 illa
1439 691 1676 732 comoediae
1714 692 1893 732 Gallicae
1931 691 2214 732 celeberrimae
2251 692 2291 731 in

261 766 440 800 extremo
467 758 598 810 posita
613 761 691 798 :-—-‘
702 757 858 810 dignus,
889 756 1034 809 dignus
1063 763 1123 796 est
1152 755 1297 796 intrare
1326 755 1368 795 in
1397 763 1535 795 nostro
1565 756 1688 796 docto
1717 757 1936 807 corpore'1.

371 822 530 862 Novem
549 820 723 860 virorum
742 819 958 872 insignium
978 818 1132 867 seriem,
1150 831 1233 858 non
1253 818 1423 858 Senatus
1439 824 1596 857 tantum
1613 818 1736 858 nostri
1752 817 1969 870 praeconio
1989 817 2204 870 dignatam,
2222 819 2294 858 sed

260 883 382 924 etiam
407 883 648 935 collegarum
677 895 840 922 suorum
864 880 1047 921 omnium
1073 882 1215 932 plausu
1242 880 1559 932 comprobatam,
1581 879 1731 920 claudit
1755 880 1878 921 hodie
1901 881 2101 932 professor
2123 879 2295 924 illustris,

262 948 516 988 STEPHANUS
537 947 687 986 Inuus
708 946 879 984 MAREY.

1093 1135 1153 1184 27
1196 1121 1299 1170 Oct.
1345 1123 1470 1182 1898

371 1234 486 1288 (302)
520 1236 573 1275 IN
597 1235 765 1276 Oceano
790 1234 945 1283 Indico,
968 1234 1111 1275 Indiae
1133 1241 1174 1274 et
1193 1233 1352 1274 Africae
1374 1233 1477 1274 inter
1496 1241 1627 1286 partes
1647 1233 1899 1283 meridianas,
1918 1234 1959 1274 in
1978 1234 2115 1275 medio
2135 1235 2296 1275 navium

260 1310 380 1338 cursu
416 1297 559 1350 posita,
597 1297 700 1338 iacet
738 1297 868 1337 insula
905 1296 1054 1337 abhinc
1092 1310 1221 1336 annos
1259 1304 1461 1336 trecentos
1500 1296 1695 1348 Principis
1735 1299 1978 1337 Batavorum
2017 1296 2058 1337 in
2101 1298 2297 1338 honorem

263 1359 475 1401 Mauritius
503 1368 734 1413 nuncupata
747 1375 758 1410 3
796 1368 946 1413 postea,
978 1360 1144 1401 nomine
1173 1367 1338 1409 mutato,
1369 1373 1441 1412 per
1469 1373 1598 1400 annos
1627 1374 1753 1413 prope
1782 1369 1945 1401 centum
1975 1375 1998 1401 a
2028 1362 2297 1414 Francogallis

261 1429 484 1475 occupata3
511 1422 671 1471 deinde,
694 1422 858 1462 nomine
878 1422 1007 1475 primo
1027 1423 1220 1471 restituto,
1243 1436 1313 1474 per
1331 1435 1461 1463 annos
1481 1422 1560 1462 iam
1581 1436 1707 1475 prope
1726 1423 1945 1475 nonaginta
1968 1423 2136 1476 imperio
2161 1432 2298 1464 nostro

261 1484 410 1526 addita.
468 1486 611 1524 Insula
630 1485 736 1524 dives
757 1491 872 1536 opum
891 1486 1112 1535 variarum,
1133 1490 1172 1524 et
1193 1486 1390 1524 arundine
1413 1485 1521 1524 dulci
1540 1486 1731 1535 consita²3
1760 1485 1900 1534 insula,
1928 1485 2071 1525 incolis
2097 1487 2295 1538 frequens,

261 1556 424 1601 propter
451 1548 565 1589 Pauli
590 1556 630 1589 et
657 1548 860 1601 Virginiae
883 1548 1089 1589 historiam
1118 1548 1246 1601 gentis
1273 1548 1479 1600 utriusque
1508 1548 1704 1589 iuventuti
1731 1562 1813 1589 non
1843 1549 1980 1601 ignota
2005 1556 2076 1588 est.
2137 1550 2298 1590 Insulae

262 1620 398 1654 autem
426 1612 530 1653 illius
558 1614 675 1654 sedes
707 1612 946 1665 episcopalis
976 1612 1079 1652 intra
1111 1612 1340 1664 provinciae
1374 1625 1469 1652 suae
1500 1611 1692 1652 terminos
1725 1611 1875 1651 insulas
1908 1625 2033 1664 prope
2064 1620 2225 1652 centum
2259 1621 2299 1654 et

263 1676 554 1730 quinquaginta
582 1677 756 1717 minores
783 1676 1066 1729 amplectitur³.
1125 1677 1265 1727 Nuper
1294 1675 1523 1727 provinciae
1550 1682 1633 1715 tam
1659 1676 1739 1715 late
1762 1675 1915 1727 patenti
1941 1674 2154 1727 episcopus
2181 1677 2299 1717 datus

263 1747 324 1781 est
355 1741 542 1781 alumnus
571 1749 717 1791 noster,
748 1740 806 1782 vir
837 1753 996 1781 summo
1030 1739 1180 1780 iudicio
1206 1738 1422 1791 praeditus,
1453 1738 1534 1790 qui,
1570 1751 1653 1778 non
1689 1739 1813 1778 modo
1840 1738 2012 1789 partium
2046 1738 2298 1790 popularium

261 1818 286 1846 a
314 1805 483 1846 ductore
511 1806 690 1858 quodam
721 1804 897 1857 insigni⁴‚
929 1805 1001 1845 sed
1024 1803 1144 1844 etiam
1168 1802 1277 1854 regio
1304 1801 1497 1853 sanguine
1521 1801 1745 1851 oriundus⁶,
1776 1808 1816 1841 et
1847 1800 1950 1842 inter
1976 1801 2300 1843 Lancastrienses

261 1874 303 1908 et
335 1866 439 1908 inter
464 1867 752 1916 Eboracenses‚
785 1866 863 1906 Dei
894 1866 935 1905 in
969 1864 1130 1918 templis
1158 1863 1430 1913 aedificandis,
1461 1863 1600 1916 populi
1634 1863 1674 1902 in
1707 1862 1854 1903 scholis
1889 1864 2084 1916 regendis,
2116 1865 2298 1904 laborum

262 1943 464 1971 sacrorum
484 1930 525 1970 in
546 1931 734 1971 varietate
754 1930 927 1970 maxima
945 1929 1112 1969 feliciter
1131 1929 1322 1968 obeunda
1340 1941 1412 1979 per
1430 1940 1559 1967 annos
1579 1927 1806 1978 complures
1826 1934 2004 1967 versatus
2025 1935 2096 1967 est.
2156 1927 2238 1978 Qui
2259 1928 2299 1966 in

262 1992 432 2034 ecclesia
468 1992 691 2046 Anglicana
728 1992 904 2033 mediam
938 1992 1143 2043 quandam
1182 1990 1286 2030 viam
1320 1997 1414 2030 ante
1445 1989 1582 2029 omnia
1615 1988 1811 2040 praetulit,
1845 1988 1953 2029 idem
1992 1989 2113 2029 etiam
2155 1989 2300 2030 Indico

262 2056 431 2097 Oceano
449 2054 491 2095 in
512 2055 658 2103 medio,
674 2055 872 2095 monitum
893 2054 991 2094 illud
1011 2053 1221 2105 antiquum
1242 2060 1336 2092 ante
1356 2053 1495 2092 oculos
1515 2050 1669 2091 tenebit
1685 2053 1762 2090 :—‘
1775 2050 1911 2091 medio
1926 2051 2147 2091 tutissimus
2167 2052 2244 2092 ibis
2256 2051 2296 2091 ²⁶.

374 2119 493 2159 Duco
518 2120 571 2160 ad
597 2132 668 2159 vos
691 2119 863 2159 Sanctae
888 2117 1040 2158 Mariae
1068 2117 1335 2168 Magdalenae
1360 2115 1529 2168 Collegii
1551 2117 1772 2164 alumnum,
1797 2117 2052 2155 WALTERUM
2081 2117 2299 2156 Rurnvnn

265 2183 371 2233 PYM,
392 2181 546 2223 insulae
567 2182 746 2223 Mauritii
766 2182 1002 2235 episcopum
1023 2180 1334 2221 consecratum⁷.

1084 2342 1143 2374 10
1177 2326 1311 2375 Nov.
1359 2327 1483 2386 1898

373 2436 487 2490 (303)
516 2438 661 2477 ADEST
684 2450 788 2477 unus
811 2451 859 2477 ex
881 2436 1054 2476 alumnis
1079 2436 1235 2485 nostris,
1257 2435 1326 2487 qui
1350 2435 1447 2475 olim
1467 2435 1569 2476 inter
1590 2437 1816 2476 Etonenses
1836 2449 1929 2475 cum
1950 2435 2134 2476 fratribus
2154 2445 2238 2477 erat
2259 2437 2300 2477 in

263 2502 361 2542 ludo
394 2499 607 2552 campestri
645 2501 914 2552 spectandus;
956 2499 1025 2550 qui
1063 2499 1269 2538 Trinitatis
1309 2499 1490 2550 Collegio
1528 2500 1763 2551 adscriptus,
1796 2507 1836 2540 et
1874 2499 1915 2539 in
1954 2499 2120 2539 scientia
2159 2501 2300 2540 morali

263 2566 439 2606 lauream
459 2563 655 2615 insignem
675 2564 858 2615 adeptus,
880 2571 1020 2615 postea
1041 2563 1246 2602 Ecclesiae
1267 2564 1513 2614 Anglicanae
1536 2565 1619 2603 duo
1643 2564 1833 2616 Collegia,
1855 2571 1895 2604 et
1920 2564 2023 2603 inter
2046 2564 2299 2605 Oxonienses

263 2634 303 2668 et
329 2626 432 2667 inter
454 2634 612 2666 nosmet
638 2625 747 2677 ipsos
771 2639 898 2676 nuper
921 2624 1114 2673 condita⁸,
1138 2637 1380 2676 magnopere
1402 2624 1565 2674 adiuvit,
1588 2625 1643 2664 ibi
1667 2638 1737 2677 per
1760 2625 1975 2665 triennium
2003 2633 2120 2674 tutor,
2144 2626 2209 2665 hic
2229 2640 2301 2678 per

261 2701 391 2730 annos
410 2687 600 2729 undecim
617 2687 802 2739 magister
816 2686 1067 2727 constitutus.
1128 2687 1256 2735 Idem,
1275 2685 1330 2726 uti
1347 2686 1595 2735 meministis,
1614 2701 1718 2726 unus
1734 2694 1816 2727 erat
1832 2700 1880 2727 ex
1894 2686 1951 2727 eis
1966 2686 2037 2738 qui
2052 2688 2299 2729 Academiae

263 2752 306 2793 in
343 2754 495 2805 templo
532 2751 847 2804 praelectionum
888 2752 1186 2790 Hulseanarum
1225 2750 1390 2790 nomine
1427 2750 1638 2791 contiones
1676 2751 1903 2790 habuerunt
1916 2765 1927 2799 3
1975 2764 2078 2790 unus
2117 2751 2238 2791 etiarn
2277 2766 2300 2792 e

264 2814 535 2867 scriptoribus,
552 2828 635 2855 non
656 2815 780 2855 modo
795 2813 884 2854 libri
905 2812 1049 2866 egregii
1068 2812 1138 2864 qui
1157 2814 1252 2852 Lux
1269 2814 1424 2852 Mundi
1439 2820 1706 2864 nuncupatur,
1722 2814 1793 2853 sed
1813 2812 1933 2853 etiam
1954 2812 2043 2853 libri
2064 2827 2147 2853 non
2168 2813 2301 2854 minus

263 2876 410 2930 egregii
441 2878 494 2918 de
531 2876 713 2917 Ecclesia
750 2875 974 2928 Anglicana
1010 2876 1267 2916 emendanda
1306 2888 1432 2926 nuper
1465 2875 1691 2927 conscripti,
1725 2874 1766 2914 in
1805 2887 1887 2926 quo
1920 2873 2044 2927 (iuvat
2083 2876 2301 2930 recordari)

355 2972 367 2994 ¹
393 2971 547 3010 Molibre,
558 2973 605 3005 Le
619 2972 757 3004 Malade
773 2970 992 3012 Imaginaire,
1010 2971 1059 3003 ad
1059 2971 1129 3011 fin.
1216 2969 1230 2992 2
1252 2971 1323 3003 Not
1337 2981 1357 3002 a
1372 2971 1560 3014 quotation.
1649 2971 1663 2992 ³
1686 2972 1760 3005 The
1777 2972 1981 3015 Seychelles.
2063 2972 2077 2992 ⁴
2101 2973 2301 3006 Descended

265 3016 354 3049 from
367 3017 458 3060 John
476 3017 559 3058 Pym
577 3013 837 3057 (1584—1643),
856 3025 921 3047 one
937 3014 976 3046 of
987 3015 1044 3048 the
1064 3016 1073 3031 ‘
1086 3014 1168 3047 Five
1187 3015 1360 3047 Members
1371 3015 1392 3046 ’.
1491 3014 1505 3034 ⁵
1527 3015 1736 3054 Connected,
1749 3027 1794 3048 on
1810 3017 1862 3048 his
1877 3014 2037 3048 mother’s
2053 3016 2135 3056 side,
2156 3017 2301 3059 through

268 3060 327 3093 the
351 3060 391 3094 St
410 3060 520 3103 Johns
542 3060 581 3092 of
602 3058 775 3098 Bletshoe‚
793 3058 875 3091 with
901 3059 1020 3101 Henry
1036 3059 1108 3090 VII
1133 3059 1199 3090 and
1224 3058 1276 3091 his
1300 3059 1393 3100 royal
1417 3064 1600 3092 ancestors.
1646 3060 1721 3092 The
1745 3059 1814 3092 first
1837 3060 1891 3094 Sir
1912 3060 2003 3103 John
2025 3060 2062 3093 St
2081 3060 2173 3103 John
2192 3071 2261 3093 was
2282 3071 2302 3093 a

267 3103 499 3180 pag-{amma
507 3103 546 3179 oSf
556 3104 614 3179 tlhe
632 3103 730 3146 Lady
747 3103 930 3145 Margaret.
1107 3100 1121 3121 ⁶
1145 3102 1248 3139 Ovid,
1266 3103 1348 3134 Met.
1370 3102 1392 3134 ii
1415 3111 1485 3144 137.
1677 3102 1691 3124 ⁷
1716 3103 1923 3136 After-wards
1942 3104 2068 3147 Bishop
2085 3104 2123 3136 of
2135 3104 2299 3147 Bombay.

341 3158 359 3180 e
398 3159 417 3180 e
433 3158 476 3180 an
544 3157 664 3190 ewyn.

1260 3232 1335 3271 143
