2704 3770
1165 355 1376 404 Thomas
1412 355 1592 419 Sterry
1624 355 1789 404 Hunt.

474 498 638 549 praebet
684 498 933 550 hospitalem.
1006 500 1168 539 Nomen
1214 498 1366 539 insulae
1412 499 1616 539 audivistis
1663 511 1803 539 omnes
1817 513 1828 548 3
1875 498 2092 551 Singapore
2137 507 2309 539 vocatur.
2382 501 2485 541 Inde

471 558 664 599 orientem
684 561 872 600 adversus
896 562 1021 601 solem
1048 560 1149 600 iacet
1175 574 1255 600 una
1280 574 1302 600 e
1328 561 1508 600 maximis
1535 561 1656 601 totius
1681 561 1787 600 orbis
1810 567 1998 600 terrarum
2025 560 2173 610 insulis,
2195 575 2297 612 quae
2324 564 2483 603 Borneo

472 631 735 675 nuncupatur,
758 624 870 664 cuius
890 624 930 663 in
951 631 1060 676 parte
1080 624 1378 675 septentrionali
1397 631 1457 664 est
1477 625 1663 675 Regnum
1687 623 1785 664 illud
1805 624 2093 673 Sarawakense,
2115 624 2184 663 ubi
2206 624 2396 675 plurimos
2415 638 2485 676 per

472 697 600 724 annos
629 684 778 725 fortiter
807 685 1056 736 imperitabat
1086 686 1174 724 Rex
1203 685 1480 730 Barbarorum,
1510 684 1724 724 Britannus
1753 684 1818 724 ille
1846 684 2077 735 intrepidus,
2109 686 2282 725 Iacobus
2311 686 2479 726 Brooke.

474 747 634 786 Insulae
666 754 801 787 autem
835 747 937 786 illius
966 747 1160 786 maximae
1189 747 1539 799 septentrionalem
1567 759 1677 786 oram
1711 759 1836 797 prope
1864 745 1988 797 tangit
2015 745 2144 785 insula
2172 760 2300 798 parva,
2331 747 2485 800 imperii

472 808 690 849 Britannici
709 817 748 849 et
768 810 862 850 fidei
882 809 1130 851 Christianae
1150 811 1491 861 propugnaculum
1512 809 1785 861 longinquum,
1809 810 1975 849 Labuan
1996 809 2210 849 nominata.
2270 810 2482 862 Ignoscite,

472 883 633 922 quaeso,
656 871 802 911 oratori
831 878 959 911 vestro
988 871 1152 911 nomina
1180 878 1239 911 tot
1267 871 1434 911 barbara
1462 871 1502 910 in
1533 871 1676 910 Latina
1703 870 1933 922 praesertim
1962 871 2141 911 oratione
2168 872 2384 924 usurpanti,
2413 874 2484 913 sed

472 933 637 973 nomina
656 933 721 973 illa
736 934 886 974 idcirco
902 934 1101 974 Britannis
1116 948 1206 974 cara
1225 942 1329 982 sunt,
1345 935 1455 985 quod
1471 934 1753 974 Britannorum
1769 936 1915 974 famam
1936 933 2184 983 maritimam,
2203 934 2483 975 Britannorum

472 996 757 1045 fortitudinem,
798 997 1079 1037 Britannorum
1119 999 1238 1038 fidem
1277 1005 1604 1038 commemorant.
1665 997 1768 1037 Mihi
1807 1005 1923 1045 certe,
1959 997 1992 1037 si
2029 997 2070 1037 in
2108 997 2287 1038 oratione
2323 998 2485 1050 publica

469 1059 621 1111 privata
647 1061 844 1111 quaedam
870 1060 1061 1112 attingere
1087 1060 1286 1112 paulisper
1311 1060 1412 1109 licet,
1436 1060 1600 1100 nomina
1622 1060 1689 1100 illa
1714 1074 1806 1100 cum
1833 1073 2030 1100 annorum
2055 1060 2265 1111 puerilium
2291 1060 2484 1101 memoria

470 1123 643 1172 quadarn
665 1121 879 1161 coniuncta
898 1130 1000 1162 sunt.
1060 1122 1228 1171 Scilicet,
1251 1136 1319 1162 sex
1345 1130 1384 1162 et
1409 1122 1547 1174 viginti
1575 1121 1724 1162 abhinc
1750 1135 1878 1162 annos
1902 1122 1942 1161 in
1969 1122 2067 1162 urbe
2092 1122 2348 1162 celeberrima
2373 1123 2483 1174 quod

471 1184 612 1224 Indiae
632 1184 754 1224 totius
774 1193 893 1237 caput
913 1193 982 1233 est,
1005 1185 1222 1225 insularum
1242 1185 1397 1224 illarum
1417 1185 1628 1237 episcopus
1648 1184 1797 1237 primus
1817 1192 2071 1224 consecratus
2086 1186 2174 1224 est1.
2222 1187 2401 1226 Aderant
2415 1185 2484 1225 illo

470 1247 535 1287 die
551 1247 591 1286 in
608 1247 774 1287 ecclesia
789 1248 1006 1288 cathedrali
1022 1247 1267 1290 Calcuttensi
1280 1255 1466 1299 quattuor
1481 1247 1659 1299 episcopi
1673 1262 1682 1296 ;
1710 1248 1846 1287 aderat
1866 1260 2009 1298 magna
2029 1246 2255 1287 mirantium
2275 1249 2484 1299 templum-

470 1322 549 1360 que
573 1309 855 1349 celebrantium
885 1310 1110 1358 multitudo,
1133 1323 1302 1361 quorum
1329 1323 1352 1350 e
1375 1323 1543 1349 numero
1571 1322 1684 1358 unus,
1707 1309 1776 1360 qui
1805 1316 1984 1360 tempore
2012 1308 2080 1349 illo
2108 1310 2242 1349 adhuc
2265 1323 2362 1361 puer
2387 1316 2480 1356 erat,

469 1371 590 1411 hodie
616 1373 859 1413 Academiae
887 1373 1051 1413 nomine
1077 1373 1202 1412 virum
1232 1374 1375 1412 salutat
1403 1372 1471 1424 qui
1502 1372 1679 1424 episcopi
1710 1371 1814 1411 illius
1839 1370 1955 1422 primi
1981 1371 2219 1411 successori2
2248 1385 2374 1424 nuper
2399 1373 2483 1423 ipse

471 1434 671 1473 successit.
731 1435 955 1474 Salutamus
994 1435 1110 1486 igitur
1147 1435 1272 1474 virum
1311 1434 1379 1486 qui
1416 1448 1543 1474 annos
1581 1433 1771 1473 tredecim
1809 1433 1910 1473 inter
1947 1432 2095 1473 insulas
2128 1433 2213 1473 illas
2245 1433 2482 1485 longinquas

469 1497 671 1536 laboribus
701 1497 820 1537 sacris
849 1497 1040 1546 incubuit,
1073 1498 1141 1549 qui
1169 1511 1191 1537 e
1220 1497 1390 1549 regionis
1419 1496 1523 1536 illius
1551 1496 1695 1548 linguis
1719 1495 1820 1535 inter
1843 1508 1929 1535 sese
1955 1495 2229 1535 diversissimis
2257 1497 2482 1546 nonnullas,

472 1560 763 1611 Malayensium
779 1561 1007 1612 praesertim
1023 1561 1209 1612 linguam,
1225 1559 1520 1600 accuratissime
1536 1559 1685 1608 didicit,
1703 1558 1773 1610 qui
1787 1558 1908 1598 libros
1923 1558 2097 1610 denique
2113 1572 2244 1599 sacros
2259 1560 2483 1611 complures

470 1622 511 1661 in
531 1622 687 1662 illorum
709 1623 885 1676 linguam
906 1624 1089 1664 reddidit.

580 1686 684 1736 Ergo
711 1686 879 1725 Senatus
905 1685 1029 1725 nostri
1058 1685 1220 1725 nomine
1245 1692 1283 1724 et
1310 1687 1457 1725 salvere
1484 1692 1523 1724 et
1551 1685 1680 1724 valere
1708 1683 1892 1723 iubemus
1916 1682 2041 1722 virum
2068 1697 2141 1723 usu
2171 1691 2211 1724 et
2239 1683 2481 1735 experientia

468 1747 691 1798 probatum,
715 1747 883 1798 Collegii
904 1747 997 1786 Divi
1019 1747 1182 1787 Ioannis
1200 1749 1417 1795 alumnum,
1442 1748 1676 1786 GEORGIUM
1697 1747 1984 1784 FREDERICUM
2006 1746 2138 1803 Hosn.

1275 1919 1336 1964 24
1371 1903 1501 1952 Nov.
1551 1904 1667 1950 1881

577 2018 664 2070 (58)
706 2019 940 2057 SCIENTIAM
972 2018 1080 2057 illam
1118 2016 1374 2069 geologicam‚
1411 2029 1523 2067 quae,
1557 2015 1598 2054 in
1631 2014 1738 2054 orbis
1768 2022 1956 2054 terrarum
1994 2014 2144 2066 origine
2181 2022 2221 2054 et
2254 2022 2393 2055 natura
2425 2015 2482 2054 in-

468 2081 709 2132 vestiganda,
741 2094 872 2132 neque
903 2082 1091 2132 temporis
1126 2080 1271 2119 finibus
1302 2077 1534 2118 terminatur
1565 2090 1695 2128 neque
1724 2078 1971 2116 saeculorum
2002 2076 2129 2128 spatio
2163 2084 2376 2127 coercetur,
2407 2090 2481 2117 nos

468 2150 574 2182 certe
603 2156 673 2194 pro
703 2143 757 2182 rei
787 2142 1070 2194 magnitudine,
1100 2141 1288 2192 temporis
1317 2139 1546 2191 praesertim
1574 2138 1763 2190 angustiis
1793 2138 1986 2190 impediti,
2011 2138 2199 2178 orationis
2228 2138 2482 2179 brevissimae

468 2204 569 2244 intra
603 2204 774 2255 spatium
805 2205 966 2244 laudare
999 2217 1081 2243 non
1114 2215 1337 2254 possumus.
1398 2203 1513 2241 Iuvat
1543 2200 1675 2253 potius
1709 2199 1830 2240 hodie
1860 2199 2048 2239 scientiae
2082 2207 2162 2239 tarn
2197 2214 2364 2252 magnae
2393 2214 2480 2252 pro-

467 2268 656 2306 fessorem
679 2266 875 2318 insignem
895 2274 1066 2306 vestrum
1094 2265 1275 2305 omniurn
1298 2264 1462 2304 nomine
1489 2265 1668 2311 salutare,
1691 2262 1759 2314 qui
1788 2263 1828 2301 in
1858 2262 2060 2313 republica
2087 2262 2153 2302 illa
2177 2263 2348 2303 maxima
2373 2271 2480 2304 trans

468 2329 714 2369 Atlanticum
748 2338 875 2379 natus,
908 2338 1066 2369 nostrae
1105 2336 1239 2368 tamen
1272 2327 1499 2379 provinciae
1534 2328 1782 2368 Canadensis
1821 2326 1984 2378 rupibus
2019 2326 2269 2378 explorandis
2302 2327 2479 2379 quinque

469 2400 508 2431 et
542 2392 678 2443 viginti
716 2405 843 2431 annos
881 2392 1079 2432 dedicavit
1093 2407 1103 2441 ς
1141 2391 1209 2442 qui
1247 2392 1298 2431 de
1336 2390 1517 2430 omnium
1550 2389 1812 2429 animantium
1846 2389 1904 2441 (ut
1943 2389 2144 2429 nonnullis
2178 2390 2348 2441 videtur)
2379 2389 2479 2430 anti-

468 2453 671 2504 quissimo,
704 2455 815 2505 quod
849 2456 1013 2493 Eozoon
1048 2454 1286 2493 Canadense
1324 2459 1586 2503 nuncupatur,
1620 2450 1849 2491 doctissime
1887 2450 2101 2501 disputavit
2114 2466 2125 2500 3
2163 2451 2232 2502 qui
2263 2451 2331 2504 (ne
2369 2453 2480 2503 plura

469 2516 798 2564 commemorem)
819 2530 901 2556 non
921 2517 1043 2556 modo
1066 2515 1421 2556 vetustissimorum
1446 2514 1603 2554 illorum
1627 2527 1820 2562 saxorum,
1844 2527 1946 2565 quae
1971 2514 2183 2554 Laurentia
2208 2514 2475 2563 nominantur,

467 2579 539 2618 sed
558 2578 722 2618 aliorum
746 2592 906 2631 quoque
926 2578 1189 2630 complurium
1209 2578 1400 2629 originem
1421 2577 1589 2629 primam
1609 2576 1796 2628 vicesque
1810 2577 1934 2617 varias
1955 2576 2204 2628 sagacissime
2215 2578 2476 2633 investigavit.

467 2641 577 2690 Quid
603 2650 737 2682 autem
761 2642 804 2690 si,
825 2642 867 2681 in
887 2649 945 2682 tot
964 2641 1164 2693 tantisque
1183 2640 1422 2692 argumentis
1442 2640 1587 2680 totiens
1607 2641 1876 2687 retractandis,
1898 2653 1980 2679 non
2007 2653 2163 2692 semper
2182 2640 2257 2680 sibi
2283 2648 2475 2689 constare,

466 2717 548 2743 non
572 2718 727 2757 semper
746 2706 887 2745 eadem
908 2704 1062 2754 sentire,
1084 2704 1189 2744 visus
1218 2705 1307 2743 est?
1362 2705 1446 2742 Vos
1472 2710 1577 2742 certe
1604 2716 1652 2742 ex
1677 2703 1945 2743 Academicae
1965 2702 2243 2754 philosophiae
2269 2703 2476 2755 disciplina

466 2764 669 2814 didicistis,
692 2766 818 2806 virum
838 2780 927 2806 vere
947 2766 1167 2817 sapientem
1188 2765 1249 2817 (ut
1272 2764 1477 2806 Ciceronis
1504 2764 1627 2804 nostri
1653 2764 1782 2804 verbis
1808 2764 1912 2816 utar)
1936 2765 2066 2814 ‘quod
2092 2763 2242 2812 dixerit,
2264 2764 2474 2814 interdum,

465 2826 498 2865 si
517 2827 571 2866 ita
590 2828 733 2869 rectius
753 2829 812 2878 sit,
832 2836 983 2868 mutare
997 2844 1007 2878 5
1034 2830 1085 2868 de
1101 2828 1295 2868 sententia
1310 2828 1504 2867 decedere
1523 2827 1738 2877 aliquando
1752 2827 1788 2866 ’⁸.
1839 2827 2027 2867 Ceterum
2047 2826 2154 2866 idem
2174 2827 2477 2867 necessitudinis

465 2889 623 2930 vinculo
651 2892 692 2931 in
721 2899 954 2943 perpetuum
984 2893 1171 2931 duraturo
1200 2890 1409 2930 nobiscum
1438 2889 1586 2929 idcirco
1615 2889 1852 2929 coniunctus
1881 2897 1950 2937 est,
1979 2891 2089 2940 quod
2118 2890 2348 2940 professoris
2373 2890 2476 2930 illius

466 2952 598 3000 nostri,
632 2953 699 3003 qui
731 2954 802 2992 has
835 2953 937 2992 inter
969 2953 1129 2992 umbras
1163 2954 1251 3003 plus
1285 2964 1403 3002 quam
1438 2950 1725 3001 quinquaginta
1757 2963 1884 2989 annos
1922 2949 2062 2989 studiis
2094 2950 2307 3001 geologicis
2340 2952 2475 2991 lumen

465 3014 677 3063 praetulit⁴‚
700 3022 739 3054 et
769 3015 958 3065 interpres
992 3021 1031 3054 et
1064 3015 1249 3054 defensor
1277 3012 1453 3064 egregius
1482 3011 1638 3052 exstitit.
1697 3011 1863 3052 Utinam
1894 3011 2041 3063 hospiti
2070 3019 2400 3064 nostro‚—nuper
2428 3026 2476 3052 ex

552 3121 561 3141 ¹
588 3123 626 3154 F.
646 3123 688 3153 T.
707 3122 920 3164 McDougall,
939 3122 1151 3155 consecrated
1168 3122 1202 3154 in
1219 3122 1372 3154 Calcutta
1389 3120 1581 3159 Cathedral,
1606 3121 1698 3160 1855.
1826 3118 1840 3138 2
1864 3120 1992 3152 Walter
2009 3120 2206 3157 Chambers,
2228 3119 2385 3163 1868-79.

553 3165 565 3184 3
590 3166 718 3205 Cicero,
734 3171 794 3208 pro
811 3167 972 3204 Murena,
992 3165 1044 3206 63.
1809 3162 1823 3181 ⁴
1846 3163 1955 3195 Adam
1974 3163 2164 3205 Sedgwick.

1448 3249 1495 3286 32
