2704 3770
708 336 941 386 Wz‘llcelm
982 338 1214 388 Ostwald.
1287 339 1361 388 H.
1404 340 1462 389 G.
1502 357 1599 390 van
1633 340 1692 390 de
1727 341 1894 390 Sande
1925 341 2243 407 Bakhuyzen.

469 478 613 530 aquilis
634 481 828 521 Romanis
848 482 1036 534 ignotam,
1058 485 1112 524 ad
1132 484 1306 524 Africam
1325 486 1548 534 australem,
1570 498 1662 525 curn
1683 485 1844 536 collegis
1867 485 2089 538 insignibus
2112 487 2272 527 duobus
2294 486 2485 528 ecclesiae

471 542 636 582 nuntius
663 543 849 595 auspiciis
878 545 1040 596 optimis
1068 554 1128 587 est
1156 549 1365 598 profectus.
1426 548 1580 588 Patriae
1610 548 1784 600 denique
1810 548 1912 589 inter
1943 549 2087 589 milites
2117 549 2359 590 voluntarios
2386 549 2483 590 olim

470 612 712 655 numeratus,
734 619 842 646 nunc
862 607 1025 647 demum
1046 608 1152 648 Valli
1170 609 1366 649 Antonini
1381 623 1505 661 prope
1524 609 1738 650 terminum
1758 610 2047 651 occidentalem
2063 610 2222 651 stationi
2241 612 2482 663 conspicuae

469 666 728 718 praepositus,
750 667 869 708 etiarn
894 668 935 708 in
961 677 1178 721 posterum,
1205 670 1306 710 sicut
1331 678 1459 718 antea,
1487 671 1635 712 Christi
1661 672 1736 712 sub
1761 672 1904 712 vexillo
1932 671 2082 713 fortiter
2107 672 2168 725 (ut
2196 671 2416 726 speramus)
2442 679 2482 713 et

470 741 656 780 prospere
675 729 942 781 proeliabitur.

580 793 698 832 Duco
717 794 770 833 ad
789 806 860 833 vos
879 793 1009 845 stirpis
1031 807 1246 846 generosae
1268 795 1510 847 progeniem,
1533 796 1703 848 Collegii
1725 796 1989 848 antiquissimi
2013 798 2218 849 quondam
2245 798 2478 846 scholarem,

469 852 596 893 virum
617 860 835 903 strenuum,
857 854 984 895 virum
1005 857 1271 908 eloquentem,
1295 859 1615 898 ARCHIBALDUM
1637 859 1731 898 EAN
1751 859 1991 900 CAMPBELL.

1262 1004 1322 1051 28
1358 1003 1529 1067 April
1564 1019 1581 1051 1
1592 1019 1690 1065 904

577 1113 691 1165 (379)
710 1115 811 1152 V1R1
831 1120 870 1153 et
890 1126 1019 1153 rerum
1040 1121 1202 1154 naturae
1221 1114 1262 1154 in
1282 1114 1455 1155 scientiis
1476 1115 1704 1156 excolendis
1724 1123 1763 1156 et
1783 1115 2036 1156 scientiarum
2059 1115 2213 1156 illarum
2237 1115 2279 1156 in
2301 1116 2479 1158 terminis

468 1174 734 1226 propagandis
757 1188 942 1226 prospere
969 1175 1163 1227 occupati,
1186 1189 1268 1216 non
1294 1176 1411 1216 unius
1438 1184 1592 1216 tanturn
1618 1177 1757 1229 populi
1779 1177 1882 1218 intra
1901 1179 2000 1217 fines
2019 1185 2207 1230 angustos
2227 1178 2476 1229 cohibentur,

469 1239 541 1277 sed
578 1237 684 1278 orbis
721 1245 910 1277 terrarum
945 1238 1066 1278 totius
1097 1238 1199 1279 inter
1231 1239 1335 1279 cives
1369 1239 1510 1279 merito
1543 1248 1811 1280 numerantur.
1871 1242 2010 1293 Nuper
2041 1243 2148 1293 apud
2187 1241 2478 1283 Londinienses

469 1299 648 1340 Faradaii
668 1299 792 1339 nostri
813 1300 1045 1340 memoriam
1066 1301 1245 1341 oratione
1263 1302 1466 1341 luculenta
1485 1310 1718 1353 prosecutus
1737 1311 1797 1344 est
1816 1304 1873 1344 vir
1892 1305 2144 1345 scientiarum
2163 1307 2282 1345 laude
2303 1304 2473 1355 illustris,

467 1360 537 1411 qui
568 1375 592 1400 a
623 1361 831 1402 Germanis
862 1361 958 1401 olim
989 1361 1194 1411 oriundus,
1228 1363 1519 1402 Germanorum
1549 1365 1652 1403 ultra
1684 1365 1898 1405 terminum
1924 1366 2156 1406 orientalem
2186 1368 2407 1407 Russorum
2434 1367 2476 1407 in

466 1421 632 1473 imperio
665 1430 781 1462 natus
814 1429 854 1462 et
885 1423 1115 1473 professoris
1147 1423 1278 1464 officio
1308 1424 1497 1472 functus¹‚
1529 1432 1668 1475 postea
1700 1425 1742 1465 in
1760 1426 1902 1477 ¹ipsam
1934 1427 2189 1467 Germaniam
2221 1434 2342 1479 atque
2372 1429 2477 1469 adeo

465 1485 517 1523 ad
547 1484 843 1524 universitatem
873 1483 1068 1535 insignem
1104 1485 1353 1536 Lipsiensem
1386 1494 1560 1535 vocatus,
1591 1487 1632 1526 in
1666 1487 1819 1539 scriptis
1852 1489 1932 1529 suis
1965 1489 2152 1529 omnibus
2186 1491 2476 1531 Germanorum

464 1546 694 1596 gravitatem
732 1559 824 1585 curn
864 1547 1211 1597 Francogallorum
1244 1548 1335 1588 stilo
1367 1548 1502 1588 lucido
1535 1549 1789 1589 consociavit.
1849 1551 1964 1590 Idem
2002 1564 2054 1591 ne
2092 1552 2276 1602 Europae
2313 1551 2477 1603 quidem

467 1608 644 1648 terminis
674 1615 887 1648 contentus
918 1615 989 1657 est,
1022 1616 1240 1649 auctumno
1271 1610 1451 1662 proximo
1481 1611 1574 1663 (nisi
1603 1612 1745 1664 fallor),
1776 1614 1882 1653 velut
1914 1615 2012 1654 alter
2046 1614 2278 1664 Mercurius,
2306 1615 2478 1656 Atlantis

467 1683 592 1721 nepos
612 1671 819 1719 facundus,
841 1669 961 1710 etiam
980 1683 1131 1722 aequor
1151 1672 1397 1712 Atlanticum
1417 1673 1679 1714 transiturus2.
1738 1675 1900 1724 Quanta
1919 1675 2133 1727 diligentia,
2150 1675 2342 1717 memoria
2355 1690 2477 1729 quam

465 1731 607 1780 tenaci,
629 1731 790 1784 ingenio
810 1745 929 1783 quam
952 1731 1159 1783 multiplici
1178 1733 1390 1784 praeditus,
1408 1734 1596 1775 scientiae
1615 1735 1819 1776 chemicae
1838 1744 1879 1777 et
1897 1737 2084 1777 scientiae
2098 1737 2284 1789 physicae
2303 1738 2478 1780 confinia

465 1806 585 1844 quarn
615 1794 684 1834 diu
713 1807 833 1845 quam
862 1793 1027 1833 feliciter
1055 1794 1242 1843 lustravit,
1273 1808 1297 1834 a
1325 1796 1486 1847 collegis
1516 1796 1668 1849 magnis
1697 1797 1782 1837 sine
1810 1799 1889 1838 ulla
1917 1798 2064 1838 invidia
2091 1812 2253 1851 peregre
2280 1801 2474 1851 laudatus,

464 1868 488 1894 a
516 1855 719 1907 discipulis
746 1855 925 1907 plurimis
953 1855 994 1894 in
1023 1855 1135 1895 omni
1163 1856 1269 1896 orbis
1298 1864 1489 1897 terrarum
1519 1858 1679 1910 regione
1707 1859 1905 1900 dilectus⁸.
1965 1862 2076 1911 Quot
2104 1874 2234 1912 opera,
2261 1861 2363 1902 inter
2389 1876 2477 1905 sese

464 1931 585 1968 quam
609 1918 724 1967 varia,
746 1918 935 1959 scientiae
961 1931 1056 1958 suae
1079 1918 1338 1970 explicandae
1361 1920 1594 1960 destinavit⁴
1606 1935 1616 1970 3
1645 1921 1753 1961 idem
1783 1921 1903 1962 etiarn
1931 1923 2097 1963 aliorum
2121 1923 2277 1964 labores
2299 1923 2340 1964 in
2363 1926 2475 1967 Actis

463 1994 487 2020 a
516 1995 603 2022 sese
640 1989 720 2021 tam
755 1982 825 2022 diu
858 1981 975 2022 editis
1013 1995 1133 2033 quam
1167 1982 1375 2033 diligenter
1405 1982 1446 2021 in
1479 1997 1604 2023 unum
1639 1984 1807 2036 collegit,
1843 1987 2032 2025 collectos
2062 1986 2103 2025 in
2141 1986 2322 2027 ordinem
2354 2001 2474 2040 quarn

465 2044 718 2096 perspicuum
744 2044 894 2096 redegit
910 2047 939 2084 !⁶
995 2046 1128 2084 Nemo
1155 2044 1359 2084 mirabitur
1384 2047 1578 2085 Actorum
1603 2046 1759 2086 illorum
1785 2047 1929 2087 librum
1955 2061 2079 2099 prope
2101 2048 2473 2100 quinquagesimum

464 2105 535 2144 viri
560 2106 659 2145 tanti
684 2107 725 2145 in
753 2107 948 2146 honorem
972 2119 1097 2157 nuper
1119 2119 1206 2145 esse
1231 2106 1472 2155 dedicatum,
1494 2107 1563 2158 qui
1590 2107 1738 2148 abhinc
1765 2122 1892 2148 annos
1921 2110 2001 2149 fere
2030 2109 2317 2162 quinquaginta
2345 2119 2472 2163 natus,

464 2168 566 2209 vitae
595 2182 690 2209 suae
717 2169 796 2208 iam
823 2183 894 2220 per
921 2177 1074 2220 partem
1103 2169 1309 2209 dimidiam
1340 2170 1513 2210 doctoris
1543 2171 1706 2211 nomine
1734 2173 1943 2212 decoratus
1971 2180 2042 2212 est.
2104 2173 2244 2213 Virum
2273 2175 2391 2215 talem
2419 2177 2473 2216 ad

462 2228 577 2270 litora
595 2238 730 2270 nostra
749 2230 911 2270 honoris
931 2243 1050 2270 causa
1069 2244 1195 2282 nuper
1214 2239 1410 2280 vocatum,
1434 2231 1552 2271 etiam
1572 2240 1709 2272 nostro
1729 2234 1903 2275 doctoris
1923 2234 2038 2274 titulo
2058 2234 2227 2275 libenter
2245 2249 2443 2277 ornamuS.

573 2295 692 2334 Duco
710 2295 763 2335 ad
781 2306 852 2334 vos
872 2295 1145 2334 WILLELMUM
1167 2295 1386 2334 OSTWALD.

1273 2514 1333 2560 28
1369 2513 1500 2578 May
1541 2529 1667 2574 1904

894 2630 943 2677 V
940 2629 1026 2678 z'sz‘t
1061 2630 1125 2694 of
1147 2630 1396 2679 Members
1431 2630 1496 2693 of
1517 2631 1735 2695 Forezgn
1770 2631 2059 2680 Academias

572 2750 624 2787 IN
644 2748 732 2799 ipso
752 2747 888 2788 limine
908 2747 1149 2788 laudationis
1169 2756 1327 2789 nostrae
1347 2747 1446 2788 nihil
1464 2748 1706 2800 auspicatius
1729 2762 1816 2788 esse
1835 2748 2067 2789 arbitramur
2087 2762 2207 2800 quam
2226 2756 2270 2789 ut
2289 2755 2348 2789 tot
2366 2749 2470 2790 viros

461 2809 635 2861 insignes
655 2824 677 2850 e
696 2817 756 2850 tot
780 2810 1010 2850 Academiis
1036 2809 1201 2850 feliciter
1220 2812 1421 2859 advectos,
1443 2810 1524 2851 sive
1543 2811 1659 2851 titulo
1679 2817 1816 2851 nostro
1835 2810 1913 2850 iarn
1933 2818 2051 2850 antea
2070 2810 2245 2852 decorati
2263 2818 2367 2858 sunt,
2388 2810 2470 2852 sive

461 2885 569 2910 nune
597 2871 770 2922 primum
799 2873 1047 2920 decorantur,
1076 2871 1157 2911 sive
1186 2873 1346 2911 laudern
1375 2872 1549 2923 aliquam
1578 2872 1739 2911 aliunde
1769 2878 1860 2910 sunt
1888 2871 2033 2922 adepti,
2059 2885 2200 2911 omnes
2229 2872 2470 2913 Academiae

460 2940 618 2973 nostrae
637 2933 802 2973 nomine
821 2935 969 2973 salvere
989 2933 1208 2974 iubeamus.
1268 2934 1428 2974 Etenim
1449 2934 1692 2975 Academiae
1711 2934 1875 2974 nomine
1893 2936 2059 2985 antiquo
2079 2935 2197 2974 etiam
2217 2943 2375 2975 nosmet
2394 2935 2468 2987 ipsi

547 3034 560 3055 ²
585 3036 681 3078 Riga.
799 3034 813 3055 ²
836 3035 990 3067 Harvard
1006 3036 1072 3068 and
1090 3036 1270 3068 Columbia
1287 3036 1516 3070 Universities.
1641 3035 1655 3056 ³
1679 3037 1720 3068 In
1740 3047 1820 3079 1903
1837 3047 1857 3068 a
1873 3036 2004 3069 volume
2021 3036 2215 3078 containing
2234 3044 2291 3077 147
2309 3036 2468 3069 scientific

459 3079 579 3121 papers
600 3089 667 3111 was
685 3078 862 3121 published
882 3079 916 3110 in
936 3079 988 3111 his
1005 3079 1135 3111 honour
1157 3080 1202 3121 by
1221 3080 1272 3112 his
1295 3081 1417 3112 former
1438 3080 1559 3122 pupils,
1577 3079 1656 3112 with
1679 3090 1699 3111 a
1721 3079 1837 3122 highly
1858 3080 2080 3122 appreciative
2101 3085 2241 3112 account
2257 3080 2295 3112 of
2313 3079 2364 3112 his
2384 3079 2468 3112 life’s

461 3122 554 3154 work
570 3123 614 3163 by
631 3123 717 3154 Prof.
737 3123 768 3164 J.
787 3123 835 3154 H.
852 3132 916 3154 van
930 3122 954 3154 ’t
973 3123 1060 3154 Hoff
1070 3123 1108 3154 of
1121 3123 1245 3156 Berlin.
1350 3122 1364 3143 ⁴
1384 3123 1556 3156 Lehrbuclz
1571 3124 1629 3155 der
1642 3123 1857 3165 allgemeinen
1876 3123 2018 3163 Chemz‘e,
2036 3124 2156 3156 Schule
2169 3124 2227 3156 der
2243 3123 2384 3162 Chemier,
2403 3127 2466 3155 etc.

459 3164 473 3184 ⁶
496 3165 763 3208 Zeitsclzristfi'ir
769 3166 1016 3208 physikalisclte
1031 3166 1169 3199 Chemie.

1427 3251 1443 3277 1
1453 3239 1501 3289 76
