2704 3770
758 328 824 376 R.
860 328 923 376 B.
962 328 1211 377 Haldane.
1288 327 1382 377 Sir
1419 327 1663 376 Clements
1696 327 1759 375 R.
1800 325 2095 374 Marklzam.

429 478 648 511 ceterarum
686 471 833 524 legatis,
873 473 980 513 orbis
1018 481 1206 513 terrarum
1245 474 1296 513 de
1333 485 1431 524 pace
1468 471 1701 523 propediem
1739 469 2047 510 deliberabunt¹.
2107 470 2216 508 Inter
2254 469 2439 519 Europae

428 534 578 584 legatos
606 543 727 574 nemo
755 534 907 583 melius,
932 548 1053 575 nemo
1082 534 1230 575 maiore
1258 548 1350 575 cum
1379 534 1581 586 dignitate,
1611 531 1838 572 Britanniae
1866 544 2077 583 personam
2106 528 2326 570 sustinebit.
2385 529 2439 568 Et

430 595 578 646 patriae
598 596 720 648 ipsius
740 604 779 637 et
797 597 976 648 gentium
995 605 1214 638 exterarum
1234 597 1275 636 in
1295 596 1456 646 iudicio,
1478 603 1521 636 ut
1542 595 1707 637 Catonis
1726 595 1847 634 verba
1866 602 2103 642 mutuemur,
2125 592 2197 633 erit
2216 593 2394 644 profecto

1292 676 1302 693 ‘
1318 672 1468 710 clarum
1497 677 1536 709 et
1563 669 1786 709 venerabile
1815 681 1964 708 nomen

865 724 1060 776 gentibus,
1092 731 1131 765 et
1159 726 1328 764 multum
1358 731 1515 764 nostrae
1545 724 1654 775 quod
1682 724 1867 774 proderat
1895 722 2035 762 urbi'2.

541 799 659 838 Duco
682 799 734 838 ad
757 812 827 838 vos
852 798 978 838 virum
1003 798 1122 838 etiam
1146 797 1187 837 in
1213 805 1415 850 posterum
1438 797 1497 849 (ut
1523 797 1744 848 speramus)
1764 795 1912 847 patriae
1938 795 2151 847 plurimum
2178 794 2438 845 profuturum,

432 859 621 899 arbitrum
641 859 844 909 illustrem,
866 860 1039 900 iudicem
1060 867 1099 900 et
1119 860 1294 910 equitem
1314 859 1520 910 insignem,
1545 860 1802 898 EDWARDUM
1826 859 1925 897 FRY.

541 956 654 1008 (449)
677 955 814 996 Hodie
840 956 1039 1007 paulisper
1061 963 1310 1007 praesentem
1337 956 1553 994 salutamus
1580 953 1858 995 Universitatis
1883 951 2096 993 Edinensis
2127 953 2352 997 Rectorem,
2374 951 2442 1002 qui

431 1026 471 1059 et
492 1018 755 1058 Edinensium
776 1026 816 1058 et
835 1019 1156 1070 Gottingensium
1178 1018 1219 1057 in
1241 1017 1509 1059 Universitate
1528 1018 1732 1065 educatus,
1754 1030 1776 1056 e
1796 1015 1949 1067 scriptis
1973 1015 2053 1055 suis
2072 1016 2124 1054 ad
2147 1012 2441 1065 philosophiam

431 1079 720 1131 pertinentibus
745 1081 905 1120 laudem
933 1080 1170 1131 singularem
1194 1087 1253 1119 est
1278 1079 1478 1130 adeptus⁸‚
1500 1078 1649 1130 quique
1671 1085 1811 1129 postea
1833 1076 2110 1129 philosophiae
2133 1075 2312 1115 adiunxit
2334 1074 2443 1114 iuris—

432 1142 696 1192 prudentiam,
719 1142 1047 1194 iurisprudentiae
1067 1142 1242 1193 denique
1262 1141 1318 1181 rei
1338 1141 1515 1180 militaris
1534 1140 1750 1181 scientiam.
1810 1139 2080 1190 Philosophus
2100 1138 2264 1190 quidam
2285 1138 2441 1178 Stoicus

432 1203 493 1256 (ut
512 1205 639 1258 aiunt)
660 1207 766 1245 solos
786 1205 983 1256 sapientes
1002 1206 1057 1245 rei
1077 1204 1235 1244 militari
1254 1218 1388 1244 revera
1406 1211 1521 1255 aptos
1541 1217 1627 1243 esse
1642 1203 1868 1255 disputavit,
1885 1203 1996 1254 quod
2011 1214 2255 1253 quamquam
2275 1200 2444 1240 suaviter

430 1265 607 1306 arridens
634 1266 840 1306 Hannibal
864 1266 1048 1317 negavit⁴‚
1077 1273 1214 1306 nostro
1241 1268 1380 1305 saltem
1406 1265 1447 1304 in
1473 1265 1726 1316 philosopho,
1753 1266 1903 1315 patriae
1925 1263 2046 1303 totius
2072 1262 2128 1302 rei
2154 1261 2311 1301 militari
2335 1275 2444 1313 prae-

431 1328 572 1379 posito,
595 1342 681 1369 esse
709 1342 846 1369 verum
875 1335 934 1368 est
960 1330 1183 1379 probatum.
1242 1328 1431 1377 Primum,
1457 1329 1565 1367 velut
1590 1328 1687 1367 alter
1712 1327 2014 1374 Themistocles,
2042 1324 2184 1365 merito
2212 1324 2441 1374 ‘existimat,

432 1390 500 1440 qui
528 1404 635 1431 mare
664 1398 807 1439 teneat,
838 1404 930 1431 eum
959 1404 1122 1430 necesse
1150 1404 1237 1430 esse
1266 1404 1396 1430 rerum
1425 1389 1583 1441 potiri'¹⁵
1596 1404 1606 1438 ;
1635 1389 1794 1437 deinde,
1815 1389 1855 1428 in
1881 1388 2127 1429 terrestribus
2150 1387 2295 1428 nostris
2318 1386 2444 1439 copiis

430 1451 472 1490 in
504 1458 705 1502 posterum
741 1451 1031 1504 comparandiS,
1064 1451 1213 1503 patriae
1245 1464 1381 1491 amore
1419 1451 1604 1490 incensus
1637 1450 1732 1502 ipse,
1765 1450 1932 1502 patriam
1970 1457 2095 1489 totam
2133 1461 2269 1489 amore
2298 1449 2443 1489 eodem

430 1514 648 1553 accendere
668 1513 850 1553 destinat.
910 1513 1096 1564 Denique
1116 1513 1185 1563 (ne
1203 1514 1316 1564 plura
1335 1513 1714 1564 commemoremus)
1734 1512 1853 1552 etiam
1879 1511 2051 1551 alumnis
2077 1510 2221 1551 nostris
2243 1509 2445 1562 privilegia

431 1576 630 1626 quaedam
659 1589 802 1627 magna
830 1575 886 1615 rei
915 1575 1092 1614 militaris
1118 1575 1159 1614 in
1186 1575 1326 1615 ordine
1349 1575 1416 1615 illo
1440 1589 1546 1615 novo
1569 1575 1851 1616 constituendo
1876 1574 2086 1615 tribuenda
2111 1573 2272 1624 curavit,
2293 1573 2335 1613 in
2363 1587 2445 1626 quo

430 1636 570 1688 copiae
593 1650 733 1677 omnes
758 1637 1021 1686 Britannicae,
1044 1651 1067 1677 e
1091 1636 1282 1677 militibus
1305 1637 1346 1676 in
1370 1637 1530 1688 regione
1554 1650 1794 1689 unaquaque
1820 1635 2041 1684 conductis,
2062 1635 2255 1676 exercitus
2278 1635 2371 1676 iusti
2391 1636 2445 1676 ad

431 1711 635 1748 cacumen,
656 1700 763 1739 velut
781 1701 834 1739 ad
854 1698 1000 1738 summi
1021 1703 1030 1720 ‘
1044 1698 1197 1750 fastigia
1216 1700 1308 1738 coni
1322 1700 1361 1748 ²⁶,
1383 1699 1574 1750 paulatim
1594 1700 1828 1739 ascendunt.

540 1763 755 1802 Praesento
793 1762 906 1802 vobis
945 1761 1086 1801 Martis
1130 1761 1349 1802 Britannici
1389 1764 1497 1802 velut
1537 1762 1726 1802 verticem
1773 1775 2015 1813 supremum,
2054 1761 2182 1800 virum
2223 1761 2444 1801 admodum

430 1823 664 1873 versatilem,
693 1824 819 1864 virum
847 1825 1070 1864 admodum
1100 1824 1388 1872 honorabilem,
1422 1827 1692 1864 RICHARDUM
1722 1826 1909 1864 BURDoN
1941 1826 2168 1863 HALDANE.

539 1921 653 1974 (450)
688 1921 873 1973 Sequitur
911 1921 1101 1973 deinceps
1140 1922 1290 1973 Regiae
1323 1922 1530 1963 Societatis
1563 1922 1862 1974 Geographicae
1892 1936 1961 1974 per
1997 1935 2126 1961 annos
2158 1920 2446 1973 quinquaginta

434 1984 597 2036 quidem
626 1984 804 2024 minister
829 1985 1062 2032 indefessus,
1091 1998 1161 2035 per
1183 1985 1398 2024 duodecim
1425 1999 1582 2036 praeses
1605 1987 1839 2036 praeclarus,
1869 1985 1982 2025 cuius
2012 1986 2087 2025 sub
2115 1986 2239 2025 ductu
2268 1984 2445 2024 Societas

432 2048 499 2088 illa
517 2048 587 2088 diu
606 2048 748 2096 floruit,
770 2056 809 2087 et
829 2061 911 2087 non
932 2049 1054 2087 modo
1075 2047 1357 2087 Britannorum
1377 2047 1417 2086 in
1439 2047 1642 2087 doctrinae
1662 2047 1824 2087 sedibus
1848 2047 2009 2087 honoris
2029 2049 2162 2086 locum
2185 2054 2245 2086 est
2262 2048 2443 2098 adeptus,

434 2111 505 2150 sed
525 2111 644 2150 etiarn
664 2117 784 2149 terras
800 2109 1094 2157 remotissimas,
1109 2116 1148 2148 et
1163 2108 1391 2159 praesertim
1407 2109 1610 2160 regionem
1625 2111 1720 2160 polo
1735 2108 1908 2148 Australi
1922 2107 2200 2159 propinquam,
2217 2107 2443 2159 exploravit.

435 2173 550 2211 Idem
571 2178 669 2222 quot
689 2173 850 2211 iuvenes
869 2171 924 2211 rei
944 2170 1092 2210 navalis
1112 2170 1258 2222 peritos
1279 2178 1385 2210 trans
1400 2171 1523 2210 maria
1537 2171 1754 2222 longinqua
1767 2170 2020 2210 scientiarum
2036 2170 2181 2210 finibus
2200 2170 2445 2222 proferendis

434 2233 639 2273 excitavit!
697 2234 830 2283 Quam
856 2233 1020 2272 feliciter
1045 2232 1129 2283 ipse
1152 2246 1200 2272 ex
1223 2232 1371 2272 intimis
1396 2233 1586 2273 Peruviae
1611 2234 1879 2285 penetralibus
1904 2235 2086 2274 arborem
2112 2242 2250 2274 contra
2274 2233 2445 2273 febrium

434 2295 606 2347 impetus
638 2297 676 2335 vi
709 2296 867 2335 salutari
900 2295 1131 2347 praeditam,
1167 2295 1286 2334 etiam
1317 2295 1358 2334 in
1390 2296 1560 2344 Indiam,
1593 2296 1731 2348 populi
1761 2297 1882 2336 totius
1914 2311 2005 2336 cum
2037 2310 2183 2348 magno
2215 2297 2444 2345 commodo,

435 2358 631 2398 transtulit
646 2359 676 2398 !⁷
732 2359 843 2408 Quot
865 2357 1044 2409 regiones
1067 2358 1295 2409 peragravit,
1318 2367 1540 2410 peragratas
1560 2359 1775 2399 litterarum
1795 2360 1945 2399 lumine
1965 2360 2170 2400 illustravit
2186 2360 2214 2399 !⁸
2269 2361 2385 2411 Ergo,
2407 2366 2447 2399 et

435 2420 511 2460 sibi
540 2420 625 2472 ipsi,
656 2428 696 2460 et
726 2420 886 2472 collegis
916 2420 997 2460 suis
1029 2421 1169 2460 orbem
1199 2428 1387 2461 terrarum
1421 2429 1550 2462 totum
1576 2422 1883 2474 explorantibus,
1914 2436 2035 2463 nemo
2065 2422 2206 2463 melius
2238 2427 2445 2474 poetarum

437 2482 670 2523 Latinorum
698 2484 818 2524 verba
845 2483 911 2523 illa
939 2490 1071 2535 potest
1098 2497 1278 2535 arrogare
1292 2500 1356 2524 :—

892 2558 1031 2608 ‘Quae
1059 2558 1166 2609 regio
1194 2558 1236 2598 in
1264 2558 1375 2598 terris
1403 2559 1526 2599 nostri
1556 2573 1638 2599 non
1667 2561 1785 2611 plena
1812 2560 2008 2600 laboris?’

1004 2612 1206 2652 ‘Viximus
1234 2612 1408 2665 insignes
1437 2613 1538 2653 inter
1566 2616 1991 2666 utrumque'—-polum
2000 2614 2024 2654 ⁹.

547 2689 665 2728 Duco
689 2688 742 2728 ad
767 2701 837 2727 vos
864 2686 1013 2739 Regiae
1040 2688 1246 2728 Societatis
1270 2688 1531 2728 Scientiarum
1555 2689 1720 2738 socium,
1743 2689 1893 2740 Regiae
1916 2687 2124 2729 Societatis
2148 2687 2446 2740 Geographicae

438 2752 507 2791 diu
527 2753 650 2792 decus
669 2759 708 2791 et
727 2751 980 2803 praesidium,
1001 2751 1175 2803 equitem
1196 2752 1453 2803 praeclarum,
1476 2752 1709 2792 CLEMENTS
1730 2754 1973 2791 ROBERTUM
1996 2753 2240 2790 MARKHAM.

524 2843 537 2864 ¹
562 2844 714 2876 Member
729 2844 767 2875 of
777 2843 834 2876 the
850 2844 1050 2876 Permanent
1066 2844 1169 2876 Court
1184 2844 1222 2876 of
1234 2844 1441 2877 Arbitration
1456 2849 1490 2877 at
1502 2844 1558 2877 the
1575 2846 1707 2887 Hague,
1721 2845 1787 2878 and
1799 2856 1863 2878 one
1873 2845 1911 2877 of
1922 2845 1979 2878 the
1995 2844 2119 2877 British
2136 2843 2448 2887 Plenipotentiaries

438 2893 471 2921 at
488 2888 544 2920 the
561 2888 667 2919 Peace
682 2887 887 2920 Conference
902 2887 940 2919 of
952 2887 1276 2929 August—October
1294 2896 1386 2930 1907.
1543 2886 1557 2907 ²
1578 2889 1704 2927 Lucan,
1723 2889 1755 2920 ix
1773 2899 1846 2921 202.
2008 2886 2023 2907 ³
2046 2889 2171 2929 Essays
2185 2888 2224 2920 in
2240 2887 2447 2929 Philosophic

443 2931 611 2963 Criticism
629 2929 724 2971 (with
745 2931 831 2962 Prof.
850 2930 942 2971 Seth)
958 2942 967 2969 ;
990 2932 1023 2962 T
1017 2931 1217 2963 ranslations
1232 2931 1272 2974 of
1286 2931 1537 2973 Schopenhauer
1552 2930 1645 2968 (with
1662 2932 1718 2963 Mr
1734 2932 1860 2974 Kernp)
1877 2943 1887 2971 3
1910 2932 1975 2963 and
1998 2932 2031 2963 T
2025 2932 2064 2963 lte
2081 2931 2243 2973 Pathway
2256 2935 2288 2963 to
2303 2931 2446 2972 Reality.

439 2974 454 2994 ⁴
476 2975 649 3013 Stobaeus,
670 2974 898 3015 Florilegium,
917 2974 1031 3006 titulus
1049 2984 1100 3015 54.
1261 2973 1275 2993 ⁶
1298 2974 1427 3011 Cicero,
1443 2975 1491 3006 ad
1501 2975 1664 3011 Atticum,
1678 2977 1728 3007 x8
1741 2976 1758 3014 ἓ
1771 2988 1803 3016 4.
1962 2973 1976 2994 ⁶
2000 2975 2182 3013 Lucretius,
2202 2974 2235 3006 iv
2250 2983 2325 3017 429.
2371 2973 2446 3006 The

440 3018 617 3050 territorial
633 3018 732 3055 soree,
752 3018 917 3059 proposed
934 3017 967 3048 in
985 3016 1040 3049 the
1057 3017 1122 3049 Bill
1138 3017 1334 3050 introduced
1351 3018 1394 3059 by
1412 3018 1467 3049 Mr
1484 3017 1641 3050 Haldane
1653 3028 1697 3049 on
1713 3018 1830 3050 March
1850 3030 1879 3058 4,
1897 3018 1963 3050 had
1980 3018 2064 3050 been
2080 3017 2255 3060 popularly
2270 3016 2445 3050 described

440 3071 476 3093 as
492 3061 548 3093 the
566 3063 575 3077 ‘
587 3062 664 3092 base
680 3061 718 3092 of
729 3071 749 3092 a
764 3071 847 3092 cone
859 3059 879 3100 ’,
898 3060 1006 3092 which
1019 3060 1085 3092 had
1102 3061 1158 3093 the
1174 3061 1303 3102 regular
1319 3071 1411 3102 army
1427 3060 1478 3092 for
1493 3061 1535 3093 its
1554 3062 1562 3077 ‘
1573 3071 1658 3102 apex
1669 3060 1689 3092 '.
1806 3060 1820 3082 ⁷
1843 3061 1916 3094 The
1932 3061 2156 3093 introduction
2173 3061 2212 3093 of
2222 3060 2280 3093 the
2294 3059 2444 3103 quinine-

440 3103 625 3145 producing
649 3103 810 3135 cinehona
833 3109 919 3135 trees
942 3104 980 3135 of
1003 3104 1086 3135 Peru
1110 3104 1181 3136 into
1206 3104 1327 3136 British
1352 3104 1449 3136 India
1472 3104 1506 3136 in
1533 3103 1690 3147 1859-62.
1887 3103 1901 3124 ⁸
1930 3105 2063 3136 Travels
2079 3106 2116 3136 in
2132 3105 2223 3136 Peru
2238 3103 2445 3142 andIndia3

439 3147 577 3188 History
592 3147 632 3188 of
638 3147 692 3178 the
707 3147 910 3188 Abyssinian
926 3147 1137 3188 Expedition,
1156 3152 1219 3179 etc.
1407 3145 1422 3166 ⁹
1444 3147 1562 3189 Virgil,
1579 3148 1715 3185 Aeneisl,
1733 3148 1743 3179 i
1759 3147 1824 3189 460
1838 3159 1847 3186 ;
1864 3148 2064 3191 Propertius,
2084 3148 2117 3179 iv
2134 3159 2151 3189 5
2171 3147 2253 3190 (11),
2271 3145 2324 3188 46.

1408 3232 1485 3267 204
