<?xml version="1.0" encoding="UTF-8"?>
<!DOCTYPE html PUBLIC "-//W3C//DTD XHTML 1.0 Transitional//EN"
    "http://www.w3.org/TR/xhtml1/DTD/xhtml1-transitional.dtd">
<html xmlns="http://www.w3.org/1999/xhtml" xml:lang="en" lang="en">
 <head>
  <title>
</title>
<meta http-equiv="Content-Type" content="text/html;charset=utf-8" />
  <meta name='ocr-system' content='tesseract 3.04.00' />
  <meta name='ocr-capabilities' content='ocr_page ocr_carea ocr_par ocr_line ocrx_word'/>
</head>
<body>
  <div class='ocr_page' id='page_1' title='image "./orationesetepist00sanduoft_0195.png"; bbox 0 0 2704 3770; ppageno 0'>
   <div class='ocr_carea' id='block_1_1' title="bbox 852 332 1604 398">
    <p class='ocr_par' dir='ltr' id='par_1_1' title="bbox 852 332 1604 398">
     <span class='ocr_line' id='line_1_1' title="bbox 852 332 1604 398; baseline -0.001 -14"><span class='ocrx_word' id='word_1_1' title='bbox 852 335 908 383; x_wconf 94' lang='grc' dir='ltr'><em>Α</em></span> <span class='ocrx_word' id='word_1_2' title='bbox 913 334 1147 384; x_wconf 72' lang='grc' dir='ltr'><em>νσΙιίόαίιί</em></span> <span class='ocrx_word' id='word_1_3' title='bbox 1174 334 1296 382; x_wconf 83' lang='lat' dir='ltr'>Ean</span> <span class='ocrx_word' id='word_1_4' title='bbox 1337 332 1604 398; x_wconf 80' lang='lat' dir='ltr'>Campbell.</span> 
     </span>
    </p>
   </div>
   <div class='ocr_carea' id='block_1_2' title="bbox 217 472 2256 2039">
    <p class='ocr_par' dir='ltr' id='par_1_2' title="bbox 217 472 2256 1912">
     <span class='ocr_line' id='line_1_2' title="bbox 219 472 2255 532; baseline 0.001 -13"><span class='ocrx_word' id='word_1_5' title='bbox 219 477 453 532; x_wconf 84' lang='lat' dir='ltr'>praecipuas</span> <span class='ocrx_word' id='word_1_6' title='bbox 472 493 498 519; x_wconf 89' lang='lat' dir='ltr'>a</span> <span class='ocrx_word' id='word_1_7' title='bbox 515 478 655 520; x_wconf 91' lang='lat' dir='ltr'>vicinis</span> <span class='ocrx_word' id='word_1_8' title='bbox 676 472 821 521; x_wconf 86' lang='lat' dir='ltr'>nostris</span> <span class='ocrx_word' id='word_1_9' title='bbox 841 480 938 521; x_wconf 89' lang='lat' dir='ltr'>olim</span> <span class='ocrx_word' id='word_1_10' title='bbox 957 481 1155 528; x_wconf 88' lang='lat' dir='ltr'>fundatas,</span> <span class='ocrx_word' id='word_1_11' title='bbox 1178 480 1283 519; x_wconf 85' lang='lat' dir='ltr'>sama</span> <span class='ocrx_word' id='word_1_12' title='bbox 1307 477 1495 531; x_wconf 84' lang='lat' dir='ltr'><strong>singulari</strong></span> <span class='ocrx_word' id='word_1_13' title='bbox 1516 479 1631 518; x_wconf 89' lang='lat' dir='ltr'>floret</span> <span class='ocrx_word' id='word_1_14' title='bbox 1650 480 1790 518; x_wconf 90' lang='lat' dir='ltr'>schola</span> <span class='ocrx_word' id='word_1_15' title='bbox 1808 479 2066 520; x_wconf 88' lang='lat' dir='ltr'>celeberrima</span> <span class='ocrx_word' id='word_1_16' title='bbox 2086 482 2255 522; x_wconf 86' lang='lat' dir='ltr'><strong>Athenis</strong></span> 
     </span>
     <span class='ocr_line' id='line_1_3' title="bbox 220 539 2252 595; baseline 0.001 -14"><span class='ocrx_word' id='word_1_17' title='bbox 220 540 370 582; x_wconf 79' lang='lat' dir='ltr'>abhinc</span> <span class='ocrx_word' id='word_1_18' title='bbox 388 554 518 582; x_wconf 88' lang='lat' dir='ltr'>annos</span> <span class='ocrx_word' id='word_1_19' title='bbox 537 543 627 595; x_wconf 92' lang='lat' dir='ltr'>plus</span> <span class='ocrx_word' id='word_1_20' title='bbox 647 555 768 595; x_wconf 90' lang='lat' dir='ltr'>quam</span> <span class='ocrx_word' id='word_1_21' title='bbox 790 541 1080 595; x_wconf 84' lang='lat' dir='ltr'>quinquaginta</span> <span class='ocrx_word' id='word_1_22' title='bbox 1098 541 1274 590; x_wconf 89' lang='lat' dir='ltr'>condita,</span> <span class='ocrx_word' id='word_1_23' title='bbox 1296 540 1410 581; x_wconf 89' lang='lat' dir='ltr'>cuius</span> <span class='ocrx_word' id='word_1_24' title='bbox 1430 540 1655 593; x_wconf 86' lang='lat' dir='ltr'>praesidem</span> <span class='ocrx_word' id='word_1_25' title='bbox 1671 539 1870 591; x_wconf 88' lang='lat' dir='ltr'>insignem</span> <span class='ocrx_word' id='word_1_26' title='bbox 1885 542 2074 583; x_wconf 88' lang='lat' dir='ltr'>hesterno</span> <span class='ocrx_word' id='word_1_27' title='bbox 2089 543 2252 595; x_wconf 89' lang='lat' dir='ltr'>quidem</span> 
     </span>
     <span class='ocr_line' id='line_1_4' title="bbox 223 601 2252 654; baseline 0.002 -12"><span class='ocrx_word' id='word_1_28' title='bbox 223 601 290 643; x_wconf 91' lang='lat' dir='ltr'>die</span> <span class='ocrx_word' id='word_1_29' title='bbox 319 602 492 644; x_wconf 84' lang='lat' dir='ltr'>libenter</span> <span class='ocrx_word' id='word_1_30' title='bbox 523 604 762 654; x_wconf 89' lang='lat' dir='ltr'>audivimus,</span> <span class='ocrx_word' id='word_1_31' title='bbox 795 604 918 645; x_wconf 92' lang='lat' dir='ltr'>hodie</span> <span class='ocrx_word' id='word_1_32' title='bbox 950 617 1044 645; x_wconf 93' lang='lat' dir='ltr'>vero</span> <span class='ocrx_word' id='word_1_33' title='bbox 1075 603 1322 644; x_wconf 89' lang='lat' dir='ltr'>Academiae</span> <span class='ocrx_word' id='word_1_34' title='bbox 1350 602 1516 643; x_wconf 91' lang='lat' dir='ltr'>nomine</span> <span class='ocrx_word' id='word_1_35' title='bbox 1546 615 1630 642; x_wconf 88' lang='lat' dir='ltr'>non</span> <span class='ocrx_word' id='word_1_36' title='bbox 1661 602 1795 642; x_wconf 90' lang='lat' dir='ltr'>minus</span> <span class='ocrx_word' id='word_1_37' title='bbox 1823 602 1994 642; x_wconf 87' lang='lat' dir='ltr'>libenter</span> <span class='ocrx_word' id='word_1_38' title='bbox 2022 605 2252 646; x_wconf 88' lang='lat' dir='ltr'>salutamus.</span> 
     </span>
     <span class='ocr_line' id='line_1_5' title="bbox 222 665 2254 722; baseline 0 -15"><span class='ocrx_word' id='word_1_39' title='bbox 222 666 349 717; x_wconf 86' lang='lat' dir='ltr'>Quasi</span> <span class='ocrx_word' id='word_1_40' title='bbox 388 668 579 708; x_wconf 88' lang='lat' dir='ltr'>Mercurii</span> <span class='ocrx_word' id='word_1_41' title='bbox 615 668 741 722; x_wconf 91' lang='lat' dir='ltr'>ipsius</span> <span class='ocrx_word' id='word_1_42' title='bbox 777 670 861 709; x_wconf 83' lang='lat' dir='ltr'>alas</span> <span class='ocrx_word' id='word_1_43' title='bbox 893 667 1094 720; x_wconf 88' lang='lat' dir='ltr'>paulisper</span> <span class='ocrx_word' id='word_1_44' title='bbox 1132 666 1315 717; x_wconf 91' lang='lat' dir='ltr'>mutuati,</span> <span class='ocrx_word' id='word_1_45' title='bbox 1349 667 1532 706; x_wconf 87' lang='lat' dir='ltr'>Athenas</span> <span class='ocrx_word' id='word_1_46' title='bbox 1570 665 1688 718; x_wconf 88' lang='lat' dir='ltr'>ipsas,</span> <span class='ocrx_word' id='word_1_47' title='bbox 1720 665 2034 705; x_wconf 87' lang='lat' dir='ltr'>Academiarum</span> <span class='ocrx_word' id='word_1_48' title='bbox 2072 668 2254 708; x_wconf 90' lang='lat' dir='ltr'>omnium</span> 
     </span>
     <span class='ocr_line' id='line_1_6' title="bbox 221 726 2254 783; baseline 0 -14"><span class='ocrx_word' id='word_1_49' title='bbox 221 736 402 777; x_wconf 85' lang='lat' dir='ltr'>matrem,</span> <span class='ocrx_word' id='word_1_50' title='bbox 423 729 605 781; x_wconf 87' lang='lat' dir='ltr'>protinus</span> <span class='ocrx_word' id='word_1_51' title='bbox 625 737 820 783; x_wconf 89' lang='lat' dir='ltr'>petamus.</span> <span class='ocrx_word' id='word_1_52' title='bbox 881 732 941 770; x_wconf 84' lang='lat' dir='ltr'>Ex</span> <span class='ocrx_word' id='word_1_53' title='bbox 959 729 1131 770; x_wconf 88' lang='lat' dir='ltr'>Athenis</span> <span class='ocrx_word' id='word_1_54' title='bbox 1151 728 1331 782; x_wconf 88' lang='lat' dir='ltr'>profecti,</span> <span class='ocrx_word' id='word_1_55' title='bbox 1349 735 1458 768; x_wconf 89' lang='lat' dir='ltr'>trans</span> <span class='ocrx_word' id='word_1_56' title='bbox 1478 730 1685 780; x_wconf 88' lang='lat' dir='ltr'>Aegaeum</span> <span class='ocrx_word' id='word_1_57' title='bbox 1709 739 1818 767; x_wconf 87' lang='lat' dir='ltr'>mare</span> <span class='ocrx_word' id='word_1_58' title='bbox 1840 728 1893 767; x_wconf 88' lang='lat' dir='ltr'>ad</span> <span class='ocrx_word' id='word_1_59' title='bbox 1912 726 2085 768; x_wconf 90' lang='lat' dir='ltr'>insulam</span> <span class='ocrx_word' id='word_1_60' title='bbox 2107 731 2254 769; x_wconf 91' lang='lat' dir='ltr'>Delum</span> 
     </span>
     <span class='ocr_line' id='line_1_7' title="bbox 220 790 2255 846; baseline 0 -14"><span class='ocrx_word' id='word_1_61' title='bbox 220 791 413 845; x_wconf 88' lang='lat' dir='ltr'>deinceps</span> <span class='ocrx_word' id='word_1_62' title='bbox 438 795 730 836; x_wconf 88' lang='lat' dir='ltr'>transvolemus</span> <span class='ocrx_word' id='word_1_63' title='bbox 745 808 757 844; x_wconf 69' lang='grc' dir='ltr'><strong><em>ς</em></strong></span> <span class='ocrx_word' id='word_1_64' title='bbox 786 793 900 835; x_wconf 92' lang='lat' dir='ltr'>collis</span> <span class='ocrx_word' id='word_1_65' title='bbox 923 793 1088 846; x_wconf 90' lang='lat' dir='ltr'>Cynthii</span> <span class='ocrx_word' id='word_1_66' title='bbox 1113 807 1137 834; x_wconf 94' lang='lat' dir='ltr'>e</span> <span class='ocrx_word' id='word_1_67' title='bbox 1159 792 1307 834; x_wconf 90' lang='lat' dir='ltr'>vertice</span> <span class='ocrx_word' id='word_1_68' title='bbox 1330 799 1390 832; x_wconf 93' lang='lat' dir='ltr'>tot</span> <span class='ocrx_word' id='word_1_69' title='bbox 1413 792 1638 843; x_wconf 88' lang='lat' dir='ltr'>Cycladum</span> <span class='ocrx_word' id='word_1_70' title='bbox 1665 790 1770 830; x_wconf 91' lang='lat' dir='ltr'>circa</span> <span class='ocrx_word' id='word_1_71' title='bbox 1793 791 2040 842; x_wconf 87' lang='lat' dir='ltr'>surgentium</span> <span class='ocrx_word' id='word_1_72' title='bbox 2064 805 2255 833; x_wconf 91' lang='lat' dir='ltr'>coronam</span> 
     </span>
     <span class='ocr_line' id='line_1_8' title="bbox 220 851 2256 908; baseline -0 -13"><span class='ocrx_word' id='word_1_73' title='bbox 220 854 528 906; x_wconf 87' lang='lat' dir='ltr'>pulcherrimam</span> <span class='ocrx_word' id='word_1_74' title='bbox 565 855 882 908; x_wconf 79' lang='lat' dir='ltr'>prospiciamus3</span> <span class='ocrx_word' id='word_1_75' title='bbox 928 862 1081 908; x_wconf 90' lang='lat' dir='ltr'>postea,</span> <span class='ocrx_word' id='word_1_76' title='bbox 1120 856 1174 896; x_wconf 91' lang='lat' dir='ltr'>ad</span> <span class='ocrx_word' id='word_1_77' title='bbox 1218 854 1311 895; x_wconf 87' lang='lat' dir='ltr'>litus</span> <span class='ocrx_word' id='word_1_78' title='bbox 1356 854 1522 906; x_wconf 84' lang='lat' dir='ltr'>delapsi,</span> <span class='ocrx_word' id='word_1_79' title='bbox 1561 851 1761 905; x_wconf 89' lang='lat' dir='ltr'>Apollinis</span> <span class='ocrx_word' id='word_1_80' title='bbox 1809 854 2016 905; x_wconf 92' lang='lat' dir='ltr'>templum,</span> <span class='ocrx_word' id='word_1_81' title='bbox 2056 854 2256 906; x_wconf 92' lang='lat' dir='ltr'>Apollinis</span> 
     </span>
     <span class='ocr_line' id='line_1_9' title="bbox 219 915 2253 971; baseline 0.001 -15"><span class='ocrx_word' id='word_1_82' title='bbox 219 915 383 968; x_wconf 75' lang='grc' dir='ltr'>τέμενος,</span> <span class='ocrx_word' id='word_1_83' title='bbox 422 924 483 958; x_wconf 93' lang='lat' dir='ltr'>tot</span> <span class='ocrx_word' id='word_1_84' title='bbox 527 918 803 959; x_wconf 89' lang='lat' dir='ltr'>aedificiorum</span> <span class='ocrx_word' id='word_1_85' title='bbox 850 926 891 959; x_wconf 89' lang='lat' dir='ltr'>et</span> <span class='ocrx_word' id='word_1_86' title='bbox 937 925 1155 959; x_wconf 91' lang='lat' dir='ltr'>statuarum</span> <span class='ocrx_word' id='word_1_87' title='bbox 1203 917 1379 971; x_wconf 91' lang='lat' dir='ltr'>reliquiis</span> <span class='ocrx_word' id='word_1_88' title='bbox 1423 916 1599 969; x_wconf 86' lang='lat' dir='ltr'>sepultis,</span> <span class='ocrx_word' id='word_1_89' title='bbox 1639 923 1699 956; x_wconf 91' lang='lat' dir='ltr'>tot</span> <span class='ocrx_word' id='word_1_90' title='bbox 1746 916 1925 969; x_wconf 91' lang='lat' dir='ltr'>lapidum</span> <span class='ocrx_word' id='word_1_91' title='bbox 1973 917 2253 970; x_wconf 89' lang='lat' dir='ltr'>inscriptorum</span> 
     </span>
     <span class='ocr_line' id='line_1_10' title="bbox 221 978 2255 1032; baseline 0.001 -14"><span class='ocrx_word' id='word_1_92' title='bbox 221 978 451 1031; x_wconf 82' lang='lat' dir='ltr'>fragmentis</span> <span class='ocrx_word' id='word_1_93' title='bbox 470 980 720 1022; x_wconf 90' lang='lat' dir='ltr'>absconditis</span> <span class='ocrx_word' id='word_1_94' title='bbox 740 988 823 1020; x_wconf 91' lang='lat' dir='ltr'>tam</span> <span class='ocrx_word' id='word_1_95' title='bbox 843 981 914 1021; x_wconf 93' lang='lat' dir='ltr'>diu</span> <span class='ocrx_word' id='word_1_96' title='bbox 934 982 1143 1032; x_wconf 89' lang='lat' dir='ltr'>repletum,</span> <span class='ocrx_word' id='word_1_97' title='bbox 1165 994 1190 1020; x_wconf 89' lang='lat' dir='ltr'>a</span> <span class='ocrx_word' id='word_1_98' title='bbox 1208 980 1293 1021; x_wconf 89' lang='lat' dir='ltr'>viro</span> <span class='ocrx_word' id='word_1_99' title='bbox 1314 993 1472 1020; x_wconf 91' lang='lat' dir='ltr'>summa</span> <span class='ocrx_word' id='word_1_100' title='bbox 1492 978 1694 1032; x_wconf 89' lang='lat' dir='ltr'>patientia,</span> <span class='ocrx_word' id='word_1_101' title='bbox 1718 991 1878 1018; x_wconf 91' lang='lat' dir='ltr'>summo</span> <span class='ocrx_word' id='word_1_102' title='bbox 1898 978 2047 1032; x_wconf 89' lang='lat' dir='ltr'>ingenii</span> <span class='ocrx_word' id='word_1_103' title='bbox 2069 981 2255 1021; x_wconf 90' lang='lat' dir='ltr'>acumine</span> 
     </span>
     <span class='ocr_line' id='line_1_11' title="bbox 219 1041 2254 1095; baseline 0.001 -14"><span class='ocrx_word' id='word_1_104' title='bbox 219 1041 412 1094; x_wconf 88' lang='lat' dir='ltr'>praedito,</span> <span class='ocrx_word' id='word_1_105' title='bbox 443 1042 748 1094; x_wconf 90' lang='lat' dir='ltr'>diligentissime</span> <span class='ocrx_word' id='word_1_106' title='bbox 775 1044 1026 1095; x_wconf 89' lang='lat' dir='ltr'>exploratum</span> <span class='ocrx_word' id='word_1_107' title='bbox 1057 1043 1312 1084; x_wconf 90' lang='lat' dir='ltr'>admiremur.</span> <span class='ocrx_word' id='word_1_108' title='bbox 1372 1042 1545 1092; x_wconf 90' lang='lat' dir='ltr'>Deinde,</span> <span class='ocrx_word' id='word_1_109' title='bbox 1576 1042 1777 1095; x_wconf 91' lang='lat' dir='ltr'>Apollinis</span> <span class='ocrx_word' id='word_1_110' title='bbox 1806 1041 1936 1083; x_wconf 87' lang='lat' dir='ltr'>insula</span> <span class='ocrx_word' id='word_1_111' title='bbox 1970 1045 2092 1083; x_wconf 90' lang='lat' dir='ltr'>natali</span> <span class='ocrx_word' id='word_1_112' title='bbox 2121 1043 2254 1084; x_wconf 89' lang='lat' dir='ltr'>statim</span> 
     </span>
     <span class='ocr_line' id='line_1_12' title="bbox 219 1103 2256 1160; baseline 0.002 -17"><span class='ocrx_word' id='word_1_113' title='bbox 219 1103 368 1154; x_wconf 89' lang='lat' dir='ltr'>relicta,</span> <span class='ocrx_word' id='word_1_114' title='bbox 401 1105 602 1156; x_wconf 89' lang='lat' dir='ltr'>Apollinis</span> <span class='ocrx_word' id='word_1_115' title='bbox 634 1105 759 1158; x_wconf 89' lang='lat' dir='ltr'>ipsius</span> <span class='ocrx_word' id='word_1_116' title='bbox 790 1119 951 1146; x_wconf 91' lang='lat' dir='ltr'>cursum</span> <span class='ocrx_word' id='word_1_117' title='bbox 986 1106 1123 1154; x_wconf 92' lang='lat' dir='ltr'>secuti,</span> <span class='ocrx_word' id='word_1_118' title='bbox 1159 1107 1236 1146; x_wconf 92' lang='lat' dir='ltr'>sub</span> <span class='ocrx_word' id='word_1_119' title='bbox 1275 1112 1414 1147; x_wconf 90' lang='lat' dir='ltr'>monte</span> <span class='ocrx_word' id='word_1_120' title='bbox 1449 1108 1636 1154; x_wconf 88' lang='lat' dir='ltr'>Parnaso,</span> <span class='ocrx_word' id='word_1_121' title='bbox 1672 1105 1922 1158; x_wconf 90' lang='lat' dir='ltr'>geminarum</span> <span class='ocrx_word' id='word_1_122' title='bbox 1956 1107 2114 1159; x_wconf 90' lang='lat' dir='ltr'>rupium</span> <span class='ocrx_word' id='word_1_123' title='bbox 2148 1121 2256 1160; x_wconf 90' lang='lat' dir='ltr'>prae-</span> 
     </span>
     <span class='ocr_line' id='line_1_13' title="bbox 219 1169 2256 1223; baseline 0.002 -16"><span class='ocrx_word' id='word_1_124' title='bbox 219 1173 424 1219; x_wconf 85' lang='lat' dir='ltr'>ruptarum</span> <span class='ocrx_word' id='word_1_125' title='bbox 461 1169 570 1209; x_wconf 89' lang='lat' dir='ltr'>velut</span> <span class='ocrx_word' id='word_1_126' title='bbox 607 1175 702 1210; x_wconf 90' lang='lat' dir='ltr'>ante</span> <span class='ocrx_word' id='word_1_127' title='bbox 739 1171 822 1210; x_wconf 88' lang='lat' dir='ltr'>alas</span> <span class='ocrx_word' id='word_1_128' title='bbox 861 1169 1079 1210; x_wconf 89' lang='lat' dir='ltr'>immensas</span> <span class='ocrx_word' id='word_1_129' title='bbox 1117 1169 1305 1222; x_wconf 90' lang='lat' dir='ltr'>positum,</span> <span class='ocrx_word' id='word_1_130' title='bbox 1346 1169 1546 1222; x_wconf 88' lang='lat' dir='ltr'>Apollinis</span> <span class='ocrx_word' id='word_1_131' title='bbox 1591 1169 1723 1222; x_wconf 90' lang='lat' dir='ltr'>Pythii</span> <span class='ocrx_word' id='word_1_132' title='bbox 1766 1172 1971 1210; x_wconf 90' lang='lat' dir='ltr'>oraculum</span> <span class='ocrx_word' id='word_1_133' title='bbox 2012 1171 2256 1223; x_wconf 90' lang='lat' dir='ltr'>Delphicum</span> 
     </span>
     <span class='ocr_line' id='line_1_14' title="bbox 219 1227 2256 1284; baseline 0.002 -15"><span class='ocrx_word' id='word_1_134' title='bbox 219 1227 438 1270; x_wconf 88' lang='lat' dir='ltr'>invisamus</span> <span class='ocrx_word' id='word_1_135' title='bbox 451 1244 463 1280; x_wconf 82' lang='lat'>3</span> <span class='ocrx_word' id='word_1_136' title='bbox 491 1229 664 1282; x_wconf 90' lang='lat' dir='ltr'>regionis</span> <span class='ocrx_word' id='word_1_137' title='bbox 690 1238 852 1271; x_wconf 89' lang='lat' dir='ltr'>sanctae</span> <span class='ocrx_word' id='word_1_138' title='bbox 876 1230 977 1272; x_wconf 88' lang='lat' dir='ltr'>fines</span> <span class='ocrx_word' id='word_1_139' title='bbox 1003 1231 1179 1284; x_wconf 91' lang='lat' dir='ltr'>ingressi,</span> <span class='ocrx_word' id='word_1_140' title='bbox 1210 1231 1315 1272; x_wconf 88' lang='lat' dir='ltr'>viam</span> <span class='ocrx_word' id='word_1_141' title='bbox 1339 1245 1493 1272; x_wconf 88' lang='lat' dir='ltr'>sacram</span> <span class='ocrx_word' id='word_1_142' title='bbox 1520 1231 1704 1284; x_wconf 91' lang='lat' dir='ltr'>passibus</span> <span class='ocrx_word' id='word_1_143' title='bbox 1732 1232 1850 1272; x_wconf 89' lang='lat' dir='ltr'>lentis</span> <span class='ocrx_word' id='word_1_144' title='bbox 1876 1234 2143 1273; x_wconf 90' lang='lat' dir='ltr'>ascendamus</span> <span class='ocrx_word' id='word_1_145' title='bbox 2157 1247 2168 1283; x_wconf 69' lang='grc' dir='ltr'><strong><em>ς</em></strong></span> <span class='ocrx_word' id='word_1_146' title='bbox 2197 1240 2256 1274; x_wconf 90' lang='lat' dir='ltr'>tot</span> 
     </span>
     <span class='ocr_line' id='line_1_15' title="bbox 217 1291 2255 1348; baseline 0.002 -16"><span class='ocrx_word' id='word_1_147' title='bbox 217 1291 378 1334; x_wconf 89' lang='lat' dir='ltr'>urbium</span> <span class='ocrx_word' id='word_1_148' title='bbox 415 1294 670 1348; x_wconf 89' lang='lat' dir='ltr'>antiquarum</span> <span class='ocrx_word' id='word_1_149' title='bbox 708 1297 926 1345; x_wconf 88' lang='lat' dir='ltr'>thesauros,</span> <span class='ocrx_word' id='word_1_150' title='bbox 959 1297 1211 1337; x_wconf 89' lang='lat' dir='ltr'>saeculorum</span> <span class='ocrx_word' id='word_1_151' title='bbox 1250 1310 1272 1336; x_wconf 90' lang='lat' dir='ltr'>e</span> <span class='ocrx_word' id='word_1_152' title='bbox 1306 1297 1469 1348; x_wconf 89' lang='lat' dir='ltr'>pulvere</span> <span class='ocrx_word' id='word_1_153' title='bbox 1502 1303 1648 1344; x_wconf 90' lang='lat' dir='ltr'>erutos,</span> <span class='ocrx_word' id='word_1_154' title='bbox 1683 1296 1948 1348; x_wconf 90' lang='lat' dir='ltr'>pedetemtim</span> <span class='ocrx_word' id='word_1_155' title='bbox 1983 1303 2255 1346; x_wconf 87' lang='lat' dir='ltr'>transeamus;</span> 
     </span>
     <span class='ocr_line' id='line_1_16' title="bbox 220 1357 2253 1412; baseline 0.002 -16"><span class='ocrx_word' id='word_1_156' title='bbox 220 1357 323 1397; x_wconf 88' lang='lat' dir='ltr'>ultra</span> <span class='ocrx_word' id='word_1_157' title='bbox 347 1371 507 1399; x_wconf 88' lang='lat' dir='ltr'>murum</span> <span class='ocrx_word' id='word_1_158' title='bbox 535 1358 740 1412; x_wconf 89' lang='lat' dir='ltr'>ingentem</span> <span class='ocrx_word' id='word_1_159' title='bbox 770 1359 976 1400; x_wconf 90' lang='lat' dir='ltr'>titulorum</span> <span class='ocrx_word' id='word_1_160' title='bbox 1006 1359 1365 1400; x_wconf 88' lang='lat' dir='ltr'>minutissimorum</span> <span class='ocrx_word' id='word_1_161' title='bbox 1397 1358 1654 1399; x_wconf 90' lang='lat' dir='ltr'>multitudine</span> <span class='ocrx_word' id='word_1_162' title='bbox 1684 1358 1840 1398; x_wconf 89' lang='lat' dir='ltr'>infinita</span> <span class='ocrx_word' id='word_1_163' title='bbox 1868 1359 1965 1399; x_wconf 90' lang='lat' dir='ltr'>olim</span> <span class='ocrx_word' id='word_1_164' title='bbox 1995 1359 2253 1412; x_wconf 85' lang='lat' dir='ltr'>insculptum,</span> 
     </span>
     <span class='ocr_line' id='line_1_17' title="bbox 219 1418 2256 1474; baseline 0.002 -16"><span class='ocrx_word' id='word_1_165' title='bbox 219 1419 322 1459; x_wconf 87' lang='lat' dir='ltr'>ultra</span> <span class='ocrx_word' id='word_1_166' title='bbox 343 1419 544 1472; x_wconf 90' lang='lat' dir='ltr'>Apollinis</span> <span class='ocrx_word' id='word_1_167' title='bbox 570 1420 702 1474; x_wconf 90' lang='lat' dir='ltr'>ipsum</span> <span class='ocrx_word' id='word_1_168' title='bbox 729 1421 954 1470; x_wconf 90' lang='lat' dir='ltr'>delubrum,</span> <span class='ocrx_word' id='word_1_169' title='bbox 977 1423 1030 1462; x_wconf 90' lang='lat' dir='ltr'>ad</span> <span class='ocrx_word' id='word_1_170' title='bbox 1053 1423 1189 1462; x_wconf 91' lang='lat' dir='ltr'>locum</span> <span class='ocrx_word' id='word_1_171' title='bbox 1213 1421 1390 1473; x_wconf 91' lang='lat' dir='ltr'>denique</span> <span class='ocrx_word' id='word_1_172' title='bbox 1415 1418 1728 1473; x_wconf 85' lang='lat' dir='ltr'>progrediamur,</span> <span class='ocrx_word' id='word_1_173' title='bbox 1749 1421 1831 1470; x_wconf 91' lang='lat' dir='ltr'>ubi,</span> <span class='ocrx_word' id='word_1_174' title='bbox 1854 1429 1937 1461; x_wconf 89' lang='lat' dir='ltr'>arte</span> <span class='ocrx_word' id='word_1_175' title='bbox 1956 1421 2182 1462; x_wconf 89' lang='lat' dir='ltr'>admirabili</span> <span class='ocrx_word' id='word_1_176' title='bbox 2207 1435 2256 1462; x_wconf 84' lang='lat' dir='ltr'>ex</span> 
     </span>
     <span class='ocr_line' id='line_1_18' title="bbox 217 1483 2256 1536; baseline 0.001 -14"><span class='ocrx_word' id='word_1_177' title='bbox 217 1493 310 1523; x_wconf 87' lang='lat' dir='ltr'>aere</span> <span class='ocrx_word' id='word_1_178' title='bbox 331 1483 447 1533; x_wconf 87' lang='lat' dir='ltr'>sacta,</span> <span class='ocrx_word' id='word_1_179' title='bbox 469 1490 599 1524; x_wconf 88' lang='lat' dir='ltr'>statua</span> <span class='ocrx_word' id='word_1_180' title='bbox 623 1497 648 1524; x_wconf 90' lang='lat' dir='ltr'>a</span> <span class='ocrx_word' id='word_1_181' title='bbox 675 1485 861 1536; x_wconf 88' lang='lat' dir='ltr'>Polyzalo</span> <span class='ocrx_word' id='word_1_182' title='bbox 888 1485 1095 1536; x_wconf 91' lang='lat' dir='ltr'>quondam</span> <span class='ocrx_word' id='word_1_183' title='bbox 1121 1484 1308 1525; x_wconf 89' lang='lat' dir='ltr'>dedicata</span> <span class='ocrx_word' id='word_1_184' title='bbox 1327 1485 1436 1524; x_wconf 88' lang='lat' dir='ltr'>haud</span> <span class='ocrx_word' id='word_1_185' title='bbox 1457 1484 1511 1524; x_wconf 89' lang='lat' dir='ltr'>ita</span> <span class='ocrx_word' id='word_1_186' title='bbox 1530 1485 1687 1535; x_wconf 89' lang='lat' dir='ltr'>pridem</span> <span class='ocrx_word' id='word_1_187' title='bbox 1707 1484 1760 1524; x_wconf 91' lang='lat' dir='ltr'>ab</span> <span class='ocrx_word' id='word_1_188' title='bbox 1779 1485 1859 1524; x_wconf 93' lang='lat' dir='ltr'>hoc</span> <span class='ocrx_word' id='word_1_189' title='bbox 1878 1484 1963 1525; x_wconf 91' lang='lat' dir='ltr'>viro</span> <span class='ocrx_word' id='word_1_190' title='bbox 1983 1484 2064 1525; x_wconf 90' lang='lat' dir='ltr'>diei</span> <span class='ocrx_word' id='word_1_191' title='bbox 2090 1484 2168 1525; x_wconf 93' lang='lat' dir='ltr'>luci</span> <span class='ocrx_word' id='word_1_192' title='bbox 2195 1493 2256 1525; x_wconf 90' lang='lat' dir='ltr'>est</span> 
     </span>
     <span class='ocr_line' id='line_1_19' title="bbox 218 1543 2254 1599; baseline 0.001 -15"><span class='ocrx_word' id='word_1_193' title='bbox 218 1543 386 1592; x_wconf 87' lang='lat' dir='ltr'>reddita,</span> <span class='ocrx_word' id='word_1_194' title='bbox 407 1558 542 1598; x_wconf 88' lang='lat' dir='ltr'>quem,</span> <span class='ocrx_word' id='word_1_195' title='bbox 563 1559 612 1586; x_wconf 88' lang='lat' dir='ltr'>ex</span> <span class='ocrx_word' id='word_1_196' title='bbox 643 1546 784 1586; x_wconf 90' lang='lat' dir='ltr'>itinere</span> <span class='ocrx_word' id='word_1_197' title='bbox 817 1554 955 1587; x_wconf 90' lang='lat' dir='ltr'>nostro</span> <span class='ocrx_word' id='word_1_198' title='bbox 989 1547 1196 1587; x_wconf 90' lang='lat' dir='ltr'>celerrimo</span> <span class='ocrx_word' id='word_1_199' title='bbox 1235 1546 1389 1595; x_wconf 91' lang='lat' dir='ltr'>reversi,</span> <span class='ocrx_word' id='word_1_200' title='bbox 1426 1546 1467 1586; x_wconf 91' lang='lat' dir='ltr'>in</span> <span class='ocrx_word' id='word_1_201' title='bbox 1501 1548 1580 1586; x_wconf 93' lang='lat' dir='ltr'>hoc</span> <span class='ocrx_word' id='word_1_202' title='bbox 1614 1547 1767 1598; x_wconf 90' lang='lat' dir='ltr'>templo</span> <span class='ocrx_word' id='word_1_203' title='bbox 1800 1547 1965 1587; x_wconf 91' lang='lat' dir='ltr'>honoris</span> <span class='ocrx_word' id='word_1_204' title='bbox 2002 1554 2254 1599; x_wconf 90' lang='lat' dir='ltr'>praesentem</span> 
     </span>
     <span class='ocr_line' id='line_1_20' title="bbox 218 1606 2252 1661; baseline 0.002 -15"><span class='ocrx_word' id='word_1_205' title='bbox 218 1606 501 1659; x_wconf 83' lang='lat' dir='ltr'>conspicimus.</span> <span class='ocrx_word' id='word_1_206' title='bbox 561 1607 660 1648; x_wconf 91' lang='lat' dir='ltr'>Viro</span> <span class='ocrx_word' id='word_1_207' title='bbox 693 1612 1026 1649; x_wconf 90' lang='lat' dir='ltr'>‘monumentum</span> <span class='ocrx_word' id='word_1_208' title='bbox 1059 1622 1151 1649; x_wconf 91' lang='lat' dir='ltr'>aere</span> <span class='ocrx_word' id='word_1_209' title='bbox 1184 1608 1400 1661; x_wconf 91' lang='lat' dir='ltr'>perennius</span> <span class='ocrx_word' id='word_1_210' title='bbox 1414 1609 1442 1631; x_wconf 79' lang='lat'>’¹</span> <span class='ocrx_word' id='word_1_211' title='bbox 1476 1609 1628 1656; x_wconf 91' lang='lat' dir='ltr'>merito,</span> <span class='ocrx_word' id='word_1_212' title='bbox 1661 1622 1744 1648; x_wconf 90' lang='lat' dir='ltr'>non</span> <span class='ocrx_word' id='word_1_213' title='bbox 1775 1622 1866 1649; x_wconf 89' lang='lat' dir='ltr'>aera</span> <span class='ocrx_word' id='word_1_214' title='bbox 1895 1609 2059 1661; x_wconf 91' lang='lat' dir='ltr'>quidem</span> <span class='ocrx_word' id='word_1_215' title='bbox 2090 1611 2252 1660; x_wconf 89' lang='lat' dir='ltr'>donare,</span> 
     </span>
     <span class='ocr_line' id='line_1_21' title="bbox 219 1671 2256 1725; baseline 0.003 -16"><span class='ocrx_word' id='word_1_216' title='bbox 219 1682 304 1710; x_wconf 90' lang='lat' dir='ltr'>non</span> <span class='ocrx_word' id='word_1_217' title='bbox 332 1678 505 1712; x_wconf 90' lang='lat' dir='ltr'>statuam</span> <span class='ocrx_word' id='word_1_218' title='bbox 534 1672 658 1713; x_wconf 92' lang='lat' dir='ltr'>hodie</span> <span class='ocrx_word' id='word_1_219' title='bbox 686 1685 837 1724; x_wconf 91' lang='lat' dir='ltr'>ponere</span> <span class='ocrx_word' id='word_1_220' title='bbox 866 1686 1106 1725; x_wconf 81' lang='lat' dir='ltr'>possumus3</span> <span class='ocrx_word' id='word_1_221' title='bbox 1135 1672 1295 1712; x_wconf 90' lang='lat' dir='ltr'>titulum</span> <span class='ocrx_word' id='word_1_222' title='bbox 1325 1685 1419 1712; x_wconf 91' lang='lat' dir='ltr'>vero</span> <span class='ocrx_word' id='word_1_223' title='bbox 1448 1671 1729 1720; x_wconf 91' lang='lat' dir='ltr'>honorificum,</span> <span class='ocrx_word' id='word_1_224' title='bbox 1760 1672 2039 1714; x_wconf 86' lang='lat' dir='ltr'>observantiae</span> <span class='ocrx_word' id='word_1_225' title='bbox 2067 1681 2107 1715; x_wconf 90' lang='lat' dir='ltr'>et</span> <span class='ocrx_word' id='word_1_226' title='bbox 2136 1674 2256 1716; x_wconf 91' lang='lat' dir='ltr'>bene-</span> 
     </span>
     <span class='ocr_line' id='line_1_22' title="bbox 219 1732 2255 1787; baseline 0.002 -14"><span class='ocrx_word' id='word_1_227' title='bbox 219 1732 419 1775; x_wconf 83' lang='lat' dir='ltr'>volentiae</span> <span class='ocrx_word' id='word_1_228' title='bbox 438 1742 598 1775; x_wconf 87' lang='lat' dir='ltr'>nostrae</span> <span class='ocrx_word' id='word_1_229' title='bbox 618 1741 775 1782; x_wconf 89' lang='lat' dir='ltr'>testem,</span> <span class='ocrx_word' id='word_1_230' title='bbox 797 1736 935 1775; x_wconf 92' lang='lat' dir='ltr'>animo</span> <span class='ocrx_word' id='word_1_231' title='bbox 954 1736 1061 1775; x_wconf 90' lang='lat' dir='ltr'>laeto</span> <span class='ocrx_word' id='word_1_232' title='bbox 1081 1735 1303 1775; x_wconf 90' lang='lat' dir='ltr'>tribuimus.</span> <span class='ocrx_word' id='word_1_233' title='bbox 1365 1735 1447 1785; x_wconf 87' lang='lat' dir='ltr'>Qui</span> <span class='ocrx_word' id='word_1_234' title='bbox 1471 1733 1671 1786; x_wconf 92' lang='lat' dir='ltr'>Apollinis</span> <span class='ocrx_word' id='word_1_235' title='bbox 1695 1733 1782 1774; x_wconf 91' lang='lat' dir='ltr'>sedi</span> <span class='ocrx_word' id='word_1_236' title='bbox 1805 1734 1964 1786; x_wconf 91' lang='lat' dir='ltr'>utrique</span> <span class='ocrx_word' id='word_1_237' title='bbox 1987 1737 2255 1787; x_wconf 86' lang='lat' dir='ltr'>explorandae</span> 
     </span>
     <span class='ocr_line' id='line_1_23' title="bbox 219 1797 2253 1853; baseline 0.002 -16"><span class='ocrx_word' id='word_1_238' title='bbox 219 1797 310 1849; x_wconf 89' lang='lat' dir='ltr'>plus</span> <span class='ocrx_word' id='word_1_239' title='bbox 329 1810 452 1849; x_wconf 86' lang='lat' dir='ltr'>quam</span> <span class='ocrx_word' id='word_1_240' title='bbox 470 1797 610 1850; x_wconf 88' lang='lat' dir='ltr'>viginti</span> <span class='ocrx_word' id='word_1_241' title='bbox 628 1810 828 1838; x_wconf 91' lang='lat' dir='ltr'>annorum</span> <span class='ocrx_word' id='word_1_242' title='bbox 848 1798 1005 1839; x_wconf 89' lang='lat' dir='ltr'>labores</span> <span class='ocrx_word' id='word_1_243' title='bbox 1026 1812 1109 1838; x_wconf 90' lang='lat' dir='ltr'>non</span> <span class='ocrx_word' id='word_1_244' title='bbox 1129 1798 1216 1838; x_wconf 91' lang='lat' dir='ltr'>sine</span> <span class='ocrx_word' id='word_1_245' title='bbox 1237 1799 1366 1838; x_wconf 85' lang='lat' dir='ltr'>fructu</span> <span class='ocrx_word' id='word_1_246' title='bbox 1387 1798 1563 1838; x_wconf 89' lang='lat' dir='ltr'>maximo</span> <span class='ocrx_word' id='word_1_247' title='bbox 1583 1797 1797 1847; x_wconf 86' lang='lat' dir='ltr'>dedicavit,</span> <span class='ocrx_word' id='word_1_248' title='bbox 1820 1805 1880 1838; x_wconf 92' lang='lat' dir='ltr'>est</span> <span class='ocrx_word' id='word_1_249' title='bbox 1899 1800 2092 1851; x_wconf 90' lang='lat' dir='ltr'>profecto,</span> <span class='ocrx_word' id='word_1_250' title='bbox 2111 1800 2144 1840; x_wconf 91' lang='lat' dir='ltr'>si</span> <span class='ocrx_word' id='word_1_251' title='bbox 2163 1800 2253 1853; x_wconf 93' lang='lat' dir='ltr'>quis</span> 
     </span>
     <span class='ocr_line' id='line_1_24' title="bbox 219 1858 1042 1912; baseline 0.002 -14"><span class='ocrx_word' id='word_1_252' title='bbox 219 1858 332 1909; x_wconf 90' lang='lat' dir='ltr'>alius,</span> <span class='ocrx_word' id='word_1_253' title='bbox 357 1860 512 1900; x_wconf 89' lang='lat' dir='ltr'>‘laurea</span> <span class='ocrx_word' id='word_1_254' title='bbox 531 1859 747 1900; x_wconf 91' lang='lat' dir='ltr'>donandus</span> <span class='ocrx_word' id='word_1_255' title='bbox 766 1859 991 1912; x_wconf 88' lang='lat' dir='ltr'>Apollinari</span> <span class='ocrx_word' id='word_1_256' title='bbox 1004 1861 1042 1899; x_wconf 84' lang='lat'>’².</span> 
     </span>
    </p>

    <p class='ocr_par' dir='ltr' id='par_1_3' title="bbox 218 1923 2248 2039">
     <span class='ocr_line' id='line_1_25' title="bbox 330 1923 2248 1976; baseline 0.001 -12"><span class='ocrx_word' id='word_1_257' title='bbox 330 1924 450 1964; x_wconf 92' lang='lat' dir='ltr'>Duco</span> <span class='ocrx_word' id='word_1_258' title='bbox 476 1924 530 1964; x_wconf 89' lang='lat' dir='ltr'>ad</span> <span class='ocrx_word' id='word_1_259' title='bbox 552 1937 624 1963; x_wconf 84' lang='lat' dir='ltr'>vos</span> <span class='ocrx_word' id='word_1_260' title='bbox 652 1923 853 1976; x_wconf 90' lang='lat' dir='ltr'>Apollinis</span> <span class='ocrx_word' id='word_1_261' title='bbox 879 1926 1074 1964; x_wconf 89' lang='lat' dir='ltr'>cultorem</span> <span class='ocrx_word' id='word_1_262' title='bbox 1101 1923 1360 1972; x_wconf 87' lang='lat' dir='ltr'>indefessum,</span> <span class='ocrx_word' id='word_1_263' title='bbox 1390 1924 1491 1964; x_wconf 92' lang='lat' dir='ltr'>lucis</span> <span class='ocrx_word' id='word_1_264' title='bbox 1517 1931 1557 1964; x_wconf 91' lang='lat' dir='ltr'>et</span> <span class='ocrx_word' id='word_1_265' title='bbox 1583 1923 1758 1964; x_wconf 90' lang='lat' dir='ltr'>veritatis</span> <span class='ocrx_word' id='word_1_266' title='bbox 1784 1923 2011 1964; x_wconf 91' lang='lat' dir='ltr'>ministrum</span> <span class='ocrx_word' id='word_1_267' title='bbox 2037 1923 2248 1976; x_wconf 89' lang='lat' dir='ltr'>insignem,</span> 
     </span>
     <span class='ocr_line' id='line_1_26' title="bbox 218 1984 2138 2039; baseline 0 -13"><span class='ocrx_word' id='word_1_268' title='bbox 218 1984 346 2026; x_wconf 86' lang='lat' dir='ltr'>virum</span> <span class='ocrx_word' id='word_1_269' title='bbox 366 1987 419 2027; x_wconf 93' lang='lat' dir='ltr'>de</span> <span class='ocrx_word' id='word_1_270' title='bbox 437 1987 740 2039; x_wconf 89' lang='lat' dir='ltr'>archaeologiae</span> <span class='ocrx_word' id='word_1_271' title='bbox 760 1987 939 2027; x_wconf 91' lang='lat' dir='ltr'>Graecae</span> <span class='ocrx_word' id='word_1_272' title='bbox 958 1987 1101 2028; x_wconf 90' lang='lat' dir='ltr'>studiis</span> <span class='ocrx_word' id='word_1_273' title='bbox 1121 1989 1323 2039; x_wconf 87' lang='lat' dir='ltr'>praeclare</span> <span class='ocrx_word' id='word_1_274' title='bbox 1344 1987 1543 2037; x_wconf 85' lang='lat' dir='ltr'>meritum,</span> <span class='ocrx_word' id='word_1_275' title='bbox 1565 1989 1865 2027; x_wconf 81' lang='lat' dir='ltr'><strong>THEOPHILUM</strong></span> <span class='ocrx_word' id='word_1_276' title='bbox 1887 1989 2138 2028; x_wconf 69' lang='lat' dir='ltr'>HOMOLLE3.</span> 
     </span>
    </p>
   </div>
   <div class='ocr_carea' id='block_1_3' title="bbox 1041 2111 1426 2172">
    <p class='ocr_par' dir='ltr' id='par_1_4' title="bbox 1041 2111 1426 2172">
     <span class='ocr_line' id='line_1_27' title="bbox 1041 2111 1426 2172; baseline 0.005 -14"><span class='ocrx_word' id='word_1_277' title='bbox 1041 2127 1092 2158; x_wconf 94' lang='lat'>11</span> <span class='ocrx_word' id='word_1_278' title='bbox 1134 2111 1248 2160; x_wconf 75' lang='lat' dir='ltr'>Feb.</span> <span class='ocrx_word' id='word_1_279' title='bbox 1299 2126 1426 2172; x_wconf 88' lang='lat'>1904</span> 
     </span>
    </p>
   </div>
   <div class='ocr_carea' id='block_1_4' title="bbox 216 2210 2256 3142">
    <p class='ocr_par' dir='ltr' id='par_1_5' title="bbox 216 2210 2256 2891">
     <span class='ocr_line' id='line_1_28' title="bbox 327 2210 2255 2265; baseline 0.002 -16"><span class='ocrx_word' id='word_1_280' title='bbox 327 2210 443 2263; x_wconf 84' lang='lat'>(378)</span> <span class='ocrx_word' id='word_1_281' title='bbox 480 2213 654 2252; x_wconf 78' lang='lat' dir='ltr'>ABHINC</span> <span class='ocrx_word' id='word_1_282' title='bbox 683 2226 813 2253; x_wconf 93' lang='lat' dir='ltr'>annos</span> <span class='ocrx_word' id='word_1_283' title='bbox 849 2226 976 2264; x_wconf 91' lang='lat' dir='ltr'>prope</span> <span class='ocrx_word' id='word_1_284' title='bbox 1014 2212 1247 2265; x_wconf 89' lang='lat' dir='ltr'>quindecim</span> <span class='ocrx_word' id='word_1_285' title='bbox 1286 2212 1327 2252; x_wconf 93' lang='lat' dir='ltr'>in</span> <span class='ocrx_word' id='word_1_286' title='bbox 1362 2213 1441 2253; x_wconf 93' lang='lat' dir='ltr'>hoc</span> <span class='ocrx_word' id='word_1_287' title='bbox 1474 2212 1563 2263; x_wconf 91' lang='lat' dir='ltr'>ipso</span> <span class='ocrx_word' id='word_1_288' title='bbox 1601 2213 1693 2252; x_wconf 93' lang='lat' dir='ltr'>loco</span> <span class='ocrx_word' id='word_1_289' title='bbox 1731 2211 1961 2263; x_wconf 89' lang='lat' dir='ltr'>provinciae</span> <span class='ocrx_word' id='word_1_290' title='bbox 1996 2212 2255 2264; x_wconf 91' lang='lat' dir='ltr'>Glasguensis</span> 
     </span>
     <span class='ocr_line' id='line_1_29' title="bbox 216 2271 2255 2325; baseline 0.001 -12"><span class='ocrx_word' id='word_1_291' title='bbox 216 2271 466 2324; x_wconf 87' lang='lat' dir='ltr'>episcopum,</span> <span class='ocrx_word' id='word_1_292' title='bbox 509 2272 637 2313; x_wconf 88' lang='lat' dir='ltr'>virum</span> <span class='ocrx_word' id='word_1_293' title='bbox 685 2273 825 2314; x_wconf 90' lang='lat' dir='ltr'>litteris</span> <span class='ocrx_word' id='word_1_294' title='bbox 872 2274 1178 2315; x_wconf 88' lang='lat' dir='ltr'>humanioribus</span> <span class='ocrx_word' id='word_1_295' title='bbox 1226 2275 1442 2322; x_wconf 87' lang='lat' dir='ltr'>excultum,</span> <span class='ocrx_word' id='word_1_296' title='bbox 1487 2274 1746 2314; x_wconf 89' lang='lat' dir='ltr'>salutavimus</span> <span class='ocrx_word' id='word_1_297' title='bbox 1754 2274 1778 2313; x_wconf 85' lang='lat'>⁴.</span> <span class='ocrx_word' id='word_1_298' title='bbox 1857 2275 1931 2313; x_wconf 89' lang='lat' dir='ltr'>Ille</span> <span class='ocrx_word' id='word_1_299' title='bbox 1978 2273 2155 2325; x_wconf 91' lang='lat' dir='ltr'>quidem,</span> <span class='ocrx_word' id='word_1_300' title='bbox 2194 2282 2255 2315; x_wconf 91' lang='lat' dir='ltr'>tot</span> 
     </span>
     <span class='ocr_line' id='line_1_30' title="bbox 217 2334 2255 2388; baseline 0.001 -14"><span class='ocrx_word' id='word_1_301' title='bbox 217 2347 416 2375; x_wconf 89' lang='lat' dir='ltr'>annorum</span> <span class='ocrx_word' id='word_1_302' title='bbox 439 2334 644 2375; x_wconf 89' lang='lat' dir='ltr'>laboribus</span> <span class='ocrx_word' id='word_1_303' title='bbox 668 2335 834 2375; x_wconf 89' lang='lat' dir='ltr'>feliciter</span> <span class='ocrx_word' id='word_1_304' title='bbox 859 2336 1018 2385; x_wconf 85' lang='lat' dir='ltr'>exactis,</span> <span class='ocrx_word' id='word_1_305' title='bbox 1041 2350 1207 2377; x_wconf 90' lang='lat' dir='ltr'>munere</span> <span class='ocrx_word' id='word_1_306' title='bbox 1234 2345 1448 2377; x_wconf 82' lang='lat' dir='ltr'>suo&#39;sacro</span> <span class='ocrx_word' id='word_1_307' title='bbox 1468 2350 1555 2377; x_wconf 92' lang='lat' dir='ltr'>sese</span> <span class='ocrx_word' id='word_1_308' title='bbox 1576 2350 1704 2388; x_wconf 92' lang='lat' dir='ltr'>nuper</span> <span class='ocrx_word' id='word_1_309' title='bbox 1722 2335 1935 2376; x_wconf 89' lang='lat' dir='ltr'>abdicavit.</span> <span class='ocrx_word' id='word_1_310' title='bbox 1996 2336 2135 2376; x_wconf 91' lang='lat' dir='ltr'>Hodie</span> <span class='ocrx_word' id='word_1_311' title='bbox 2161 2350 2255 2377; x_wconf 93' lang='lat' dir='ltr'>vero</span> 
     </span>
     <span class='ocr_line' id='line_1_31' title="bbox 219 2396 2256 2451; baseline 0.001 -14"><span class='ocrx_word' id='word_1_312' title='bbox 219 2409 492 2438; x_wconf 86' lang='lat' dir='ltr'>successorem</span> <span class='ocrx_word' id='word_1_313' title='bbox 530 2396 627 2444; x_wconf 92' lang='lat' dir='ltr'>eius,</span> <span class='ocrx_word' id='word_1_314' title='bbox 662 2399 871 2438; x_wconf 89' lang='lat' dir='ltr'>alumnum</span> <span class='ocrx_word' id='word_1_315' title='bbox 905 2406 1087 2439; x_wconf 91' lang='lat' dir='ltr'>nostrum</span> <span class='ocrx_word' id='word_1_316' title='bbox 1121 2401 1303 2449; x_wconf 90' lang='lat' dir='ltr'>alterum,</span> <span class='ocrx_word' id='word_1_317' title='bbox 1335 2399 1463 2439; x_wconf 90' lang='lat' dir='ltr'>virum</span> <span class='ocrx_word' id='word_1_318' title='bbox 1501 2401 1541 2439; x_wconf 92' lang='lat' dir='ltr'>in</span> <span class='ocrx_word' id='word_1_319' title='bbox 1581 2399 1794 2451; x_wconf 83' lang='lat' dir='ltr'>disciplina</span> <span class='ocrx_word' id='word_1_320' title='bbox 1832 2399 2116 2440; x_wconf 89' lang='lat' dir='ltr'>mathematica</span> <span class='ocrx_word' id='word_1_321' title='bbox 2153 2399 2256 2441; x_wconf 89' lang='lat' dir='ltr'>inter</span> 
     </span>
     <span class='ocr_line' id='line_1_32' title="bbox 218 2457 2254 2513; baseline 0.002 -15"><span class='ocrx_word' id='word_1_322' title='bbox 218 2465 379 2499; x_wconf 88' lang='lat' dir='ltr'>nosmet</span> <span class='ocrx_word' id='word_1_323' title='bbox 397 2457 506 2510; x_wconf 91' lang='lat' dir='ltr'>ipsos</span> <span class='ocrx_word' id='word_1_324' title='bbox 526 2458 796 2508; x_wconf 85' lang='lat' dir='ltr'>exercitatum,</span> <span class='ocrx_word' id='word_1_325' title='bbox 820 2467 860 2500; x_wconf 90' lang='lat' dir='ltr'>et</span> <span class='ocrx_word' id='word_1_326' title='bbox 880 2460 1110 2501; x_wconf 87' lang='lat' dir='ltr'>Britanniae</span> <span class='ocrx_word' id='word_1_327' title='bbox 1131 2460 1173 2500; x_wconf 93' lang='lat' dir='ltr'>in</span> <span class='ocrx_word' id='word_1_328' title='bbox 1193 2461 1356 2513; x_wconf 89' lang='lat' dir='ltr'>regione</span> <span class='ocrx_word' id='word_1_329' title='bbox 1375 2463 1466 2513; x_wconf 92' lang='lat' dir='ltr'>plus</span> <span class='ocrx_word' id='word_1_330' title='bbox 1482 2474 1603 2512; x_wconf 91' lang='lat' dir='ltr'>quam</span> <span class='ocrx_word' id='word_1_331' title='bbox 1622 2471 1705 2500; x_wconf 87' lang='lat' dir='ltr'>una</span> <span class='ocrx_word' id='word_1_332' title='bbox 1723 2461 1907 2501; x_wconf 89' lang='lat' dir='ltr'>laborum</span> <span class='ocrx_word' id='word_1_333' title='bbox 1928 2474 2133 2501; x_wconf 89' lang='lat' dir='ltr'>sacrorum</span> <span class='ocrx_word' id='word_1_334' title='bbox 2153 2461 2254 2503; x_wconf 91' lang='lat' dir='ltr'>serie</span> 
     </span>
     <span class='ocr_line' id='line_1_33' title="bbox 218 2521 2253 2574; baseline 0.002 -13"><span class='ocrx_word' id='word_1_335' title='bbox 218 2529 412 2574; x_wconf 89' lang='lat' dir='ltr'>perpetua</span> <span class='ocrx_word' id='word_1_336' title='bbox 430 2521 658 2573; x_wconf 89' lang='lat' dir='ltr'>probatum,</span> <span class='ocrx_word' id='word_1_337' title='bbox 681 2530 855 2563; x_wconf 90' lang='lat' dir='ltr'>vestrum</span> <span class='ocrx_word' id='word_1_338' title='bbox 876 2523 1059 2563; x_wconf 91' lang='lat' dir='ltr'>omnium</span> <span class='ocrx_word' id='word_1_339' title='bbox 1084 2524 1390 2564; x_wconf 88' lang='lat' dir='ltr'>benevolentiae</span> <span class='ocrx_word' id='word_1_340' title='bbox 1413 2524 1760 2564; x_wconf 86' lang='lat' dir='ltr'>commendamus.</span> <span class='ocrx_word' id='word_1_341' title='bbox 1820 2523 2012 2565; x_wconf 88' lang='lat' dir='ltr'>Cambria</span> <span class='ocrx_word' id='word_1_342' title='bbox 2030 2523 2071 2563; x_wconf 91' lang='lat' dir='ltr'>in</span> <span class='ocrx_word' id='word_1_343' title='bbox 2091 2525 2253 2565; x_wconf 89' lang='lat' dir='ltr'>australi</span> 
     </span>
     <span class='ocr_line' id='line_1_34' title="bbox 218 2584 2254 2639; baseline 0.001 -14"><span class='ocrx_word' id='word_1_344' title='bbox 218 2584 383 2626; x_wconf 89' lang='lat' dir='ltr'>militiae</span> <span class='ocrx_word' id='word_1_345' title='bbox 412 2598 549 2626; x_wconf 86' lang='lat' dir='ltr'>sacrae</span> <span class='ocrx_word' id='word_1_346' title='bbox 581 2586 818 2627; x_wconf 89' lang='lat' dir='ltr'>rudimentis</span> <span class='ocrx_word' id='word_1_347' title='bbox 849 2586 944 2627; x_wconf 92' lang='lat' dir='ltr'>olim</span> <span class='ocrx_word' id='word_1_348' title='bbox 975 2586 1146 2638; x_wconf 82' lang='lat' dir='ltr'>positis⁶,</span> <span class='ocrx_word' id='word_1_349' title='bbox 1181 2586 1354 2639; x_wconf 87' lang='lat' dir='ltr'>primum</span> <span class='ocrx_word' id='word_1_350' title='bbox 1390 2586 1715 2628; x_wconf 89' lang='lat' dir='ltr'>Norfolcensium</span> <span class='ocrx_word' id='word_1_351' title='bbox 1749 2599 1876 2638; x_wconf 91' lang='lat' dir='ltr'>prope</span> <span class='ocrx_word' id='word_1_352' title='bbox 1913 2588 2122 2627; x_wconf 90' lang='lat' dir='ltr'>castellum</span> <span class='ocrx_word' id='word_1_353' title='bbox 2155 2587 2254 2627; x_wconf 91' lang='lat' dir='ltr'>anti-</span> 
     </span>
     <span class='ocr_line' id='line_1_35' title="bbox 218 2647 2253 2703; baseline 0.003 -16"><span class='ocrx_word' id='word_1_354' title='bbox 218 2647 486 2700; x_wconf 82' lang='lat' dir='ltr'>quissimum⁸,</span> <span class='ocrx_word' id='word_1_355' title='bbox 527 2648 676 2689; x_wconf 90' lang='lat' dir='ltr'>deinde</span> <span class='ocrx_word' id='word_1_356' title='bbox 724 2649 1042 2690; x_wconf 88' lang='lat' dir='ltr'>Eboracensium</span> <span class='ocrx_word' id='word_1_357' title='bbox 1090 2651 1273 2690; x_wconf 91' lang='lat' dir='ltr'>omnium</span> <span class='ocrx_word' id='word_1_358' title='bbox 1321 2650 1361 2691; x_wconf 94' lang='lat' dir='ltr'>in</span> <span class='ocrx_word' id='word_1_359' title='bbox 1410 2652 1563 2703; x_wconf 92' lang='lat' dir='ltr'>oppido</span> <span class='ocrx_word' id='word_1_360' title='bbox 1611 2649 1786 2690; x_wconf 86' lang='lat' dir='ltr'>maximo</span> <span class='ocrx_word' id='word_1_361' title='bbox 1833 2649 2046 2690; x_wconf 86' lang='lat' dir='ltr'>militavit⁷.</span> <span class='ocrx_word' id='word_1_362' title='bbox 2106 2653 2253 2692; x_wconf 89' lang='lat' dir='ltr'>Postea</span> 
     </span>
     <span class='ocr_line' id='line_1_36' title="bbox 219 2709 2253 2765; baseline 0.002 -14"><span class='ocrx_word' id='word_1_363' title='bbox 219 2709 466 2752; x_wconf 86' lang='lat' dir='ltr'>Caledoniae</span> <span class='ocrx_word' id='word_1_364' title='bbox 500 2724 596 2751; x_wconf 91' lang='lat' dir='ltr'>suae</span> <span class='ocrx_word' id='word_1_365' title='bbox 631 2711 823 2760; x_wconf 91' lang='lat' dir='ltr'>redditus,</span> <span class='ocrx_word' id='word_1_366' title='bbox 858 2711 1050 2752; x_wconf 89' lang='lat' dir='ltr'>ecclesiae</span> <span class='ocrx_word' id='word_1_367' title='bbox 1084 2712 1301 2753; x_wconf 88' lang='lat' dir='ltr'>cathedrali</span> <span class='ocrx_word' id='word_1_368' title='bbox 1334 2713 1515 2764; x_wconf 90' lang='lat' dir='ltr'>praefuit,</span> <span class='ocrx_word' id='word_1_369' title='bbox 1546 2712 1722 2752; x_wconf 91' lang='lat' dir='ltr'>fluminis</span> <span class='ocrx_word' id='word_1_370' title='bbox 1751 2714 1888 2752; x_wconf 90' lang='lat' dir='ltr'>Tavae</span> <span class='ocrx_word' id='word_1_371' title='bbox 1918 2712 1960 2752; x_wconf 89' lang='lat' dir='ltr'>in</span> <span class='ocrx_word' id='word_1_372' title='bbox 1991 2713 2085 2765; x_wconf 90' lang='lat' dir='ltr'>ripa,</span> <span class='ocrx_word' id='word_1_373' title='bbox 2122 2714 2253 2755; x_wconf 88' lang='lat' dir='ltr'>‘urbis</span> 
     </span>
     <span class='ocr_line' id='line_1_37' title="bbox 217 2768 2252 2829; baseline 0.003 -18"><span class='ocrx_word' id='word_1_374' title='bbox 217 2768 407 2824; x_wconf 86' lang='lat' dir='ltr'>pulchrae</span> <span class='ocrx_word' id='word_1_375' title='bbox 421 2771 450 2794; x_wconf 82' lang='lat'>’⁸</span> <span class='ocrx_word' id='word_1_376' title='bbox 468 2771 509 2812; x_wconf 93' lang='lat' dir='ltr'>in</span> <span class='ocrx_word' id='word_1_377' title='bbox 530 2772 667 2814; x_wconf 90' lang='lat' dir='ltr'>medio</span> <span class='ocrx_word' id='word_1_378' title='bbox 687 2774 887 2822; x_wconf 90' lang='lat' dir='ltr'>conditae,</span> <span class='ocrx_word' id='word_1_379' title='bbox 909 2773 979 2814; x_wconf 89' lang='lat' dir='ltr'>ubi</span> <span class='ocrx_word' id='word_1_380' title='bbox 999 2773 1114 2814; x_wconf 90' lang='lat' dir='ltr'>ducis</span> <span class='ocrx_word' id='word_1_381' title='bbox 1134 2774 1345 2826; x_wconf 88' lang='lat' dir='ltr'>Agricolae</span> <span class='ocrx_word' id='word_1_382' title='bbox 1366 2775 1512 2815; x_wconf 89' lang='lat' dir='ltr'>milites</span> <span class='ocrx_word' id='word_1_383' title='bbox 1533 2774 1711 2815; x_wconf 90' lang='lat' dir='ltr'>Romani</span> <span class='ocrx_word' id='word_1_384' title='bbox 1730 2782 1770 2815; x_wconf 91' lang='lat' dir='ltr'>et</span> <span class='ocrx_word' id='word_1_385' title='bbox 1789 2774 1946 2816; x_wconf 90' lang='lat' dir='ltr'>Tiberis</span> <span class='ocrx_word' id='word_1_386' title='bbox 1966 2775 2027 2816; x_wconf 91' lang='lat' dir='ltr'>sui</span> <span class='ocrx_word' id='word_1_387' title='bbox 2047 2783 2087 2816; x_wconf 90' lang='lat' dir='ltr'>et</span> <span class='ocrx_word' id='word_1_388' title='bbox 2107 2777 2252 2829; x_wconf 89' lang='lat' dir='ltr'>Campi</span> 
     </span>
     <span class='ocr_line' id='line_1_38' title="bbox 220 2833 2251 2891; baseline 0.002 -18"><span class='ocrx_word' id='word_1_389' title='bbox 220 2833 357 2874; x_wconf 87' lang='lat' dir='ltr'>Martii</span> <span class='ocrx_word' id='word_1_390' title='bbox 379 2833 595 2886; x_wconf 86' lang='lat' dir='ltr'>imaginem</span> <span class='ocrx_word' id='word_1_391' title='bbox 622 2849 768 2876; x_wconf 90' lang='lat' dir='ltr'>novam</span> <span class='ocrx_word' id='word_1_392' title='bbox 792 2835 1062 2876; x_wconf 74' lang='lat' dir='ltr'>animo&#39;laeto</span> <span class='ocrx_word' id='word_1_393' title='bbox 1087 2836 1296 2888; x_wconf 91' lang='lat' dir='ltr'>agnovisse</span> <span class='ocrx_word' id='word_1_394' title='bbox 1323 2837 1612 2889; x_wconf 82' lang='lat' dir='ltr'>perhibentur⁹.</span> <span class='ocrx_word' id='word_1_395' title='bbox 1674 2838 1789 2877; x_wconf 90' lang='lat' dir='ltr'>Idem</span> <span class='ocrx_word' id='word_1_396' title='bbox 1817 2851 1944 2889; x_wconf 90' lang='lat' dir='ltr'>nuper</span> <span class='ocrx_word' id='word_1_397' title='bbox 1969 2839 2021 2878; x_wconf 88' lang='lat' dir='ltr'>ad</span> <span class='ocrx_word' id='word_1_398' title='bbox 2047 2837 2251 2891; x_wconf 88' lang='lat' dir='ltr'>regionem</span> 
     </span>
    </p>

    <p class='ocr_par' dir='ltr' id='par_1_6' title="bbox 218 2916 2252 3142">
     <span class='ocr_line' id='line_1_39' title="bbox 306 2916 2251 3000; baseline 0.009 -62"><span class='ocrx_word' id='word_1_399' title='bbox 306 2916 319 2938; x_wconf 89' lang='grc' dir='ltr'>ι</span> <span class='ocrx_word' id='word_1_400' title='bbox 343 2918 492 2957; x_wconf 79' lang='lat' dir='ltr'>Horace,</span> <span class='ocrx_word' id='word_1_401' title='bbox 513 2920 681 2997; x_wconf 43' lang='lat' dir='ltr'>Carrztssii</span> <span class='ocrx_word' id='word_1_402' title='bbox 698 2930 751 2964; x_wconf 82' lang='lat'>30,</span> <span class='ocrx_word' id='word_1_403' title='bbox 773 2932 801 2954; x_wconf 89' lang='lat'>1.</span> <span class='ocrx_word' id='word_1_404' title='bbox 945 2920 960 2941; x_wconf 77' lang='lat'>²</span> <span class='ocrx_word' id='word_1_405' title='bbox 983 2922 1034 2985; x_wconf 50' lang='lat' dir='ltr'>ib1⁵</span> <span class='ocrx_word' id='word_1_406' title='bbox 1045 2922 1088 2998; x_wconf 43' lang='lat' dir='ltr'>ig</span> <span class='ocrx_word' id='word_1_407' title='bbox 1096 2932 1126 2962; x_wconf 86' lang='lat'>2,</span> <span class='ocrx_word' id='word_1_408' title='bbox 1145 2934 1176 2967; x_wconf 92' lang='lat'>9.</span> <span class='ocrx_word' id='word_1_409' title='bbox 1323 2922 1338 2943; x_wconf 76' lang='lat'><strong>3</strong></span> <span class='ocrx_word' id='word_1_410' title='bbox 1350 2923 1605 2988; x_wconf 36' lang='lat' dir='ltr'>⁰The-exploret</span> <span class='ocrx_word' id='word_1_411' title='bbox 1620 2923 1659 2956; x_wconf 90' lang='lat' dir='ltr'>of</span> <span class='ocrx_word' id='word_1_412' title='bbox 1671 2923 1777 2988; x_wconf 50' lang='lat' dir='ltr'>Deloqs</span> <span class='ocrx_word' id='word_1_413' title='bbox 1792 2922 1976 3000; x_wconf 43' lang='grc' dir='ltr'>ἓξὲξ-88)</span> <span class='ocrx_word' id='word_1_414' title='bbox 1992 2922 2114 2998; x_wconf 56' lang='grc' dir='ltr'>αῐέᾱΊρῙξ</span> <span class='ocrx_word' id='word_1_415' title='bbox 2126 2923 2251 2999; x_wconf 46' lang='grc' dir='ltr'>Βιεὲρζιὶ</span> 
     </span>
     <span class='ocr_line' id='line_1_40' title="bbox 219 2959 2252 3054; baseline 0.003 -16"><span class='ocrx_word' id='word_1_416' title='bbox 219 2959 497 3047; x_wconf 47' lang='grc' dir='ltr'>ἓίῗξῖῖΐιὲἓιῖῐζι.</span> <span class='ocrx_word' id='word_1_417' title='bbox 585 3006 600 3029; x_wconf 84' lang='lat'><strong>⁹</strong></span> <span class='ocrx_word' id='word_1_418' title='bbox 623 2975 698 3041; x_wconf 61' lang='lat' dir='ltr'>Tlci&gt;e</span> <span class='ocrx_word' id='word_1_419' title='bbox 714 2970 937 3042; x_wconf 48' lang='lat' dir='ltr'>eiglgssrt‘izon</span> <span class='ocrx_word' id='word_1_420' title='bbox 953 3009 1036 3043; x_wconf 84' lang='lat' dir='ltr'>Ecce</span> <span class='ocrx_word' id='word_1_421' title='bbox 1057 3010 1090 3043; x_wconf 88' lang='grc' dir='ltr'><em>Τ</em></span> <span class='ocrx_word' id='word_1_422' title='bbox 1085 2966 1286 3043; x_wconf 41' lang='grc' dir='ltr'>ι’ὶὸκεὶῗςῗτῐὲεε</span> <span class='ocrx_word' id='word_1_423' title='bbox 1305 2967 1809 3054; x_wconf 44' lang='grc' dir='ltr'>Οανηὲιῗζῒῗίὲῇὲἧαεεῐίὺεά</span> <span class='ocrx_word' id='word_1_424' title='bbox 1827 2978 1862 3043; x_wconf 65' lang='grc' dir='ltr'>ῐὲ</span> <span class='ocrx_word' id='word_1_425' title='bbox 1878 2978 1935 3043; x_wconf 74' lang='lat' dir='ltr'>tslie</span> <span class='ocrx_word' id='word_1_426' title='bbox 1959 3011 2091 3042; x_wconf 90' lang='lat' dir='ltr'>Roman</span> <span class='ocrx_word' id='word_1_427' title='bbox 2112 2977 2252 3044; x_wconf 59' lang='grc' dir='ltr'>ξοῙᾱὶὲιιὲ</span> 
     </span>
     <span class='ocr_line' id='line_1_41' title="bbox 218 3048 2252 3097; baseline 0.003 -16"><span class='ocrx_word' id='word_1_428' title='bbox 218 3059 264 3081; x_wconf 90' lang='lat' dir='ltr'>on</span> <span class='ocrx_word' id='word_1_429' title='bbox 287 3048 354 3082; x_wconf 79' lang='lat' dir='ltr'>this</span> <span class='ocrx_word' id='word_1_430' title='bbox 375 3049 557 3093; x_wconf 88' lang='lat' dir='ltr'>legendary</span> <span class='ocrx_word' id='word_1_431' title='bbox 571 3052 737 3093; x_wconf 88' lang='lat' dir='ltr'>occasion,</span> <span class='ocrx_word' id='word_1_432' title='bbox 757 3053 785 3085; x_wconf 90' lang='lat' dir='ltr'>is</span> <span class='ocrx_word' id='word_1_433' title='bbox 807 3053 954 3086; x_wconf 89' lang='lat' dir='ltr'>founded</span> <span class='ocrx_word' id='word_1_434' title='bbox 973 3065 1017 3086; x_wconf 91' lang='lat' dir='ltr'>on</span> <span class='ocrx_word' id='word_1_435' title='bbox 1038 3065 1059 3086; x_wconf 87' lang='lat' dir='ltr'>a</span> <span class='ocrx_word' id='word_1_436' title='bbox 1079 3065 1220 3097; x_wconf 86' lang='lat' dir='ltr'>passage</span> <span class='ocrx_word' id='word_1_437' title='bbox 1240 3055 1387 3087; x_wconf 90' lang='lat' dir='ltr'>towards</span> <span class='ocrx_word' id='word_1_438' title='bbox 1408 3056 1465 3089; x_wconf 89' lang='lat' dir='ltr'>the</span> <span class='ocrx_word' id='word_1_439' title='bbox 1483 3056 1549 3088; x_wconf 90' lang='lat' dir='ltr'>end</span> <span class='ocrx_word' id='word_1_440' title='bbox 1566 3055 1606 3088; x_wconf 87' lang='lat' dir='ltr'>of</span> <span class='ocrx_word' id='word_1_441' title='bbox 1623 3055 1680 3088; x_wconf 90' lang='lat' dir='ltr'>the</span> <span class='ocrx_word' id='word_1_442' title='bbox 1698 3058 1706 3073; x_wconf 80' lang='lat'>⁸</span> <span class='ocrx_word' id='word_1_443' title='bbox 1718 3055 1825 3087; x_wconf 88' lang='lat' dir='ltr'>Third</span> <span class='ocrx_word' id='word_1_444' title='bbox 1843 3055 1942 3087; x_wconf 92' lang='lat' dir='ltr'>Muse</span> <span class='ocrx_word' id='word_1_445' title='bbox 1954 3054 1961 3066; x_wconf 94' lang='lat'>&#39;</span> <span class='ocrx_word' id='word_1_446' title='bbox 1984 3054 2019 3086; x_wconf 90' lang='lat' dir='ltr'>in</span> <span class='ocrx_word' id='word_1_447' title='bbox 2045 3054 2114 3086; x_wconf 81' lang='lat' dir='ltr'>The</span> <span class='ocrx_word' id='word_1_448' title='bbox 2136 3055 2252 3087; x_wconf 82' lang='lat' dir='ltr'>Muses</span> 
     </span>
     <span class='ocr_line' id='line_1_42' title="bbox 220 3092 2249 3142; baseline 0.003 -17"><span class='ocrx_word' id='word_1_449' title='bbox 220 3092 408 3126; x_wconf 71' lang='lat' dir='ltr'>Threnodis</span> <span class='ocrx_word' id='word_1_450' title='bbox 422 3093 467 3136; x_wconf 88' lang='lat' dir='ltr'>by</span> <span class='ocrx_word' id='word_1_451' title='bbox 479 3094 558 3127; x_wconf 90' lang='lat' dir='ltr'>Hen</span> <span class='ocrx_word' id='word_1_452' title='bbox 609 3096 796 3134; x_wconf 88' lang='lat' dir='ltr'>Adamson,</span> <span class='ocrx_word' id='word_1_453' title='bbox 811 3097 1022 3140; x_wconf 89' lang='lat' dir='ltr'>Edinburgh‚</span> <span class='ocrx_word' id='word_1_454' title='bbox 1044 3097 1125 3140; x_wconf 82' lang='lat'>1638</span> <span class='ocrx_word' id='word_1_455' title='bbox 1143 3100 1176 3138; x_wconf 90' lang='lat' dir='ltr'>(a</span> <span class='ocrx_word' id='word_1_456' title='bbox 1192 3098 1358 3131; x_wconf 89' lang='lat' dir='ltr'>reference</span> <span class='ocrx_word' id='word_1_457' title='bbox 1374 3099 1440 3132; x_wconf 87' lang='lat' dir='ltr'>due</span> <span class='ocrx_word' id='word_1_458' title='bbox 1459 3104 1495 3132; x_wconf 92' lang='lat' dir='ltr'>to</span> <span class='ocrx_word' id='word_1_459' title='bbox 1510 3099 1568 3132; x_wconf 86' lang='lat' dir='ltr'>the</span> <span class='ocrx_word' id='word_1_460' title='bbox 1587 3098 1886 3142; x_wconf 86' lang='lat' dir='ltr'>Historiographer</span> <span class='ocrx_word' id='word_1_461' title='bbox 1898 3098 1937 3131; x_wconf 91' lang='lat' dir='ltr'>of</span> <span class='ocrx_word' id='word_1_462' title='bbox 1948 3096 2136 3140; x_wconf 89' lang='lat' dir='ltr'>Scotland).</span> <span class='ocrx_word' id='word_1_463' title='bbox 2183 3098 2249 3142; x_wconf 92' lang='lat' dir='ltr'>Cp.</span> 
     </span>
    </p>
   </div>
   <div class='ocr_carea' id='block_1_5' title="bbox 218 3105 2253 3229">
    <p class='ocr_par' dir='ltr' id='par_1_7' title="bbox 218 3105 2253 3229">
     <span class='ocr_line' id='line_1_43' title="bbox 219 3105 2253 3186; baseline 0.003 -18"><span class='ocrx_word' id='word_1_464' title='bbox 219 3135 318 3179; x_wconf 87' lang='lat' dir='ltr'>chap.</span> <span class='ocrx_word' id='word_1_465' title='bbox 334 3136 346 3169; x_wconf 88' lang='lat' dir='ltr'>i</span> <span class='ocrx_word' id='word_1_466' title='bbox 364 3135 444 3180; x_wconf 87' lang='lat' dir='ltr'>(and</span> <span class='ocrx_word' id='word_1_467' title='bbox 466 3105 598 3181; x_wconf 52' lang='lat' dir='ltr'>mottg</span> <span class='ocrx_word' id='word_1_468' title='bbox 612 3139 652 3172; x_wconf 89' lang='lat' dir='ltr'>of</span> <span class='ocrx_word' id='word_1_469' title='bbox 669 3139 724 3173; x_wconf 86' lang='lat' dir='ltr'>Sir</span> <span class='ocrx_word' id='word_1_470' title='bbox 746 3141 876 3174; x_wconf 87' lang='lat' dir='ltr'>Walter</span> <span class='ocrx_word' id='word_1_471' title='bbox 900 3141 1023 3174; x_wconf 88' lang='lat' dir='ltr'>Scott&#39;s</span> <span class='ocrx_word' id='word_1_472' title='bbox 1038 3143 1128 3175; x_wconf 83' lang='lat' dir='ltr'>Fair</span> <span class='ocrx_word' id='word_1_473' title='bbox 1148 3143 1252 3174; x_wconf 85' lang='lat' dir='ltr'>Maid</span> <span class='ocrx_word' id='word_1_474' title='bbox 1270 3142 1312 3184; x_wconf 53' lang='grc' dir='ltr'>ῳ(</span> <span class='ocrx_word' id='word_1_475' title='bbox 1325 3143 1427 3175; x_wconf 77' lang='lat' dir='ltr'>Perth</span> <span class='ocrx_word' id='word_1_476' title='bbox 1454 3143 1580 3186; x_wconf 80' lang='lat'>(183¹)·</span> <span class='ocrx_word' id='word_1_477' title='bbox 1606 3143 1673 3176; x_wconf 91' lang='lat' dir='ltr'>and</span> <span class='ocrx_word' id='word_1_478' title='bbox 1701 3143 1742 3175; x_wconf 87' lang='lat' dir='ltr'>T.</span> <span class='ocrx_word' id='word_1_479' title='bbox 1769 3143 1817 3175; x_wconf 92' lang='lat' dir='ltr'>H.</span> <span class='ocrx_word' id='word_1_480' title='bbox 1842 3142 2034 3175; x_wconf 81' lang='lat' dir='ltr'>Marshan’s</span> <span class='ocrx_word' id='word_1_481' title='bbox 2056 3142 2198 3185; x_wconf 79' lang='lat' dir='ltr'>History</span> <span class='ocrx_word' id='word_1_482' title='bbox 2217 3146 2253 3185; x_wconf 75' lang='lat' dir='ltr'>qs</span> 
     </span>
     <span class='ocr_line' id='line_1_44' title="bbox 218 3180 1452 3229; baseline 0.004 -15"><span class='ocrx_word' id='word_1_483' title='bbox 218 3180 331 3221; x_wconf 70' lang='lat' dir='ltr'>emh,</span> <span class='ocrx_word' id='word_1_484' title='bbox 361 3182 455 3227; x_wconf 86' lang='lat'>1849,</span> <span class='ocrx_word' id='word_1_485' title='bbox 481 3192 540 3226; x_wconf 88' lang='lat' dir='ltr'>pp.</span> <span class='ocrx_word' id='word_1_486' title='bbox 565 3193 617 3223; x_wconf 89' lang='lat'>10,</span> <span class='ocrx_word' id='word_1_487' title='bbox 644 3192 764 3226; x_wconf 84' lang='lat'><strong>521-3‚</strong></span> <span class='ocrx_word' id='word_1_488' title='bbox 791 3185 902 3218; x_wconf 88' lang='lat' dir='ltr'>where</span> <span class='ocrx_word' id='word_1_489' title='bbox 928 3185 985 3218; x_wconf 90' lang='lat' dir='ltr'>the</span> <span class='ocrx_word' id='word_1_490' title='bbox 1016 3185 1196 3218; x_wconf 64' lang='lat' dir='ltr'>Yerenodie</span> <span class='ocrx_word' id='word_1_491' title='bbox 1219 3186 1247 3218; x_wconf 89' lang='lat' dir='ltr'>is</span> <span class='ocrx_word' id='word_1_492' title='bbox 1269 3187 1452 3229; x_wconf 86' lang='lat' dir='ltr'>reprinted.</span> 
     </span>
    </p>
   </div>
   <div class='ocr_carea' id='block_1_6' title="bbox 1206 3269 1279 3310">
    <p class='ocr_par' dir='ltr' id='par_1_8' title="bbox 1206 3269 1279 3310">
     <span class='ocr_line' id='line_1_45' title="bbox 1206 3269 1279 3310; baseline 0.014 -1"><span class='ocrx_word' id='word_1_493' title='bbox 1206 3269 1279 3310; x_wconf 82' lang='grc' dir='ltr'>Ι75</span> 
     </span>
    </p>
   </div>
  </div>
 </body>
</html>
