2704 3770
860 328 932 377 H.
973 329 1047 378 H.
1086 329 1443 394 Montgomem.
1514 329 1584 378 A.
1634 330 1704 378 W.
1744 329 1959 379 Franks.

407 479 447 512 et
472 474 573 513 inter
596 472 747 513 amicos
774 485 912 522 nOVOS,
933 474 1040 513 velut
1065 480 1183 513 antea
1204 473 1306 513 inter
1331 480 1493 521 veteres,
1514 473 1586 514 erit
1612 475 1812 526 exemplar
1833 474 1985 515 scribae
2008 476 2048 514 in
2071 488 2193 526 regno
2212 476 2413 515 caelorum

407 535 528 583 docti,
550 536 601 575 de
621 536 805 576 thesauro
824 548 898 576 suo
917 542 957 575 et
976 548 1080 575 nova
1098 542 1138 575 et
1157 542 1288 575 vetera
1306 535 1568 587 proferentis1.

517 598 635 638 Duco
662 599 715 638 ad
743 611 813 638 vos
841 598 968 638 virum
996 598 1172 646 doctum,
1198 597 1400 646 disertum,
1430 597 1670 649 diligentem,
1699 597 1824 637 virum
1853 611 1936 638 non
1964 597 2096 638 minus
2125 597 2262 638 mitem
2290 611 2412 650 quam

408 659 653 708 munificum,
675 660 801 700 virum
829 673 985 712 semper
1013 659 1215 708 humilem,
1243 673 1400 712 semper
1423 660 1647 710 amabilem,
1671 662 1916 701 W1LELMUM
1945 662 2141 701 ΤΗοΜΑΜ
2168 663 2410 710 HAiuusoN,

407 722 639 773 episcopum
661 723 959 774 Glasguensem.

1213 871 1272 918 23
1309 856 1440 919 May
1481 857 1605 916 1889

513 968 628 1020 (155)
662 968 901 1018 QUAER1T13
932 969 1095 1008 fortasse
1125 967 1213 1018 quis
1241 967 1343 1007 adsit
1373 967 1503 1016 hodie,
1536 967 1742 1007 cuiusnam
1777 969 1914 1007 laudes
1948 981 1994 1007 ea
2024 981 2103 1019 qua
2133 968 2267 1008 soletis
2296 969 2414 1009 bene-

404 1031 577 1072 volentia
597 1031 679 1071 sitis
704 1031 887 1071 audituri.
945 1033 1072 1071 Adest
1101 1030 1170 1070 viri
1199 1032 1250 1070 de
1278 1029 1444 1081 imperio
1473 1038 1609 1070 nostro
1637 1030 1738 1070 inter
1768 1032 1893 1071 Indos
1916 1033 2189 1072 conservando
2214 1033 2412 1083 praeclare

406 1094 554 1135 meriti²
573 1095 675 1133 filius
696 1101 791 1133 natu
812 1093 1014 1133 maximus.
1074 1095 1201 1133 Adest
1227 1094 1387 1133 scholae
1415 1092 1693 1133 Harroviensis
1714 1093 1931 1145 discipulus
1956 1094 2133 1144 eximius,
2155 1094 2223 1146 qui
2244 1094 2412 1146 Collegii

404 1155 464 1196 sui
490 1156 530 1195 in
557 1157 741 1207 magistro
767 1155 957 1207 pueritiae
986 1168 1080 1195 suae
1109 1162 1303 1195 rectorem
1329 1154 1575 1194 carissimum
1605 1154 1790 1206 respicit³.
1850 1156 1978 1195 Adest
2009 1155 2066 1195 vir
2098 1164 2138 1195 et
2166 1156 2267 1196 inter
2294 1157 2411 1196 ludos

403 1226 443 1258 et
458 1218 559 1258 inter
573 1217 672 1257 seria
686 1217 780 1257 olim
798 1217 1034 1269 spectabilis,
1048 1218 1233 1257 ludorum
1249 1218 1289 1255 in
1306 1229 1449 1267 campo
1465 1216 1566 1256 inter
1579 1224 1735 1256 nosmet
1755 1216 1873 1267 ipsos,
1889 1224 1932 1256 ut
1945 1218 2096 1257 Graece
2111 1219 2260 1269 loquar,
2278 1216 2327 1259 εἷς
2340 1220 2412 1257 τῶν

403 1279 541 1327 ἕνδεκα,
562 1280 749 1330 idemque
769 1279 809 1318 in
829 1279 993 1320 seientia
1013 1279 1150 1319 morali
1170 1280 1342 1319 lauream
1362 1292 1412 1318 eo
1431 1279 1635 1318 clariorem
1654 1281 1822 1331 adeptus
1842 1282 1952 1331 quod
1972 1294 2063 1320 cum
2086 1282 2249 1320 alumno
2275 1289 2412 1320 nostro

403 1344 454 1382 de
484 1341 680 1382 Hibernia
710 1341 1023 1381 administranda
1059 1341 1163 1381 bene
1192 1340 1332 1380 merito
1362 1340 1594 1392 participata
1622 1342 1711 1380 est⁴.
1769 1342 1896 1381 Adest
1925 1342 2099 1393 denique
2129 1342 2411 1382 Archidiaconi

402 1404 854 1445 westmonasteriensis⁶
872 1418 1002 1455 gener,
1020 1417 1140 1455 quem
1156 1403 1384 1454 eloquentia
1399 1402 1514 1442 solita
1529 1416 1641 1442 socer
1655 1403 1740 1454 ipse
1760 1416 1886 1454 nuper
1900 1405 2029 1455 palam
2047 1405 2224 1444 hortatus
2244 1412 2314 1453 est,
2329 1418 2410 1456 quo

401 1468 466 1508 die
487 1466 824 1507 Westmonasterii
844 1467 885 1505 in
904 1468 1004 1506 aede
1025 1466 1237 1506 venerabili
1257 1465 1495 1505 Tasmaniae
1515 1466 1726 1517 episcopus
1746 1474 1907 1518 quartus
1927 1475 1985 1517 est
2005 1475 2268 1508 consecratus.

509 1531 603 1581 Ipsa
639 1542 732 1568 vero
769 1528 994 1575 Tasmania,
1029 1528 1087 1567 uti
1124 1529 1248 1567 nostis
1286 1526 1371 1578 ipsi,
1411 1541 1494 1567 non
1531 1527 1643 1567 aliter
1679 1528 1912 1578 Australiae,
1952 1542 2073 1580 quam
2110 1529 2246 1569 Vectis
2284 1531 2412 1570 insula

402 1591 628 1631 Britanniae
656 1589 844 1630 subiacet.
905 1591 1019 1629 Haec
1048 1589 1279 1640 episcopum
1309 1596 1489 1628 nostrum
1518 1596 1623 1628 trans
1653 1589 1775 1629 maria
1804 1603 1946 1641 magna
1968 1604 2050 1630 non
2079 1590 2163 1631 sine
2191 1593 2410 1632 amicorum

400 1653 598 1693 desiderio
618 1652 936 1704 proficiscentem
956 1652 1120 1691 fortasse
1140 1651 1279 1690 ultima
1298 1651 1533 1703 prospiciet:
1563 1651 1640 1698 illa,
1663 1658 1748 1691 toto
1768 1651 1874 1691 orbis
1894 1659 2083 1691 terrarum
2102 1653 2229 1704 spatio
2248 1666 2272 1693 a
2294 1653 2411 1693 nobis

399 1715 534 1764 divisa,
566 1716 739 1756 eundem
771 1728 852 1754 non
883 1714 969 1754 sine
999 1714 1179 1754 omnium
1214 1715 1410 1754 bonorum
1442 1715 1588 1765 gaudio
1622 1714 1697 1753 sibi
1735 1716 1928 1754 donatum
1962 1716 2178 1767 aliquando
2212 1717 2408 1756 salutabit.

401 1778 493 1827 Qua
512 1778 563 1818 de
583 1791 624 1817 re
643 1777 732 1828 quis
751 1789 833 1816 non
853 1781 995 1828 poetae
1014 1775 1177 1815 laureati
1196 1789 1356 1815 carmen
1380 1775 1478 1815 illud
1501 1775 1632 1815 statim
1659 1776 1939 1825 recordabitur,
1962 1790 2082 1828 quem
2109 1778 2244 1818 Vectis
2269 1778 2408 1828 insula,

400 1854 519 1892 quem
540 1839 754 1889 Britannia,
776 1852 892 1879 suum
913 1851 999 1879 esse
1018 1838 1204 1890 gloriatur
1215 1840 1287 1878 Ρ-

831 1914 961 1962 Quale
987 1912 1101 1952 iubar
1128 1913 1301 1964 primum
1329 1914 1417 1952 velo
1446 1926 1469 1952 e
1497 1914 1694 1953 candente
1723 1914 1876 1954 renidet

831 1967 941 2006 navis
970 1968 1121 2007 devexo
1150 1974 1306 2006 nostros
1334 1966 1536 2006 referentis
1564 1967 1616 2006 ab
1644 1969 1792 2008 Austro
1805 1981 1817 2016 3

830 2022 948 2071 quale
976 2020 1089 2060 iubar
1117 2034 1319 2060 summum
1348 2033 1460 2060 rosea
1488 2022 1574 2060 face
1602 2021 1765 2061 carbasa
1793 2022 1907 2073 tingit

831 2088 933 2125 quae
962 2074 1203 2114 desiderium
1232 2081 1411 2114 nostrum
1442 2074 1517 2114 sub
1545 2088 1741 2115 marmora
1767 2083 1948 2127 mergunt
1961 2091 1973 2125 3

830 2136 910 2167 tam
939 2130 1087 2168 laetum
1115 2136 1294 2168 actorum
1323 2136 1491 2179 tempus,
1522 2136 1604 2168 tam
1633 2129 1752 2178 triste,
1784 2130 1966 2169 dierum⁶.

506 2204 585 2243 Sed
610 2203 707 2254 quid
732 2202 797 2242 die
819 2210 901 2241 tam
920 2203 1049 2241 fausto
1069 2201 1191 2241 tristia
1211 2215 1301 2241 cum
1322 2201 1433 2241 laetis
1456 2201 1732 2253 intempestive
1758 2203 2093 2243 commiscemus?
2149 2205 2181 2242 F
2182 2203 2406 2245 elicioribus

397 2268 530 2318 potius
548 2264 733 2316 auspiciis
752 2266 958 2304 alumnum
978 2271 1157 2304 nostrum
1177 2264 1420 2303 Academiae
1436 2263 1599 2303 nomine
1614 2271 1653 2303 et
1673 2265 1820 2303 salvere
1840 2264 1960 2304 hodie
1980 2272 2019 2304 et
2038 2266 2166 2305 valere
2185 2265 2403 2307 iubeamus.

509 2330 626 2367 Duco
644 2328 696 2367 ad
715 2339 785 2366 vos
809 2326 932 2366 virum
957 2326 1175 2365 admodum
1200 2326 1472 2371 reverendum,
1494 2327 1734 2364 HENRICUM
1764 2326 2054 2365 HUTCHINSON
2083 2328 2404 2375 MONTGOMERY,

398 2391 550 2430 insulae
568 2389 806 2429 Tasmaniae
825 2389 1069 2440 episcopum.

1223 2519 1252 2563 6
1277 2515 1418 2581 sune
1461 2517 1585 2576 1889

503 2627 617 2680 (156)
641 2629 777 2667 INTER
793 2628 863 2666 has
880 2627 1087 2666 Musarum
1103 2626 1228 2675 sedes,
1246 2626 1388 2665 artium
1404 2626 1627 2666 liberalium
1647 2627 1786 2666 studiis
1806 2634 2066 2676 consecratas,
2084 2621 2277 2678 quantum
2297 2628 2405 2669 iuvat

394 2690 519 2730 virum
549 2692 716 2730 salutare
745 2703 837 2729 cum
866 2689 990 2728 tribus
1019 2689 1209 2740 deinceps
1235 2689 1441 2728 doctrinae
1469 2689 1691 2737 domiciliis,
1713 2689 1884 2741 primum
1912 2704 2004 2730 cum
2031 2693 2167 2730 schola
2196 2692 2402 2739 Etonensi,

394 2753 541 2793 deinde
553 2752 756 2792 Trinitatis
769 2765 860 2791 cum
875 2752 1065 2803 Collegio,
1084 2752 1257 2803 denique
1270 2765 1363 2791 cum
1379 2754 1523 2791 Museo
1537 2752 1777 2802 Britannico,
1793 2766 1874 2792 non
1887 2753 1972 2793 sine
1984 2755 2102 2793 laude
2117 2754 2400 2802 consociatum,

481 2854 494 2875 ¹
516 2854 641 2887 Matth.
658 2855 715 2887 xiii
733 2864 784 2895 5²·
969 2852 982 2873 ²
1005 2853 1059 2886 Sir
1076 2854 1205 2886 Robert
1222 2854 1469 2896 Montgomery,
1488 2854 1631 2891 K.C.B.,
1649 2854 1806 2887 G.C.S.I.
1989 2852 2002 2873 ³
2027 2855 2072 2886 H.
2095 2855 2144 2885 M.
2163 2854 2287 2893 Butler,
2306 2855 2400 2887 D.D.

395 2897 409 2917 ⁴
432 2897 617 2930 Bracketed
633 2898 713 2930 with
731 2898 787 2929 Mr
802 2898 844 2930 A.
859 2897 897 2959 J²⁵
910 2897 1050 2972 Ῑὲἴῌουῖἱ
1060 2897 1095 2929 in
1111 2896 1658 2972 blglogalfiffsciznetngiiiipZSRKSQA
1680 2950 1700 2972 a
1722 2941 1782 2972 san
1825 2896 1839 2916 ⁶
1864 2898 1903 2929 F.
1923 2897 1978 2929 W.
1998 2898 2127 2934 Farrar‚
2147 2898 2239 2929 D.D.

945 2951 1034 3016 Τῖιῗῑ
1057 2951 1170 3026 δῖῗηςς
1192 2993 1252 3015 our
1275 2983 1397 3015 friends
1419 2950 1650 3025 gp.fromgthe
1672 2965 1895 3023 underivorld,

946 3027 1014 3060 Sad
1037 3037 1073 3059 as
1095 3027 1152 3059 the
1175 3027 1238 3059 last
1261 3026 1370 3058 which
1392 3026 1534 3058 reddens
1557 3036 1637 3058 over
1659 3036 1723 3059 one

948 3071 1037 3102 That
1061 3070 1152 3102 sinks
1177 3070 1255 3102 with
1278 3071 1323 3101 all
1346 3080 1396 3102 we
1419 3070 1494 3101 love
1516 3070 1625 3102 below
1648 3069 1704 3102 the
1726 3080 1847 3111 verge;

948 3113 994 3146 So
1017 3114 1087 3150 sad,
1111 3124 1148 3145 so
1171 3113 1270 3152 fresh,
1295 3113 1352 3145 the
1375 3113 1455 3154 days
1478 3113 1549 3145 that
1573 3123 1628 3145 are
1650 3123 1694 3145 no
1717 3123 1809 3145 more
1821 3112 1841 3145 '.

1539 3156 1639 3188 From
1668 3156 1735 3188 The
1757 3157 1920 3196 Prz‘ncess,
1947 3156 2080 3194 ‘Tears,
2104 3156 2171 3189 idle
2193 3157 2313 3189 tears’.

1368 3225 1416 3272 78
