2704 3770
402 319 498 367 Sir
523 319 633 369 Geo.
667 320 854 369 Goldie.
928 321 1024 369 Sir
1042 321 1112 370 A.
1142 321 1195 369 A
1202 321 1356 370 rnold.
1431 321 1526 370 Sir
1537 322 1593 388 s.
1623 322 1777 371 Kz'rk.
1851 322 1947 371 Sir
1980 324 2088 372 Wm
2113 325 2184 373 H.
2227 291 2400 375 While.

510 464 623 518 (272)
656 467 855 505 AFRICAM
889 468 1110 517 explorasse
1142 465 1260 505 etiam
1291 465 1376 505 aliis
1407 465 1572 517 contigit
1586 479 1597 514 3
1634 465 1807 505 fluminis
1846 465 1958 517 Nigri
1994 466 2035 505 in
2073 466 2165 518 ripis
2202 467 2404 519 regionem

399 525 635 566 immensam
657 527 854 567 Britannis
874 527 1024 567 fortiter
1042 527 1264 567 vindicasse
1283 535 1323 567 et
1342 528 1556 579 prudenter
1577 526 1872 567 administrasse
1894 527 1964 567 viri
1987 527 2151 568 huiusce
2174 530 2404 580 praesertim

399 587 501 628 inter
546 590 684 629 laudes
731 597 968 629 numeratur.
1027 591 1121 630 Non
1168 591 1292 630 modo
1341 590 1567 639 Hannonis,
1608 589 1854 629 coloniarum
1902 590 2140 630 Punicarum
2187 591 2403 632 conditoris

398 651 653 701 celeberrimi,
675 653 746 692 sed
769 652 887 692 etiam
911 652 1098 704 principis
1123 652 1300 701 Henrici,
1323 652 1571 704 Navigatoris
1597 651 1772 703 insignis,
1792 651 1956 703 gloriam
1975 655 2206 703 aemulatus,
2228 654 2402 694 Africam

397 714 687 755 occidentalem
723 715 831 767 pacis
863 715 1071 767 triumphis
1103 715 1324 756 identidem
1356 714 1570 755 illustravit.
1631 715 1747 754 Idem
1784 714 1904 755 etiam
1942 715 1997 755 rei
2029 716 2204 756 militaris
2242 717 2400 768 peritus,

396 776 671 829 indigenarum
705 779 849 830 copias,
885 778 1117 830 disciplinae
1153 785 1310 818 nostrae
1347 779 1596 826 assuefactas‚
1637 777 1810 817 hostium
1845 785 2069 818 nostrorum
2106 779 2402 820 multitudinem

396 840 598 892 ingentem
641 842 778 882 docuit
817 849 1083 882 contemnere.
1142 843 1258 893 Ergo,
1297 840 1496 881 sociorum
1534 848 1758 880 nostrorum
1796 840 1935 880 ordine
1973 841 2084 892 nigro
2121 842 2401 883 instructorum

396 902 668 944 fortitudinem
703 912 895 955 expertus,
930 917 1050 944 nemo
1082 904 1248 954 posthac
1278 902 1453 942 hostium
1486 915 1534 942 ex
1566 902 1744 953 equitatu
1774 903 1891 942 Afros
1923 910 2077 943 nostros
2105 903 2378 955 aspernabitur
2390 917 2402 953 3

397 977 516 1005 nemo
545 965 639 1005 belli
667 966 768 1006 inter
795 967 986 1017 procellas
1014 965 1178 1006 audebit
1205 964 1382 1005 arbitrari
1397 980 1461 1004 :—

881 1040 957 1080 ‘nil
986 1042 1095 1080 color
1122 1040 1186 1080 hic
1207 1070 1214 1079 .
1238 1070 1246 1079 .
1270 1069 1302 1088 .,
1333 1039 1389 1079 nil
1416 1039 1537 1080 fascia
1563 1039 1673 1091 nigra
1700 1040 1922 1080 minatur’1.

503 1117 621 1156 Duco
658 1117 710 1156 ad
747 1129 817 1156 vos
847 1115 973 1155 virum
1006 1117 1057 1156 de
1082 1115 1247 1167 imperio
1276 1122 1412 1155 nostro
1444 1115 1546 1155 inter
1578 1116 1695 1155 Afros
1727 1116 1985 1166 propagando
2018 1116 2168 1167 optime
2201 1116 2395 1167 meritum,

395 1178 530 1218 Sancti
551 1178 711 1229 Georgii
730 1191 777 1218 ex
797 1177 936 1218 ordine
956 1177 1132 1229 equitem
1151 1176 1403 1229 intrepidum,
1427 1178 1662 1217 GEORGIUM
1684 1178 1931 1216 DASHwooi)
1951 1178 2169 1217 TAUBMAN
2190 1179 2367 1220 GOLDm.

503 1300 615 1354 (273)
637 1303 816 1341 Domum
835 1300 1033 1352 paulisper
1052 1300 1204 1347 reversi,
1221 1299 1347 1339 virum
1368 1299 1565 1351 egregium
1586 1299 1775 1351 deinceps
1795 1300 2121 1350 contemplamur,
2139 1299 2218 1351 qui,
2240 1300 2335 1340 olim
2355 1301 2396 1341 in

392 1363 490 1403 actis
524 1363 673 1404 diurnis
706 1363 871 1403 edendis
905 1377 987 1403 non
1020 1362 1208 1414 ignotus-³,
1241 1369 1281 1402 et
1316 1364 1499 1412 Europae
1532 1369 1571 1401 et
1604 1361 1723 1402 Asiae
1757 1369 1796 1402 et
1829 1362 1985 1402 Africae
2014 1369 2144 1413 partes
2172 1365 2396 1415 complures

390 1426 617 1478 peragravit,
638 1433 859 1477 peragratas
879 1425 1016 1465 litteris
1035 1424 1250 1465 illustravit.
1309 1424 1391 1475 Qui
1416 1424 1562 1464 abhinc
1590 1438 1717 1465 annos
1742 1427 1830 1477 plus
1857 1439 1977 1477 quam
2003 1426 2160 1477 triginta
2185 1426 2396 1467 comitatus

391 1487 700 1527 Lancastriensis
738 1488 842 1527 fame
884 1487 969 1527 dira
1010 1486 1187 1538 oppressi
1228 1488 1391 1526 annales
1437 1486 1653 1526 litterarum
1699 1487 1968 1528 monumentis
2015 1488 2247 1536 mandavit³,
2287 1488 2395 1529 idem

390 1551 600 1591 comitatus
632 1550 914 1591 Londiniensis
948 1552 999 1591 de
1028 1549 1209 1598 concilio,
1237 1550 1419 1589 laborum
1448 1549 1668 1601 ingentium
1697 1549 1803 1589 sitim
1831 1550 2067 1590 immensam
2096 1550 2165 1591 diu
2193 1564 2393 1603 perpesso,

387 1614 585 1663 praeclare
622 1620 681 1653 est
718 1613 891 1653 meritus.
950 1612 1133 1654 Concilio
1171 1619 1282 1652 tanto
1320 1611 1491 1651 maxima
1528 1625 1620 1651 cum
1657 1613 1776 1652 laude
1813 1612 1898 1652 sine
1935 1614 2016 1652 ullo
2053 1612 2224 1664 partium
2260 1613 2394 1654 studio

386 1676 599 1726 praefuisse
625 1676 744 1716 etiam
777 1675 848 1715 viri
880 1674 1062 1726 primarii,
1094 1674 1265 1725 partium
1292 1673 1513 1713 liberalium
1542 1688 1668 1725 nuper
1695 1674 1900 1724 ductoris⁴,
1923 1674 2024 1714 inter
2052 1676 2223 1715 honores
2252 1675 2393 1716 merito

387 1745 624 1778 numeratur.
683 1740 801 1777 Duco
827 1739 878 1777 ad
904 1750 974 1776 vos
997 1736 1159 1776 honoris
1185 1736 1363 1776 eiusdem
1390 1749 1460 1787 per
1485 1736 1690 1776 biennium
1716 1736 1958 1788 participem,
1980 1737 2155 1788 equitem
2181 1737 2391 1789 egregium,

387 1802 640 1839 ARTHURUM
659 1802 855 1839 ARNoLD.

494 1920 607 1973 (274)
627 1920 734 1960 Anni
747 1933 871 1971 prope
890 1918 1150 1970 quadraginta
1169 1925 1260 1958 sunt
1280 1918 1437 1970 peracti,
1460 1932 1508 1958 ex
1527 1931 1607 1970 quo
1627 1919 1668 1958 in
1688 1920 1765 1959 hoc
1784 1919 1871 1971 ipso
1886 1921 1976 1959 loco
1993 1919 2238 1960 Universitas
2258 1929 2391 1962 nostra

384 1983 540 2023 Africae
578 1996 739 2023 causam
777 1981 930 2033 egregie
967 1988 1145 2020 orantem
1184 1980 1334 2020 audivit
1372 1980 1719 2032 Livingstonium⁵.
1780 1982 1933 2021 Eadem
1972 1982 2093 2021 hodie
2131 1982 2391 2034 Livingstonii

384 2047 571 2086 comitem
591 2045 876 2093 fidelissimum,
900 2043 1161 2094 Livingstonii
1180 2043 1401 2083 adiutorem
1422 2043 1617 2094 optimum
1633 2043 1801 2083 libenter
1820 2045 1973 2091 salutat,
1990 2044 2116 2083 virum
2136 2044 2388 2085 scientiarum

382 2109 500 2147 laude
533 2107 739 2158 insignem,
776 2106 925 2158 Regiae
964 2105 1170 2145 Societatis
1203 2104 1367 2152 socium,
1402 2118 1426 2144 a
1459 2104 1656 2144 Societate
1690 2105 1816 2156 Regia
1846 2105 2120 2157 Geographica
2150 2106 2389 2147 numismate
2416 2150 2420 2153 ,

382 2183 502 2210 aureo
530 2172 735 2215 donatum,
767 2169 920 2208 Africae
951 2167 1124 2219 denique
1152 2168 1193 2206 in
1222 2167 1334 2206 litore
1363 2167 1543 2207 orientali
1575 2181 1645 2218 per
1676 2181 1803 2208 annos
1830 2169 2020 2220 plurimos
2049 2169 2275 2210 Britanniae
2304 2184 2390 2222 pro-

381 2240 602 2273 curatorem
628 2233 882 2272 indefessum.
940 2231 1024 2270 Viri
1050 2230 1215 2270 huiusce
1241 2230 1433 2281 imprimis
1458 2230 1613 2279 auxilio,
1636 2244 1762 2282 nuper
1785 2231 1826 2270 in
1849 2231 1916 2271 illa
1934 2232 2091 2272 Africae
2110 2232 2269 2283 regione
2289 2233 2388 2272 servi

381 2308 504 2346 prope
527 2308 666 2335 omnes
692 2294 733 2333 in
756 2294 978 2333 libertatem
1004 2292 1192 2332 vindicati
1218 2299 1320 2340 sunt,
1343 2299 1382 2331 et
1408 2292 1603 2332 beneficia
1630 2292 1828 2332 Britannis
1855 2292 1950 2332 olim
1974 2293 2086 2344 quasi
2114 2293 2242 2345 primo
2270 2308 2388 2334 mane

381 2357 568 2397 divinitus
588 2359 747 2406 donata,
769 2369 876 2395 nunc
896 2357 1060 2395 demum
1080 2354 1192 2406 quasi
1211 2367 1372 2405 vespere
1392 2367 1479 2394 sero
1498 2353 1539 2393 in
1561 2355 1744 2394 Afrorum
1763 2362 1900 2405 gentes
1920 2368 1942 2394 e
1962 2356 2074 2395 caelo
2093 2356 2352 2396 descendunt.

838 2432 948 2470 ‘Nos
969 2461 977 2470 .
1000 2462 1008 2470 .
1030 2430 1180 2481 primus
1208 2429 1320 2481 equis
1350 2429 1492 2470 Oriens
1521 2429 1681 2469 adflavit
1708 2430 1861 2470 anhelis
1874 2445 1885 2480 ς

861 2484 941 2524 illic
969 2498 1054 2525 sera
1081 2485 1227 2524 rubens
1255 2483 1439 2524 accendit
1466 2483 1617 2524 lumina
1645 2483 1849 2536 Vesper'fl.

486 2563 603 2600 Duco
631 2561 684 2600 ad
711 2573 782 2600 vos
810 2559 936 2599 virum
965 2566 1005 2599 et
1033 2560 1084 2599 de
1111 2557 1216 2597 Afris
1245 2565 1284 2597 et
1312 2558 1364 2598 de
1390 2557 1589 2598 Britannis
1615 2559 1813 2610 praeclare
1836 2558 2030 2608 meritum,
2060 2559 2195 2607 Sancti
2223 2559 2383 2612 Georgii

377 2622 552 2673 equitem
572 2622 774 2670 illustrem,
799 2622 1003 2660 IOANNEM
1027 2622 1156 2660 Kum-

485 2744 598 2797 (275)
619 2744 726 2784 Olim
742 2742 844 2782 inter
863 2741 1137 2790 Athenienses,
1152 2754 1244 2780 cum
1264 2741 1381 2780 rebus
1401 2741 1504 2780 bene
1523 2740 1642 2791 gestis
1662 2741 1851 2780 Senatum
1870 2740 2083 2791 quotannis
2104 2740 2283 2780 coronari
2295 2754 2382 2780 mos

376 2815 489 2856 esset,
525 2807 678 2847 etiarnsi
708 2806 858 2857 reliqua
889 2805 990 2844 iuste
1023 2803 1246 2855 peregisset,
1279 2817 1399 2843 naves
1429 2810 1563 2843 autem
1594 2803 1755 2842 bellicas
1785 2816 1868 2842 non
1900 2802 2160 2850 aedificasset,
2192 2815 2381 2842 coronam

375 2882 538 2920 poscere
563 2881 646 2908 non
671 2867 847 2907 licebat⁷.
905 2868 1002 2915 Nos,
1025 2865 1094 2916 qui
1119 2865 1285 2917 imperio
1314 2865 1487 2905 maximo
1512 2878 1582 2916 per
1610 2878 1750 2905 omnes
1777 2864 1882 2904 orbis
1908 2872 2097 2905 terrarum
2122 2871 2251 2916 partes
2275 2871 2381 2904 trans

462 2972 473 2994 1
494 2973 647 3015 Juvenal,
667 2972 722 3003 xiv
740 2981 813 3014 294.
859 2970 915 3003 On
934 2979 970 3011 17
989 2971 1071 3012 May
1087 2970 1140 3003 Sir
1156 2970 1288 3012 George
1304 2969 1427 3002 Goldie
1441 2967 1509 3001 ha'd
1525 2969 1608 3007 said,
1627 2968 1665 3000 of
1674 2968 1730 3000 the
1746 2967 1858 3001 heroic
1874 2978 2016 3010 courage
2031 2967 2070 2999 of
2077 2967 2134 3000 the
2151 2967 2260 3009 Royal
2272 2966 2379 3016 Niger

375 3016 578 3058 Company’s
595 3016 712 3047 Hausa
727 3021 840 3056 troops
855 3014 890 3046 in
906 3015 962 3046 the
979 3014 1237 3055 Niger-Soudan
1252 3014 1344 3052 War,
1363 3013 1435 3044 that
1454 3013 1532 3044 ‘the
1553 3013 1632 3044 time
1653 3011 1766 3044 would
1786 3021 1882 3044 come
1903 3011 2001 3043 when
2022 3011 2078 3042 the
2098 3011 2172 3042 thiu
2192 3010 2291 3042 black
2310 3010 2378 3042 line

374 3059 413 3091 of
424 3060 508 3091 Bida
527 3059 634 3091 would
651 3058 777 3090 receive
794 3058 890 3099 equal
907 3057 1012 3089 credit
1028 3057 1109 3088 with
1125 3057 1182 3089 the
1198 3057 1270 3089 thin
1286 3057 1343 3088 red
1360 3056 1427 3088 line
1443 3055 1480 3087 of
1493 3055 1633 3097 English
1643 3055 1768 3096 history
1779 3055 1799 3087 ’.
1938 3053 1952 3073 ²
1974 3054 2048 3086 The
2064 3054 2132 3087 first
2149 3054 2256 3086 editor
2271 3053 2310 3085 of
2322 3052 2378 3084 the

373 3103 475 3134 Echo.
619 3101 633 3121 ³
656 3103 796 3142 History
810 3101 910 3143 qftlte
923 3101 1128 3132 Lancashire
1148 3101 1261 3132 Cotton
1278 3101 1418 3131 Famine
1434 3098 1510 3139 (186
1516 3098 1601 3141 3-6).
1750 3098 1764 3118 ⁴
1788 3098 1878 3130 Lord
1896 3098 2076 3139 Rosebery.
2220 3096 2234 3116 ⁵
2256 3110 2276 3138 4
2293 3097 2377 3128 Dec.

376 3148 469 3187 1857.
603 3144 616 3165 ⁶
639 3145 757 3186 Virgil,
783 3144 892 3186 Georg.
911 3144 922 3175 i
940 3152 1022 3183 2503
1045 3154 1099 3185 cp.
1116 3154 1172 3175 no.
1190 3144 1242 3182 80,
1261 3148 1338 3175 note
1355 3144 1374 3175 8
1390 3147 1504 3184 supra.
1637 3141 1650 3162 ⁷
1675 3141 1929 3180 Demosthenes,
1948 3146 2061 3173 contra
2077 3141 2325 3179 Androtz'onem,
2345 3140 2376 3171 8.

1337 3232 1408 3269 132
