2704 3770
942 324 991 371 T
983 323 1166 371 heodor
1196 323 1359 371 Zalm.
1429 323 1670 387 Fridtjcff
1691 324 1918 373 Nansen.

418 469 663 522 explicandis
700 468 864 509 feliciter
900 467 1095 508 adhibuit.
1152 469 1296 519 Neque
1334 469 1518 519 Europae
1555 475 1710 507 tantum
1745 467 1922 507 terminis
1954 467 2140 516 inclusus,
2176 467 2295 508 etiam
2329 467 2431 508 inter

417 534 554 573 fratres
591 539 747 572 nostros
785 530 1079 579 transmarinos,
1115 530 1303 570 scientiae
1340 544 1434 570 suae
1467 530 1669 581 provincia
1699 537 1783 570 tota
1815 530 2018 582 colloquio
2051 530 2228 570 familiari
2262 530 2431 571 breviter

417 607 613 646 percursa,
635 593 737 633 inter
756 592 832 632 alia
851 591 1026 632 ostendit
1046 591 1234 632 scientiae
1253 592 1356 631 illius
1376 591 1577 643 regionem
1597 605 1736 643 puram
1759 590 1818 642 (ut
1837 591 1964 645 aiunt)
1985 605 2008 631 a
2027 591 2192 631 scientia
2211 593 2351 632 eadem
2377 593 2430 633 ad
2481 621 2484 624 >

419 670 536 696 usum
574 655 821 695 cotidianum
859 653 1040 693 adhibita
1077 667 1159 693 non
1198 653 1284 693 sine
1321 653 1497 705 periculo
1535 667 1653 704 posse
1690 652 1823 693 divelli
1837 667 1848 702 3
1890 667 1941 693 ne
1974 666 2228 693 numerorum
2266 653 2430 704 quidem

418 718 582 769 θεωρίαν,
604 731 725 770 quam
745 717 955 769 gloriatum
981 730 1067 756 esse
1091 717 1313 767 quendam¹
1333 716 1511 756 utilitatis
1533 717 1687 755 macula
1706 717 1887 756 nondum
1914 729 2001 755 esse
2024 715 2283 767 inquinatam,
2304 717 2432 756 solam

418 796 488 834 per
507 795 549 822 se
568 795 686 834 posse
706 781 875 832 separari
883 782 906 819 ².
965 782 1070 831 Ergo
1090 779 1278 819 scientiae
1298 779 1602 819 mathematicae
1621 786 1750 830 partes
1770 792 1910 818 omnes
1930 778 2118 818 societate
2138 779 2312 828 quadarn
2330 777 2433 818 inter

420 859 462 886 se
481 845 715 885 coniunctas
735 857 822 884 esse
841 843 1010 883 libenter
1028 842 1246 893 accipimus
1260 856 1271 890 3
1301 855 1432 892 neque
1452 841 1583 881 minus
1602 840 1771 881 libenter
1794 842 2030 880 confitemur
2053 839 2174 880 hodie
2199 853 2281 880 non
2308 840 2432 880 modo

419 921 561 948 omnes
581 907 785 948 doctrinae
809 908 934 955 sedes,
957 907 1029 946 sed
1048 905 1168 946 etiam
1187 912 1325 957 gentes
1345 918 1498 952 omnes,
1518 904 1587 944 ubi
1607 903 1789 944 doctrina
1807 904 1848 943 in
1869 905 2020 943 honore
2040 911 2109 952 est,
2128 901 2432 944 necessitudinis

421 969 589 1010 vinculis
608 969 815 1010 artissimis
834 969 936 1009 inter
955 982 1042 1009 sese
1062 982 1148 1008 esse
1168 967 1427 1008 consociatas.

530 1034 648 1072 Duco
667 1033 721 1072 ad
740 1045 811 1072 vos
831 1030 1021 1071 scientiae
1041 1029 1347 1081 mathematicae
1366 1030 1630 1081 professorem
1651 1028 1992 1081 Goettingensem,
2020 1030 2211 1068 FEmcEM
2236 1030 2391 1067 KLEm.

530 1163 644 1217 (260)
678 1166 765 1204 Iam
799 1163 893 1203 inde
923 1163 975 1202 ab
1010 1162 1165 1202 Erasmi
1196 1170 1376 1213 tempore
1403 1160 1651 1201 Testamenti
1679 1160 1821 1201 Graeci
1850 1160 2026 1201 studium
2056 1168 2302 1213 quantopere
2331 1161 2433 1202 inter

421 1234 579 1267 nosmet
605 1226 714 1278 ipsos
740 1225 925 1272 floruerit,
954 1223 1105 1264 nemini
1131 1223 1322 1275 ignotum.
1381 1223 1649 1274 Collegiorum
1675 1230 1901 1262 nostrorum
1923 1222 1965 1262 in
1991 1224 2093 1262 uno⁸
2117 1223 2212 1263 olim
2235 1223 2324 1263 libri
2346 1223 2432 1263 eius

421 1289 610 1329 incohata
643 1296 703 1328 est
732 1287 866 1336 editio,
899 1300 1002 1338 quae
1027 1287 1154 1338 prima
1180 1286 1361 1326 omnium
1395 1300 1417 1325 e
1447 1287 1556 1337 prelo
1586 1285 1776 1337 prodiit⁴;
1813 1300 1861 1325 ex
1887 1285 1966 1325 alio
1992 1299 2118 1337 nuper
2139 1286 2228 1326 libri
2251 1286 2430 1327 eiusdem

420 1351 545 1391 critici
570 1350 743 1402 insignes
772 1351 996 1401 complures
1027 1349 1215 1397 exierunt,
1246 1349 1348 1388 inter
1381 1362 1482 1400 quos
1511 1362 1636 1388 unum
1666 1361 1713 1388 ex
1741 1348 1938 1400 episcopis
1968 1348 2319 1398 Dunelmensibus,
2348 1362 2433 1389 non

422 1414 545 1452 modo
575 1411 710 1452 Sancti
739 1411 851 1451 Pauli
880 1413 951 1451 sed
980 1411 1099 1450 etiam
1130 1410 1274 1462 Ignatii
1304 1409 1559 1461 epistolarum
1585 1409 1789 1458 editorem,
1815 1423 1898 1450 non
1924 1409 2009 1450 sine
2032 1409 2230 1450 desiderio
2255 1410 2433 1451 nomina·

421 1475 543 1514 verim
551 1473 574 1513 ⁵.
635 1475 697 1513 Eo
717 1473 903 1513 libentius
924 1472 1040 1524 igitur
1058 1473 1225 1512 alterum
1246 1471 1391 1523 Ignatii
1410 1471 1614 1519 editorem,
1636 1473 1802 1511 alterum
1823 1470 2071 1510 Testamenti
2091 1470 2233 1511 Graeci
2252 1471 2432 1521 criticum

420 1535 615 1587 insignem
649 1533 770 1574 hodie
803 1536 1030 1582 salutamus,
1061 1533 1188 1572 virum
1217 1535 1495 1585 theologorum
1523 1547 1616 1572 cum
1647 1534 1783 1572 schola
1811 1531 2127 1584 Cantabrigiensi
2159 1533 2322 1573 nomine
2350 1546 2433 1575 non

421 1612 503 1638 uno
536 1597 808 1645 coniunctum,
842 1596 912 1648 qui
945 1595 1193 1636 Testamenti
1227 1596 1333 1636 Novi
1367 1595 1544 1637 Canonis
1577 1595 1762 1636 historiae
1799 1593 2123 1640 conscribendae
2149 1608 2249 1647 opus
2279 1595 2431 1647 ingens,

422 1659 746 1711 disquisitionum
778 1665 970 1710 apparatu
1004 1671 1149 1709 magno
1182 1657 1431 1706 instructum,
1459 1657 1687 1698 dedicavit⁶.
1748 1658 1881 1707 Quam
1907 1656 2061 1696 infinita
2091 1656 2282 1697 industria
2311 1657 2431 1698 etiam

422 1722 551 1774 operis
578 1721 775 1773 deperditi
803 1720 1162 1761 conformationem
1191 1727 1328 1769 totam,
1359 1720 1586 1772 fragmentis
1613 1720 1697 1760 eius
1724 1720 1931 1772 diligenter
1959 1719 2173 1769 collocatis,
2198 1720 2431 1762 divinavit⁷l

422 1784 620 1834 Quotiens
649 1798 696 1824 ea
724 1797 837 1835 quae,
860 1783 1147 1823 observationis
1174 1791 1381 1823 accuratae
1409 1783 1574 1835 augurio
1602 1797 1707 1832 usus,
1730 1783 1824 1823 olim
1851 1783 2147 1836 praesagiverat,
2175 1791 2315 1835 postea
2341 1798 2433 1825 vera

421 1860 508 1886 esse
536 1846 796 1897 comprobata
824 1848 940 1885 sunt!
998 1847 1103 1896 Ergo
1130 1845 1391 1896 Euripideum
1421 1845 1529 1893 illud,
1561 1846 1671 1896 quod
1695 1846 1929 1884 Plutarchus
1957 1845 1999 1886 in
2025 1845 2160 1885 libello
2188 1846 2240 1886 de
2272 1846 2431 1887 defectu

421 1909 670 1948 oraculorum
690 1907 917 1959 conscripto
938 1907 1094 1958 negavit
1114 1921 1200 1946 esse
1222 1921 1370 1954 verum,
1392 1907 1516 1947 Verbi
1543 1907 1678 1947 Divini
1702 1907 1742 1946 in
1769 1909 1938 1947 oraculis
1965 1908 2269 1959 interpretandis
2292 1922 2430 1949 verum

420 1971 577 2012 Videtur
596 1985 683 2012 eSSe
698 1971 893 2021 ῑ-μάντις
911 1970 942 2009 δ’
961 1969 1115 2020 ἄριστος
1132 1968 1238 2010 ὅστις
1259 1968 1395 2016 εἰκάζει
1415 1971 1566 2010 καλῶςῧ.

534 2035 651 2074 Duco
670 2035 723 2073 ad
742 2047 813 2073 vos
833 2032 1057 2084 theologiae
1077 2033 1341 2083 professorem
1363 2033 1661 2083 Erlangensem,
1682 2033 1963 2071 THEODORUM
1983 2034 2117 2072 ΖΑΗΝ.

1206 2272 1261 2316 16
1297 2269 1486 2316 March
1529 2270 1652 2330 1897

530 2388 644 2442 (261)
677 2391 998 2429 SCANDINAVIAE
1031 2389 1156 2429 filium
1194 2389 1447 2440 intrepidum,
1484 2389 1624 2429 oceani
1654 2388 1971 2441 septentrionalis
2004 2390 2290 2440 exploratorem
2323 2390 2432 2432 inde-

422 2452 582 2498 fessum,
604 2458 695 2502 post
715 2457 774 2490 tot
793 2450 966 2502 pericula
986 2458 1088 2490 terra
1108 2450 1285 2502 marique
1304 2465 1374 2502 per
1393 2458 1470 2491 tres
1490 2464 1617 2490 annos
1638 2450 1786 2490 fortiter
1805 2452 1981 2497 tolerata,
2002 2452 2153 2490 salvum
2179 2459 2218 2491 et
2241 2452 2431 2503 sospitem

424 2515 611 2554 reducem
643 2516 871 2553 salutamus.
931 2513 1039 2563 Quid
1069 2515 1234 2553 referam
1263 2513 1334 2553 viri
1367 2513 1552 2553 indomiti
1580 2513 1826 2553 iuventutem
1859 2513 2027 2564 primam
2057 2512 2265 2565 disciplina
2297 2528 2432 2555 severa

423 2576 582 2616 assidue
601 2576 823 2624 exercitam,
846 2583 885 2615 et
910 2590 1040 2616 rerum
1067 2584 1230 2616 naturae
1254 2576 1394 2616 studiis
1416 2576 1580 2616 feliciter
1603 2576 1858 2616 dedicatam?
1914 2575 2024 2626 Quid
2049 2575 2190 2615 itinera
2209 2590 2279 2628 per
2303 2577 2432 2628 priora

423 2638 546 2678 animi
575 2646 614 2678 et
642 2638 818 2689 corporis
843 2637 1076 2689 patientiam
1105 2645 1144 2677 et
1168 2638 1439 2678 fortitudinem
1469 2645 1687 2689 spectatam
1711 2638 2030 2689 probatamque?
2085 2637 2195 2687 Quid
2222 2638 2361 2679 itinere
2389 2638 2431 2679 in

422 2700 575 2749 ultimo,
605 2699 796 2739 adiutoris
824 2699 985 2750 optimi⁹
1011 2699 1167 2748 auxilio,
1199 2707 1258 2739 tot
1286 2699 1582 2739 observationes
1611 2699 1692 2739 sive
1726 2699 1967 2751 magneticas
1996 2698 2077 2738 sive
2106 2700 2431 2751 meteorologicas

422 2775 445 2801 e
464 2761 624 2813 regione
642 2760 749 2812 prius
769 2760 905 2812 ignota
923 2768 1139 2812 reportatas
1146 2762 1201 2800 1⁰?
1257 2761 1368 2811 Quid
1383 2761 1514 2801 dicam
1534 2763 1584 2801 de
1597 2762 1700 2801 bene
1715 2760 1880 2801 ominati
1895 2760 2068 2800 nominis
2083 2774 2183 2800 nave
2202 2761 2311 2807 illan,
2328 2775 2431 2813 quae

423 2824 563 2876 glaciei
583 2825 733 2864 solidae
756 2823 798 2863 in
821 2823 963 2864 mediis
987 2823 1170 2872 molibus,
1193 2825 1301 2863 velut
1323 2825 1633 2875 Symplegadum
1657 2837 1848 2864 novarum
1871 2823 1913 2862 in
1935 2825 2131 2874 amplexu,
2154 2823 2367 2864 constricta
2391 2832 2431 2864 et

507 2919 520 2939 ¹
544 2920 718 2952 Kummer.
922 2917 936 2938 ²
959 2919 1023 2952 See
1038 2919 1104 2951 end
1120 2919 1158 2951 of
1170 2920 1311 2951 Lecture
1327 2928 1365 2951 VI
1382 2920 1448 2952 and
1464 2920 1648 2962 beginning
1664 2919 1702 2951 of
1714 2920 1853 2951 Lecture
1870 2918 1942 2951 V11'1
1960 2919 1998 2951 of
2009 2919 2065 2951 the
2080 2930 2196 2952 course
2212 2919 2380 2952 delivered
2395 2924 2431 2953 at

426 2964 609 3000 Evanston,
627 2963 767 3000 Illinois,
784 2962 867 2995 after
882 2963 938 2995 the
953 2963 1150 3004 colloquium
1167 2962 1205 2994 of
1218 2962 1346 2995 21-26
1361 2963 1461 3005 Aug„
1482 2964 1575 3005 1893.
1745 2960 1759 2981 ⁸
1788 2960 1943 3003 Queens'.
2107 2961 2122 2982 4
2145 2962 2312 2995 Erasmus'
2327 2963 2380 2995 ed.
2397 2962 2436 2995 of

429 3007 522 3047 1516.
646 3005 659 3025 ⁵
683 3006 865 3048 Lightfoot.
993 3005 1007 3026 ⁶
1029 3006 1261 3047 Forsclzungen
1279 3017 1341 3037 zur
1359 3006 1542 3038 Gesclzz'clzte
1556 3007 1609 3038 des
1624 3005 1714 3038 Neu·
1724 3006 1861 3037 Testam.
1881 3006 2033 3043 Kanons,
2050 3004 2070 3037 6
2086 3007 2183 3043 vols.,
2208 3008 2429 3049 1881-1900,

425 3050 491 3081 and
511 3050 707 3088 Grundriss,
727 3050 779 3081 ed.
801 3060 831 3088 2,
856 3060 946 3091 1904.
1080 3048 1094 3069 ⁷
1118 3049 1266 3081 Tatian's
1283 3050 1509 3081 Diatessaron.
1647 3048 1661 3069 ⁸
1684 3050 1786 3090 Frag.
1803 3056 1866 3090 973
1884 3049 2016 3080 Nauck.
2155 3048 2169 3069 9
2191 3049 2300 3082 Lieut.
2320 3049 2428 3082 Scott-

426 3093 576 3124 Hansen.
722 3092 748 3112 ¹⁰
774 3093 843 3124 The
862 3093 1061 3134 Nor-wegian
1077 3093 1181 3124 Polar
1193 3093 1393 3133 Expedition
1415 3091 1572 3135 1893-96,
1588 3092 1753 3134 Scientffic
1768 3093 1897 3129 results,
1920 3101 2016 3134 19003
2048 3092 2114 3124 The
2133 3093 2384 3134 Oceanograplzy
2397 3092 2440 3135 ‘ff

424 3136 476 3167 the
492 3136 603 3167 North
621 3136 723 3167 Polar
737 3137 857 3175 Basz'n,
882 3146 973 3176 1902.
1109 3134 1134 3155 Π
1158 3135 1231 3167 The
1247 3137 1352 3167 Franz
1371 3134 1396 3177 (‘
1408 3136 1556 3168 Onward
1567 3134 1601 3177 ').

1400 3210 1474 3246 128
