2704 3770
1115 330 1258 396 Jolzn
1298 330 1456 380 Couch
1489 330 1542 379 A
1549 330 1687 378 dams

399 476 587 526 obsitum,
625 475 764 516 avibus
801 489 1005 524 canorum,
1043 475 1114 516 ubi
1150 475 1192 515 in
1230 477 1382 527 templo
1423 476 1600 527 quodam
1638 474 1760 516 stellis
1796 474 2054 515 observandis
2091 474 2277 515 dedicato
2313 473 2408 514 vivit

400 541 579 592 Neptuni
598 539 721 591 ipsius
740 539 931 580 inventor.
991 539 1102 590 Quid
1126 538 1159 579 si
1184 539 1343 580 Colono
1369 546 1505 578 nostro
1527 539 1640 578 deest
1665 537 1891 589 Cephisus?
1919 538 1990 577 sed
2011 550 2115 589 aqua
2140 538 2191 577 de
2210 536 2313 576 clivo
2338 536 2407 576 illo

400 602 618 654 antiquitus
655 603 840 650 deducta,
875 601 1042 652 Collegii
1081 599 1360 640 Herscheliani
1397 600 1472 640 sub
1504 601 1628 640 hortis
1660 599 1899 647 transmissa,
1935 598 2120 639 Newtoni
2152 598 2193 638 in
2227 597 2409 651 Collegio

399 664 441 704 in
468 666 618 705 fontem
644 665 772 705 exsilit
783 667 806 704 ¹.
866 664 976 714 Quid
995 664 1028 704 si
1049 663 1228 715 Neptuni
1246 662 1397 703 inventi
1415 663 1539 715 gloria
1563 677 1654 703 eum
1680 663 1830 703 altero²
1848 661 2131 714 participatur?
2158 663 2240 711 sed,
2261 660 2408 714 gloriae

400 727 503 767 illius
522 728 703 779 geminae
722 729 828 767 velut
853 727 985 778 imago
1008 734 1208 778 perpetua,
1231 725 1494 766 Geminorum
1518 724 1559 765 in
1585 725 1713 765 sidere
1736 732 1796 765 est
1822 726 1936 764 stella
1960 725 2156 776 quaedam
2183 738 2287 776 quae
2308 723 2408 765 caeli

400 790 522 830 totius
540 790 642 830 inter
660 791 792 830 stellas
811 789 990 842 duplices
1009 802 1102 841 prae
1121 788 1261 829 ceteris
1280 790 1413 840 fulget.
1471 789 1588 828 Idem
1607 801 1738 839 neque
1764 789 1964 828 stellarum
1987 787 2233 840 geminarum
2257 800 2395 828 cursus

401 866 532 904 neque
569 855 783 894 Saturnum
821 866 953 904 neque
989 854 1172 893 Uranum
1210 851 1498 903 inexploratum
1537 851 1693 903 reliquit
1706 866 1717 901 ;
1763 865 1895 903 neque
1936 853 2041 892 faces
2082 851 2169 891 illas
2204 852 2407 900 caelestes,

403 914 602 955 Leonides
622 922 792 962 vocatas,
815 928 912 966 quas
938 921 996 954 ter
1021 913 1061 952 in
1087 913 1202 953 annis
1228 915 1307 953 fere
1332 913 1510 953 centenis
1535 914 1651 953 orbes
1677 927 1770 954 suos
1797 926 1962 965 magnos
1988 914 2185 954 conficere
2209 912 2385 954 ostendit
2397 927 2410 962 3

403 990 533 1028 neque
559 985 712 1017 motum
737 978 848 1016 illum
872 976 1048 1017 medium
1073 977 1192 1016 lunae
1216 977 1284 1027 qui
1310 989 1402 1015 curn
1430 983 1541 1016 motu
1564 976 1708 1016 diurno
1731 983 1855 1016 terrae
1877 977 2046 1018 collatus
2066 989 2136 1028 per
2158 977 2408 1016 saeculorum

401 1040 534 1091 lapsus
566 1039 757 1091 paulatim
789 1040 1028 1078 acceleratur
1039 1038 1062 1077 ³.
1129 1037 1289 1076 Talium
1317 1037 1488 1078 virorum
1518 1037 1703 1078 laudibus
1731 1051 1813 1078 non
1842 1038 1962 1078 debet
1994 1038 2137 1079 obesse
2170 1039 2280 1090 quod
2308 1037 2410 1078 inter

401 1109 558 1142 nosmet
581 1103 687 1153 ipsos
710 1101 847 1142 vivunt
859 1114 870 1149 3
899 1114 1063 1152 pravum
1087 1099 1194 1139 enim
1218 1099 1516 1151 malignumque
1544 1100 1644 1139 foret
1666 1103 1770 1140 ‘non
1797 1099 1981 1139 admirari
2010 1100 2215 1140 hominem
2242 1099 2409 1140 admira-

402 1164 510 1205 tione
539 1164 826 1216 dignissimum,
857 1163 950 1215 quia
979 1164 1123 1210 videre,
1153 1162 1314 1213 alloqui,
1344 1161 1491 1210 audire,
1522 1162 1745 1214 complecti,
1775 1177 1851 1203 nec
1883 1164 2043 1203 laudare
2076 1170 2242 1211 tantum,
2271 1176 2408 1203 verum

402 1227 520 1268 etiam
550 1240 682 1266 amare
710 1225 925 1277 contigit'⁴.

510 1290 590 1329 Tot
608 1287 822 1340 insignium
841 1286 1012 1327 virorum
1033 1285 1263 1325 nominibus
1283 1284 1404 1325 hodie
1423 1286 1529 1325 velut
1548 1286 1731 1325 cumulus
1750 1285 1916 1327 accessit
1934 1286 1992 1326 vir
2016 1286 2185 1336 illustris,
2208 1287 2410 1327 Professor

403 1353 567 1390 ADAMs.

1216 1540 1272 1585 18
1299 1537 1431 1603 July
1473 1538 1597 1585 1888

588 1653 636 1700 V
631 1651 717 1700 z'sz‘t
751 1651 815 1714 of
838 1651 918 1699 tlte
952 1650 1165 1715 Bz‘slzops
1199 1651 1460 1715 attending
1496 1651 1577 1699 tlze
1614 1651 1856 1700 Lambetlz
1898 1651 2220 1715 Conference‘.

511 1766 701 1805 SALvE'rE
744 1770 873 1815 patres
924 1763 966 1802 in
1016 1765 1106 1803 Deo
1152 1763 1367 1812 reverendi,
1411 1763 1601 1804 ecclesiae
1644 1762 1685 1803 in
1731 1771 1791 1804 tot
1837 1763 1944 1804 orbis
1994 1771 2183 1804 terrarum
2233 1763 2410 1816 partibus

403 1827 606 1869 militantis
637 1828 761 1867 duces
792 1827 960 1866 salvete!
1016 1826 1168 1866 Vestris
1200 1840 1224 1866 a
1253 1825 1393 1878 vigiliis
1423 1825 1621 1878 paulisper
1657 1828 1821 1874 avocati,
1854 1826 2002 1878 Vergili
2039 1826 2168 1867 verbis
2205 1840 2288 1868 non
2325 1826 2411 1869 sine

402 1889 586 1942 superbia
601 1889 774 1940 quadam
789 1888 847 1927 uti
861 1887 1027 1940 potestis
1042 1902 1050 1926 τ
1082 1890 1091 1908 ‘
1103 1901 1205 1939 quae
1220 1887 1327 1939 regio
1342 1887 1383 1927 in
1398 1886 1508 1927 terris
1524 1887 1647 1927 nostri
1661 1901 1743 1927 non
1759 1889 1877 1939 plena
1890 1886 2060 1927 laboris?
2072 1889 2081 1906 '
2092 1888 2107 1910 ⁶
2151 1887 2410 1940 Ubicumque

402 1953 519 2004 igitur
541 1957 788 1991 sacramento
814 1950 991 2001 quodam
1015 1949 1149 1989 divino
1175 1949 1330 1996 imbuti,
1351 1949 1505 2000 imperii
1530 1948 1743 1989 Christiani
1766 1950 2073 2001 propugnacula,
2094 1957 2244 1990 vestrae
2263 1951 2410 1992 tutelae

403 2013 557 2063 tradita,
591 2011 828 2060 defenditis;
866 2011 1122 2063 ubicumque,
1157 2010 1310 2062 generis
1347 2010 1527 2051 eiusdem
1559 2011 1726 2051 vinculis
1764 2010 1990 2059 consociati,
2026 2011 2200 2063 linguam
2234 2019 2409 2052 nostram

405 2089 673 2123 communem,
695 2076 801 2114 velut
824 2081 1012 2114 tesseram
1039 2075 1240 2125 quandam
1269 2073 1488 2123 militarem,
1510 2075 1572 2113 vel
1592 2074 1724 2126 potius
1745 2074 1990 2126 hospitalem,
2013 2075 2209 2127 usurpatis
2221 2090 2233 2124 ;
2261 2075 2342 2116 sive
2368 2076 2409 2115 in

403 2138 541 2179 insulis
562 2136 798 2177 Britannicis
817 2136 911 2176 fidei
929 2135 1116 2188 antiquae
1131 2149 1216 2175 aras
1230 2137 1422 2187 focosque
1438 2143 1586 2176 veteres
1602 2135 1730 2177 colitis
1743 2151 1754 2186 3
1782 2138 1863 2177 sive
1878 2144 1984 2177 trans
1999 2151 2148 2188 aequor
2162 2137 2408 2178 Atlanticum

404 2200 499 2241 fidei
517 2199 620 2239 illius
639 2200 767 2238 facem
786 2197 873 2237 orbi
893 2211 997 2237 novo
1017 2197 1296 2249 praetenditis3
1325 2197 1406 2238 sive
1427 2198 1582 2238 Africae
1608 2199 1791 2238 tenebras
1815 2199 1966 2239 lumine
1989 2213 2088 2251 puro
2114 2199 2306 2248 illustrari,
2328 2199 2410 2241 sive

406 2262 526 2302 Asiae
558 2263 689 2300 lucem
722 2273 746 2299 a
778 2259 918 2299 mundi
956 2258 1076 2299 totius
1109 2261 1198 2299 luce
1230 2259 1390 2300 caelesti
1428 2259 1601 2311 superari
1634 2259 1785 2299 vidistis
1799 2275 1810 2309 ς
1847 2260 1928 2300 sive
1961 2261 2042 2312 poli
2082 2261 2273 2302 Australis
2309 2261 2411 2302 inter

405 2324 534 2365 sidera
553 2331 712 2363 sanetae
732 2321 858 2362 crucis
878 2321 1034 2372 signum
1054 2321 1282 2373 suspexistis
1301 2329 1340 2361 et
1359 2321 1400 2361 in
1425 2321 1494 2361 illo
1517 2321 1629 2373 signo
1650 2321 1808 2362 vincere
1832 2323 2130 2374 perseverastis3
2159 2323 2412 2375 quibuscum-

406 2400 484 2438 que
502 2386 554 2426 ab
573 2384 651 2425 oris
670 2385 722 2424 ad
743 2383 984 2423 Academiae
1004 2391 1161 2423 nostrae
1181 2383 1341 2422 umbras
1361 2383 1575 2434 hospitales
1591 2383 1712 2423 hodie
1730 2383 1902 2432 venistis,
1921 2386 2089 2425 Senatus
2108 2384 2229 2425 totius
2248 2385 2411 2426 nomine

405 2460 732 2499 unumquemque
757 2453 929 2486 vestrum
952 2459 1000 2485 ex
1024 2445 1159 2484 animo
1182 2445 1365 2486 iubemus
1386 2448 1544 2486 salvere.
1601 2447 1788 2485 Vestrum
1814 2446 2029 2498 unicuique
2053 2447 2265 2499 pandimus
2290 2447 2412 2489 hodie

406 2510 584 2561 Collegia
612 2508 773 2560 quidem
800 2514 935 2547 nostra
959 2507 1095 2546 omnia
1108 2522 1119 2556 3
1147 2508 1218 2547 sed
1244 2508 1366 2547 corda
1390 2507 1513 2559 magis
1537 2514 1671 2547 nostra
1692 2507 1805 2547 vobis
1828 2508 2052 2559 pandimus.
2109 2511 2252 2550 Vestro
2276 2517 2410 2551 autem

405 2573 535 2614 ordini
560 2579 754 2624 quantum
779 2571 924 2611 debeat
950 2570 1214 2622 Cantabrigia,
1236 2570 1321 2622 ipsa
1345 2570 1526 2610 aedificia
1552 2577 1686 2610 nostra
1710 2578 1913 2610 testantur.
1972 2571 2161 2624 Episcopi
2179 2572 2412 2618 liberalitate

406 2635 673 2687 Collegiorum
708 2641 932 2673 nostrorum
966 2631 1146 2672 omnium
1178 2632 1497 2684 antiquissimum
1531 2633 1739 2671 fundatum
1773 2639 1856 2680 est3
1894 2632 2070 2685 episcopi
2104 2633 2145 2673 in
2178 2634 2410 2674 memoriam

407 2697 675 2749 Collegiorum
702 2703 927 2736 nostrorum
951 2694 1265 2734 recentissimum
1292 2695 1499 2735 conditum
1527 2695 1615 2734 est⁷.
1675 2696 1775 2735 Sunt
1797 2703 1837 2735 et
1864 2695 1940 2735 alia
1966 2696 2143 2747 Collegia
2168 2710 2250 2736 non
2278 2696 2410 2736 minus

493 2828 504 2848 ¹
527 2828 610 2860 This
625 2826 922 2885 ancient’sountain
939 2824 1086 2867 (already
1101 2826 1225 2858 known
1241 2826 1275 2858 in
1297 2837 1307 2857 1
1315 2835 1354 2867 3²
1359 2826 1392 2867 5)
1414 2826 1492 2876 rises
1515 2836 1594 2876 near
1617 2826 1673 2859 the
1694 2827 1918 2889 (gbservatory
1934 2826 2009 2859 Hin
2023 2826 2090 2859 and
2105 2837 2218 2869 passes
2232 2827 2336 2878 under
2351 2828 2408 2860 the

406 2869 1135 2957 53⁰3?ss⁰1f85720¹¹1¹3333ffssssfft.wa³nyd“}>¹c¹if³)
1144 2869 1607 2953 ἳὲἱιξὲοξὲὲῖἓῖἳὲὲῇς
1625 2870 2406 2956 theooefffssffssssssazsslg'ff0¹f¹zi¹3·„‘.³2¹¹¹1?12¹3}53

412 2958 493 2999 1846
511 2958 609 3000 (June
625 2957 691 2989 and
708 2957 811 2998 Aug.)
827 2956 899 2988 that
920 2955 958 2987 of
969 2955 1026 2987 the
1042 2955 1246 2997 publication
1265 2956 1303 2987 of
1323 2955 1521 2988 Leverrier’s
1536 2956 1760 2997 independent
1777 2956 1961 2997 prediction
1975 2967 1984 2994 ς
2008 2956 2107 2988 while
2123 2967 2140 2988 2
2146 2967 2163 2998 3
2180 2956 2224 2990 Se
2249 2961 2288 2997 t.‚
2310 2957 2404 2998 1846,

407 3012 475 3034 was
489 3001 545 3033 the
562 3001 638 3032 date
654 3000 692 3032 of
713 3000 769 3032 the
784 2998 1024 3031 identification
1039 2998 1077 3030 of
1093 2999 1149 3030 the
1165 2999 1278 3040 planet
1294 2998 1338 3040 by
1354 2999 1451 3031 Galle
1467 3004 1499 3030 at
1517 2999 1573 3031 the
1589 2999 1700 3030 Berlin
1717 2999 1953 3041 Observatory.
2155 2998 2170 3019 ³
2192 2967 2266 3033 Tiie
2280 3001 2408 3033 secular

406 3044 623 3076 acceleration
639 3043 677 3075 of
694 3044 751 3075 the
768 3041 896 3074 moon’s
912 3053 1008 3074 mean
1024 3042 1163 3080 motion,
1185 3043 1278 3083 1853.
1469 3041 1483 3061 ⁴
1506 3042 1614 3083 Pliny,
1633 3042 1720 3083 Epp.
1738 3043 1746 3073 i
1768 3042 1816 3080 16,
1836 3052 1868 3084 9.
2042 3040 2056 3061 ⁶
2081 3043 2177 3075 More
2194 3043 2274 3075 than
2294 3043 2385 3086 eight

408 3088 551 3128 Bishops
579 3097 663 3118 were
687 3091 819 3128 present
841 3086 876 3116 in
897 3084 954 3117 the
973 3085 1095 3118 Senate
1118 3085 1234 3117 House
1255 3086 1324 3124 (see
1354 3085 1542 3123 Guardian,
1566 3095 1604 3126 25
1625 3085 1714 3127 July,
1739 3096 1773 3127 p.
1799 3084 1893 3124 1106,
1916 3085 1981 3117 and
2001 3086 2117 3127 Eaglc,
2144 3097 2187 3118 xv
2209 3097 2380 3130 209—-214
2398 3109 2407 3119 .

407 3130 421 3152 ⁶
444 3132 530 3163 Aen.
547 3130 557 3161 i
574 3129 649 3170 560.
866 3127 881 3149 ⁷
905 3129 1116 3164 Peterhouse,
1132 3128 1197 3159 and
1214 3128 1358 3170 Selwyn.

1383 3210 1430 3250 ⁷2
