2704 3770
466 343 798 394 Commander
828 343 894 393 R.
931 342 991 391 F.
1033 341 1180 391 Scott.
1257 341 1461 391 Colonel
1489 342 1548 390 F.
1588 343 1655 392 E.
1705 344 2114 410 Younglzusband.

278 491 321 531 in
339 491 419 532 hoc
437 490 526 543 ipso
545 491 637 531 loco
660 489 779 530 nobis
802 490 911 530 haud
934 489 990 530 ita
1011 489 1167 542 pridem
1191 489 1535 529 commendaverit
1547 503 1558 538 3
1588 489 1826 530 meministis
1850 491 1970 531 etiarn
1997 506 2117 544 quam
2144 496 2308 536 feliciter

277 553 456 595 studium
476 553 577 594 illud
595 553 847 594 illustraverit
866 554 1133 606 Theophano,
1154 552 1207 592 ab
1227 553 1372 592 eodem
1393 565 1522 604 nuper
1543 552 1746 593 coloribus
1769 553 1909 594 vividis
1930 555 2110 607 verisque
2134 558 2303 609 depicta.

277 615 370 657 Sive
398 615 641 656 Palatiorum
671 615 982 667 Byzantinorum
1011 629 1083 668 per
1110 615 1367 667 splendorem
1396 614 1558 663 incedit,
1588 614 1670 654 sive
1698 614 1801 655 inter
1828 618 2040 668 populares
2070 632 2163 657 suos
2191 619 2307 660 villae

278 679 449 720 rusticae
466 680 632 720 annales
650 680 839 731 antiquos
858 678 1018 727 evolvit,
1038 685 1099 719 est
1118 677 1269 730 ubique
1288 677 1391 726 felix,
1414 678 1565 729 ubique
1585 678 1780 718 sermonis
1800 679 1960 730 proprii,
1978 680 2172 720 sermonis
2187 681 2307 721 virilis

277 750 319 784 et
345 742 500 784 robusti
528 741 716 795 magister
742 750 864 794 atque
892 740 1062 783 artifex¹.
1121 741 1162 781 Si
1190 741 1231 781 in
1259 740 1353 781 villa
1380 741 1447 780 illa
1475 740 1742 781 describenda
1770 741 1945 781 Plinium
1975 743 2191 783 minorem²
2218 744 2308 795 plus

279 819 403 859 quam
430 807 664 856 aemulatur,
685 806 841 859 generis
869 805 1036 846 humani
1061 804 1103 845 in
1129 804 1210 845 vita
1234 803 1418 845 universa
1446 805 1731 856 cognoscenda
1759 804 1875 844 Plinii
1906 805 2067 846 maioris
2095 806 2216 846 verba
2243 805 2310 846 illa

279 868 425 910 eximia
456 868 629 910 maxime
657 867 875 910 admiratur
889 871 967 908 z—-‘
982 869 1094 908 Deus
1123 874 1184 908 est
1212 866 1371 908 mortali
1398 866 1533 907 iuvare
1567 868 1786 916 mortalem,
1817 874 1857 907 et
1890 868 1991 908 haec
2023 869 2076 908 ad
2106 875 2309 909 aeternam

277 931 446 984 gloriam
463 931 573 972 via’⁸.

389 996 509 1036 Duco
526 996 581 1036 ad
603 1009 675 1036 vos
697 994 826 1036 virum
848 1008 873 1035 a
896 993 1079 1047 Collegio
1102 1007 1177 1035 suo
1196 994 1300 1034 inter
1325 993 1578 1035 Oxonienses
1604 994 1768 1035 honoris
1794 1008 1915 1035 causa
1941 994 2096 1036 socium
2122 997 2307 1045 electum,

277 1056 406 1098 virum
425 1064 467 1099 et
484 1056 672 1098 historiae
691 1063 732 1097 et
749 1056 970 1097 litterarum
989 1064 1029 1097 et
1049 1055 1309 1096 humanitatis
1335 1056 1470 1097 studio
1493 1055 1704 1109 insignem,
1726 1059 2015 1098 FREDERICUM
2044 1057 2307 1098 HARR180N⁴.

387 1159 504 1215 (424)
524 1161 612 1202 Poli
639 1160 835 1202 Australis
864 1174 887 1201 e
916 1160 1079 1213 regione
1107 1162 1262 1200 salvum
1291 1160 1566 1213 sospitemque
1589 1160 1708 1201 nobis
1731 1161 1933 1202 redditum
1962 1163 2157 1202 laetamur
2184 1162 2311 1202 virum

279 1223 537 1277 intrepidum,
559 1223 626 1264 cui
654 1222 868 1276 disciplina
896 1231 936 1263 et
961 1222 1087 1276 gloria
1113 1224 1264 1263 navalis
1290 1223 1342 1263 ab
1371 1236 1447 1263 avo
1475 1224 1585 1263 velut
1613 1223 1834 1264 hereditate
1863 1224 2092 1264 obvenerat.
2150 1225 2314 1265 Abhinc

278 1301 409 1329 annos
445 1287 626 1340 quinque
660 1287 772 1328 navis
802 1287 990 1340 magister
1023 1286 1255 1340 designatus
1286 1294 1357 1336 est,
1398 1300 1529 1327 rerum
1568 1294 1733 1327 naturae
1771 1287 1971 1328 miraculis
2009 1302 2135 1340 prope
2173 1289 2312 1340 polum

280 1352 509 1391 Australem
552 1349 806 1402 explorandis
845 1349 1099 1390 destinatae⁶.
1160 1349 1260 1398 Illic,
1304 1348 1478 1401 primum
1525 1356 1651 1389 terrae
1698 1349 1900 1390 Victoriae
1948 1358 2106 1390 montes
2152 1363 2314 1402 asperos

281 1414 549 1467 conspicatus,
572 1414 721 1455 deinde
749 1428 798 1454 ex
826 1421 1051 1454 transverso
1079 1412 1311 1465 oppositum
1340 1412 1482 1464 glaciei
1510 1414 1618 1453 velut
1647 1426 1806 1452 murum
1835 1413 2078 1453 immensum
2107 1413 2178 1454 diu
2206 1426 2316 1465 prae-

281 1483 491 1526 tervectus,
524 1477 690 1517 tandem
720 1475 822 1515 nivis
855 1482 1041 1516 aeternae
1071 1475 1276 1527 regionem
1310 1476 1515 1526 quandam
1539 1476 1737 1515 excelsam
1769 1476 1928 1523 detexit,
1961 1477 2161 1516 detectam
2193 1475 2314 1527 Regis

284 1539 471 1580 Edwardi
491 1539 656 1580 nomine
676 1538 935 1592 nuncupavit.
994 1538 1107 1590 Quid
1130 1538 1446 1579 commemorem
1471 1552 1613 1578 navem
1638 1538 1746 1578 illam
1772 1553 1897 1591 prope
1923 1547 2100 1579 montem
2123 1539 2312 1587 Erebum,

283 1615 409 1655 prope
427 1601 515 1654 ipsa
533 1600 706 1642 Volcani
726 1600 934 1653 spiracula,
950 1601 1091 1653 glaciei
1111 1600 1264 1641 solidae
1283 1600 1324 1640 in
1346 1600 1488 1641 mediis
1503 1600 1678 1641 molibus
1693 1614 1764 1653 per
1784 1600 1992 1642 biennium
2012 1603 2315 1653 compressam?

284 1665 396 1717 Quid
428 1664 704 1718 geographiae,
740 1665 957 1717 geologiae‚
992 1663 1312 1716 meteorologiae‚
1347 1663 1547 1716 biologiae
1580 1663 1756 1716 denique
1794 1664 1836 1703 in
1870 1664 2024 1712 studiis,
2059 1664 2314 1704 scientiarum

284 1730 396 1778 fines,
418 1728 557 1769 talium
583 1728 758 1769 virorum
784 1728 942 1777 auxilio,
964 1727 1132 1768 feliciter
1154 1730 1424 1779 propagatos?
1481 1729 1593 1778 Quid
1619 1727 1760 1768 itinera
1786 1730 1905 1780 longa
1932 1727 2073 1780 glaciei
2098 1735 2316 1780 perpetuae

284 1792 388 1834 inter
405 1792 582 1846 pericula
601 1794 796 1834 tolerata?
851 1793 933 1832 Tot
952 1791 1127 1832 virorum
1147 1790 1310 1831 fortium
1330 1792 1382 1831 de
1403 1791 1507 1831 duce
1522 1790 1724 1843 intrepido
1744 1791 1857 1830 illum
1876 1793 2050 1842 primum
2070 1790 2237 1832 dixerim
2253 1806 2317 1830 :—

283 1856 468 1896 omnium
506 1854 735 1895 mortalium
775 1867 898 1894 nemo
935 1867 1131 1906 umquam
1169 1854 1222 1894 ad
1259 1853 1392 1905 ipsum
1431 1855 1571 1905 polum
1610 1855 1837 1894 Australem
1875 1853 2040 1906 propius
2082 1853 2314 1906 penetravit.

286 1916 459 1967 Deinde,
483 1919 729 1969 ‘numquam
742 1917 751 1935 '
771 1915 889 1956 sociis
909 1915 991 1956 suis
1014 1917 1126 1968 ‘plus
1145 1915 1293 1956 laboris
1313 1915 1505 1968 imposuit
1524 1929 1647 1968 quam
1667 1916 1744 1956 sibi
1764 1916 1933 1969 sumpsit
1940 1930 1952 1966 3
1972 1916 2058 1968 ipse
2078 1930 2171 1956 cum
2191 1915 2313 1964 fortis,

286 1987 374 2021 tum
402 1979 525 2020 etiam
553 1978 700 2019 felix'⁶.

397 2044 516 2084 Duco
540 2043 594 2083 ad
616 2055 688 2082 vos
714 2040 843 2082 virum
866 2048 906 2082 et
925 2041 982 2082 rei
1001 2040 1153 2082 navalis
1173 2047 1212 2081 et
1233 2040 1423 2081 scientiae
1442 2040 1732 2093 geographicae
1752 2041 2049 2094 peritissimum,
2074 2043 2316 2081 RoBERTUM

286 2109 461 2149 FALcou
482 2107 650 2148 Sco-rra

398 2211 512 2263 (425)
548 2210 688 2252 Hodie
726 2224 876 2251 corona
908 2217 1045 2251 nostra
1076 2221 1263 2261 suprema
1295 2207 1380 2249 viro
1414 2207 1614 2249 destinata
1646 2215 1717 2257 est,
1751 2207 1820 2260 qui
1854 2207 1989 2247 matris
2020 2221 2116 2247 suae
2146 2208 2318 2255 fratrem,

288 2276 580 2328 exploratorem
611 2273 890 2324 indefessum⁸,
921 2273 1017 2314 olim
1049 2274 1284 2321 aemulatus,
1315 2271 1498 2312 omnium
1528 2271 1757 2312 mortalium
1786 2273 1905 2321 solus,
1938 2271 2079 2312 oceani
2108 2271 2270 2311 Pacifici
2298 2285 2322 2311 a

286 2338 403 2378 litore
422 2344 530 2377 trans
544 2336 666 2377 Asiae
687 2336 845 2377 mediae
865 2350 1044 2377 recessus
1064 2335 1228 2376 intimos
1248 2343 1403 2387 septem
1424 2335 1533 2375 milia
1548 2349 1739 2387 passuum
1759 2335 1887 2376 milies
1906 2349 2105 2384 emensus,
2121 2335 2320 2375 montium

288 2398 642 2440 formidolosorum
658 2412 729 2451 per
743 2399 933 2451 ambages
948 2412 1074 2450 prope
1094 2397 1399 2446 inextricabiles,
1415 2397 1557 2438 Indiae
1573 2399 1739 2437 demum
1758 2399 1810 2437 ad
1823 2405 1951 2438 castra
1966 2398 2093 2449 prima
2108 2397 2317 2450 pervenit⁹.

291 2463 409 2503 Idem
429 2475 571 2514 nuper,
592 2461 823 2502 Britanniae
842 2463 1007 2514 legatus,
1029 2475 1123 2502 cum
1143 2460 1270 2512 copiis
1290 2461 1436 2501 nostris
1456 2461 1691 2509 fortissimis,
1715 2461 1858 2502 Indiae
1877 2476 1947 2513 per
1966 2463 2090 2512 Alpes
2110 2461 2319 2513 silvasque,

290 2531 383 2578 post
401 2537 533 2564 moras
552 2523 728 2564 infinitas
748 2523 900 2564 fortiter
919 2532 959 2564 et
977 2525 1196 2575 prudenter
1214 2522 1403 2572 devictas,
1426 2537 1497 2574 per
1514 2531 1693 2575 apertam
1713 2531 1880 2575 portam,
1903 2523 2142 2563 Tibetorum
2161 2524 2213 2563 ad
2233 2525 2322 2563 loca

290 2587 493 2639 praecelsa
512 2586 614 2626 ultra
634 2588 767 2626 lacum
786 2585 899 2626 illum
920 2587 1147 2626 caeruleum
1168 2598 1411 2637 progressus,
1434 2586 1609 2634 tandem,
1625 2585 1727 2626 inter
1747 2599 1912 2625 nemora
1931 2587 2009 2625 late
2029 2585 2206 2632 virentia,
2221 2585 2321 2625 arcis

291 2662 475 2690 summae
500 2656 606 2690 tecta
628 2662 748 2690 aurea
771 2648 1039 2701 conspicatus,
1061 2647 1262 2700 religionis
1288 2647 1590 2700 antiquissimae
1617 2649 1756 2689 sedem
1780 2662 1943 2696 sacram,
1966 2655 2025 2688 tot
2044 2648 2239 2696 laborum,
2262 2655 2322 2688 tot

379 2754 392 2776 ²
416 2759 424 2774 ‘
437 2755 470 2788 A
486 2756 682 2799 recognised
697 2761 820 2789 master
835 2755 874 2789 of
885 2755 1225 2799 language,...direct,
1250 2754 1423 2797 powersul,
1444 2755 1535 2798 plain
1548 2755 1655 2794 ;...his
1677 2754 1811 2798 periods
1833 2765 1889 2787 are
1911 2754 1998 2787 alive
2022 2754 2102 2786 with
2126 2754 2183 2787 the
2205 2759 2322 2798 strong

292 2799 361 2833 and
383 2801 496 2843 manly
511 2801 607 2843 pulse
627 2800 666 2832 of
683 2800 740 2832 the
761 2799 900 2877 wriategs
919 2799 1254 2876 ονῇιίιίῐιιρειξιέηειΙίῑΥέ
1276 2799 1386 2875 A1702?
1398 2799 1601 2875 iyloglcyqilrlz
1613 2799 1821 2875 ΖΛΧΞηῶίΞςαηὲζι,
1825 2799 2010 2875 diem-malt&
2017 2809 2105 2874 11904
2122 2797 2183 2862 (2),
2185 2807 2321 2875 1⁶&chss

293 2843 538 2921 ἓῖρᾎιηὸιὲἶίτῗὲ
555 2843 755 2927 &affrzsssn
778 2849 975 2921 Studigpfn
998 2852 1110 2929 E⁷cirly
1129 2866 1528 2921 ‘Victmhn⁰Lz³teratu're
1538 2899 1552 2924 ‚·
1583 2887 1617 2919 T
1610 2898 1768 2928 ennyson,
1796 2853 1950 2925 Rus-diri),
1974 2865 2068 2926 Miil,
2094 2887 2168 2918 and
2188 2887 2297 2918 others
2309 2898 2319 2926 ;

293 2931 370 2975 Life
391 2931 433 2974 os
447 2931 581 2964 Ruskin
593 2943 604 2971 ;
640 2932 708 2964 The
729 2932 899 2974 Meaning
917 2943 935 2964 0
972 2933 1134 2973 [Iistory3
1165 2932 1198 2964 T
1192 2933 1232 2964 lze
1253 2931 1440 2972 Millenary
1461 2930 1502 2974 qf
1520 2931 1619 2972 K'ing
1638 2930 1778 2973 Alfrffl'3
1805 2931 1921 2963 Oliver
1941 2931 2136 2967 Cromwell;
2168 2930 2319 2963 William

294 2975 348 3008 the
362 2975 490 3013 Silena
520 2975 589 3008 The
602 2976 688 3008 A'ew
705 2976 871 3009 Calendar
892 2987 910 3008 ο
951 2976 1051 3009 Great
1066 2977 1169 3013 Men;
1194 2976 1252 3009 the
1267 2975 1353 3008 Reda
1368 2976 1508 3007 Lecture
1522 2985 1564 3006 on
1580 2975 1773 3016 Byzantine
1787 2974 1928 3016 History
1943 2974 1982 3006 in
1997 2974 2050 3005 the
2064 2974 2177 3015 Early
2192 2974 2320 3006 Mae'ddle

297 3021 405 3062 Ages3
428 3018 485 3052 the
501 3019 684 3052 ‘romantic
706 3019 936 3063 monograph'
951 3019 991 3052 of
1017 3019 1232 3062 Theophan03
1256 3020 1322 3052 and
1347 3019 1404 3051 the
1427 3019 1564 3050 Annals
1583 3018 1625 3060 of
1638 3029 1685 3050 an
1713 3019 1782 3050 Old
1798 3019 1928 3050 Alanor
1951 3018 2073 3050 House.
2206 3015 2220 3036 ⁵
2250 3018 2316 3050 The

292 3063 485 3104 Discovery.
673 3061 688 3083 ⁶
710 3063 841 3101 Cicero,
854 3069 917 3106 pro
932 3064 1092 3101 Murena,
1112 3064 1163 3105 38.
1216 3065 1225 3080 ‘
1236 3063 1319 3104 (His
1334 3062 1465 3101 sailors)
1480 3062 1592 3094 would
1608 3062 1653 3095 do
1668 3062 1830 3104 anything
1845 3061 1896 3093 for
1912 3061 1992 3101 him,
2012 3061 2174 3103 knowing
2188 3061 2260 3093 that
2277 3062 2320 3094 he

294 3106 407 3140 would
430 3112 490 3140 not
513 3106 574 3140 ask
597 3106 688 3140 them
712 3111 748 3140 to
770 3108 816 3140 do
840 3108 930 3141 what
952 3108 995 3141 he
1018 3118 1088 3140 was
1110 3113 1169 3140 not
1194 3108 1297 3150 ready
1315 3107 1382 3139 and
1402 3106 1532 3148 willing
1552 3111 1588 3139 to
1607 3106 1653 3138 do
1674 3105 1811 3138 himself
1819 3105 1827 3120 '
1847 3104 1992 3148 (George
2015 3105 2187 3137 Croucher
2209 3106 2243 3137 in
2265 3106 2321 3139 the

297 3150 453 3193 Gn‘msby
471 3151 593 3188 Times,
612 3159 629 3193 7
647 3151 725 3184 Oct.
746 3150 853 3195 1904).
970 3150 984 3172 ⁷
1007 3151 1140 3187 Author
1155 3151 1194 3184 of
1211 3152 1278 3185 The
1301 3152 1426 3193 Voyage
1440 3151 1542 3194 qftlze
1556 3154 1564 3168 ‘
1576 3150 1786 3194 Discovery’,
1810 3159 1903 3194 ¹905·
2022 3146 2036 3169 ⁸
2060 3149 2188 3181 Robert
2205 3150 2319 3182 Shaw.

293 3193 309 3216 ⁰
337 3195 406 3228 The
420 3195 532 3228 Heart
544 3195 586 3238 (ff
592 3206 614 3229 a
633 3195 821 3232 Continent.

404 3277 435 3308 s.
451 3277 482 3308 s.
1258 3281 1333 3325 193
2163 3279 2211 3322 25
