2704 3770
709 303 956 352 ⁴W'z'llz'am
1001 304 1052 351 T
1043 304 1254 354 lzomson.
1325 306 1512 354 Robert
1546 307 1610 354 K
1605 324 1713 356 nox.

195 447 368 502 insignia
391 462 496 501 quae
521 450 752 490 conditores
772 463 866 490 suos
885 449 1098 502 episcopos
1117 449 1239 490 fuisse
1258 448 1418 490 iactant.
1478 452 1528 490 In
1555 450 1744 502 Collegiis
1770 465 1864 491 vero
1889 451 2050 492 duobus
2075 454 2227 505 optime

195 511 489 557 constituendis
537 512 739 554 Dominae
788 515 1037 565 Margaretae
1075 512 1350 553 munificentia
1386 512 1564 553 consiliis
1602 514 1796 554 obsecuta
1832 521 1892 553 est
1929 514 2118 567 episcopi.
2191 518 2225 556 E

195 574 386 628 collegiis
416 575 640 616 minoribus
669 575 732 628 (ut
763 575 896 628 aiunt)
923 589 1050 616 unum
1080 574 1250 628 Collegii
1279 575 1518 628 episcopalis
1548 576 1712 617 nomine
1737 576 1968 629 gloriatur&
2002 579 2227 631 Collegium

194 644 331 680 autem
369 637 588 679 maximum
625 638 728 679 inter
763 642 950 680 alumnos
987 652 1082 680 suos
1119 640 1190 692 (ne
1226 639 1327 679 alios
1364 641 1699 692 commemorem)
1737 641 2082 693 archiepiscopum
2122 651 2228 683 certe

194 699 387 742 illustrem
408 708 603 751 numerat,
618 701 733 742 cuius
752 702 829 743 sub
848 701 1047 754 praesidio
1067 703 1118 742 de
1138 702 1257 742 rebus
1276 701 1517 754 gravissimis
1537 702 1793 743 deliberaturi
1810 717 1937 754 nuper
1949 704 2193 744 convenistis
2201 707 2223 743 ².

197 765 260 806 Ex
294 764 478 807 eiusdem
509 765 687 818 denique
719 765 966 807 Academiae
998 765 1243 806 umbraculis
1276 764 1396 805 etiam
1430 765 1496 805 alii
1535 766 1702 818 profecti
1733 773 1837 815 sunt,
1874 780 2045 818 quorum
2082 767 2229 807 auxilio

194 827 389 870 eeclesiae
412 827 661 881 Anglicanae
684 829 790 868 fama
813 828 855 868 in
880 841 1045 869 omnem
1071 835 1216 868 terram
1242 835 1364 880 atque
1389 830 1494 869 adeo
1520 828 1560 868 in
1585 828 1693 869 orbis
1718 836 1909 869 terrarum
1934 830 2034 869 fines
2053 830 2230 870 remotis-

196 888 320 931 simos
344 889 535 943 pervenit.
596 892 809 942 Nusquam
835 890 953 942 igitur
981 889 1118 930 animo
1144 890 1270 942 magis
1296 891 1469 930 fraterno
1495 890 1743 942 excipientur
1765 890 1956 942 episcopi,
1979 891 2048 943 qui
2076 891 2117 931 in
2143 892 2229 932 aliis

195 951 404 1002 doctrinae
441 952 604 994 sedibus
635 953 806 1002 educati,
838 952 968 993 laudis
1005 952 1187 993 eiusdem
1225 952 1328 993 inter
1366 953 1578 1005 participes
1616 960 1885 993 numerantur.
1946 955 2053 1005 Ergo
2091 954 2229 994 talium

195 1013 369 1055 virorum
389 1029 412 1056 e
431 1029 601 1056 numero
621 1016 837 1055 nonnullos
857 1015 974 1055 titulo
994 1023 1132 1055 nostro
1152 1015 1275 1056 hodie
1294 1028 1496 1063 ornamus,
1511 1029 1682 1067 quorum
1703 1015 1744 1055 in
1765 1016 1997 1056 nominibus
2018 1016 2231 1068 seligendis

194 1076 239 1118 id
265 1077 520 1130 potissimum
549 1078 818 1131 spectavimus
846 1086 890 1119 ut
918 1078 1137 1119 insularum
1171 1078 1491 1119 Britannicarum
1525 1087 1564 1119 et
1593 1079 1749 1148 imperii
1782 1079 1907 1119 nostri
1937 1079 2230 1132 provinciarum

195 1140 548 1181 transmarinarum
568 1142 685 1182 sedes
705 1140 1045 1193 metropolitanas,
1062 1154 1230 1193 quarum
1247 1140 1450 1193 praesides
1464 1141 1610 1181 nostris
1630 1141 1671 1180 in
1687 1141 1833 1181 tabulis
1848 1143 2031 1182 nondum
2052 1142 2232 1194 inscripti

195 1201 287 1252 sint,
314 1203 618 1245 benevolentiae
643 1211 803 1244 nostrae
832 1204 946 1275 signo
975 1206 1347 1257 quantulocumque
1376 1206 1638 1255 decoremus;
1667 1206 1908 1258 quibuscum
1938 1220 1961 1246 e
1990 1205 2232 1257 reipublicae

196 1265 394 1308 maximae
434 1267 779 1308 Transatlanticae
817 1267 1017 1320 episcopis
1054 1269 1219 1307 fratrum
1263 1281 1336 1320 par
1377 1268 1515 1309 nobile
1551 1269 1716 1310 honoris
1754 1284 1876 1310 causa
1913 1269 2231 1310 consociandum

196 1331 433 1371 curavimus.
491 1332 594 1372 Sunt
612 1337 747 1371 autem
768 1338 808 1371 et
827 1330 883 1370 illi
903 1337 943 1371 et
961 1338 1118 1371 vosmet
1141 1330 1217 1383 ipsi
1243 1345 1386 1372 omnes
1406 1332 1467 1384 (ut
1491 1333 1627 1372 Sancti
1654 1333 1766 1372 Pauli
1793 1332 1923 1373 verbis
1949 1331 2083 1384 utar)‘
2095 1334 2232 1372 fratres

197 1391 334 1442 nostri,
347 1393 520 1445 apostoli
538 1393 809 1434 ecclesiarum.
868 1393 1155 1434 Ostensionem
1175 1407 1280 1446 ergo,
1296 1407 1399 1445 quae
1419 1402 1479 1434 est
1492 1394 1664 1434 caritatis
1685 1402 1836 1435 vestrae
1856 1402 1895 1434 et
1910 1402 2069 1434 nostrae
2087 1394 2234 1446 gloriae

197 1466 272 1507 pro
289 1454 416 1504 vobis,
437 1455 479 1495 in
498 1455 588 1496 illos
607 1455 809 1496 ostendite
833 1454 874 1495 in
901 1454 1044 1496 faciem
1070 1455 1382 1496 ecclesiarum'³.
1441 1456 1552 1507 Quid
1576 1456 1609 1496 si
1635 1464 1693 1496 tot
1719 1456 1923 1506 ecclesiae,
1945 1470 2014 1508 per
2039 1464 2099 1496 tot
2125 1457 2233 1496 orbis

197 1523 390 1559 terrarum
421 1526 555 1571 partes
587 1518 833 1568 distributae,
870 1518 953 1559 sive
985 1518 1156 1570 regionis
1185 1519 1268 1559 sive
1301 1532 1459 1560 morum
1494 1519 1692 1569 varietate,
1724 1520 1977 1572 aliquatenus
2010 1519 2113 1560 inter
2146 1533 2233 1559 sese

199 1579 458 1635 discrepant?
512 1585 568 1624 At
597 1596 739 1624 omnes
767 1595 873 1623 unus
902 1581 977 1635 (uti
1006 1581 1230 1635 speramus)
1262 1582 1456 1635 ‘Spiritus
1484 1582 1592 1623 intus
1621 1583 1745 1623 alit’4.

1128 1655 1291 1697 ‘Facies
1320 1670 1405 1697 non
1433 1657 1623 1697 omnibus
1651 1670 1734 1696 una

633 1724 718 1752 non
745 1710 902 1752 diversa
929 1713 1283 1763 tamen—qualem
1313 1712 1431 1752 decet
1459 1725 1549 1752 esse
1577 1725 1759 1752 sororum
1773 1712 1812 1750 '⁵.

308 1885 426 1940 (143)
463 1888 704 1927 PRovmclA
742 1884 1010 1927 Eboracensis
1043 1884 1437 1938 archiepiscoporum
1477 1885 1577 1926 serie
1614 1899 1737 1938 quam
1775 1887 1905 1937 longa,
1939 1898 2060 1937 quam
2095 1884 2234 1925 illustri

197 1949 398 2004 glorietur,
427 1949 553 1991 fusius
578 1948 776 2002 explicare
801 1948 924 1990 hodie
952 1962 1304 2001 supervacaneum.
1365 1949 1474 1988 Illud
1502 1962 1628 1988 unum
1658 1948 1792 1989 dicere
1819 1947 1972 1988 ausim:
2007 1961 2132 1999 prope
2156 1949 2235 1987 hoc

195 2012 285 2066 ipso
316 2011 414 2054 anni
445 2011 523 2062 die,
553 2011 703 2052 abhinc
735 2025 865 2052 annos
899 2011 1008 2052 mille
1042 2013 1240 2053 ducentos
1271 2011 1475 2064 sexaginta
1506 2019 1596 2060 tres,
1627 2012 1680 2051 ab
1717 2011 2022 2063 archiepiscopo
2053 2012 2232 2062 quodam

197 2074 479 2118 cantuariensi
498 2074 714 2116 Paulinum
733 2074 847 2115 illum
866 2074 1103 2128 episcopum
1124 2074 1246 2116 fuisse
1268 2076 1577 2124 consecratum⁶‚
1601 2075 1665 2115 cui
1685 2090 1752 2116 rex
1775 2077 1999 2128 Anglorum
2022 2074 2234 2121 Aeduinus

197 2137 241 2182 in
270 2137 430 2180 civitate
460 2136 709 2179 Eboracensi
739 2137 996 2190 episcopatus
1024 2138 1164 2178 sedem
1193 2139 1315 2190 paulo
1343 2145 1484 2190 postea
1512 2139 1688 2178 donavit.
1749 2137 1833 2178 Ubi
1862 2151 1928 2177 rex
1951 2137 2017 2177 ille
2039 2137 2235 2189 gloriosus

197 2200 340 2242 humili
364 2200 407 2242 in
434 2202 588 2253 templo
616 2200 821 2242 Christum
851 2202 1059 2241 confessus
1087 2208 1158 2250 est,
1180 2201 1238 2242 ibi
1266 2209 1407 2254 postea
1432 2201 1597 2242 condita
1625 2209 1685 2242 est
1709 2202 1878 2242 ecclesia
1906 2201 1973 2243 illa
1996 2200 2235 2241 cathedralis

198 2275 304 2317 quae
331 2277 402 2317 per
428 2270 560 2304 totum
587 2262 728 2303 orbem
758 2270 963 2313 terrarum,
988 2262 1235 2315 ubicumque
1263 2264 1399 2316 lingua
1427 2272 1563 2304 nostra
1592 2272 1813 2316 usurpatur,
1845 2263 2033 2316 singulari
2058 2265 2234 2316 quadam

200 2325 340 2367 fruitur
376 2325 644 2367 veneratione.
702 2325 850 2365 Sedem
889 2333 972 2365 tam
1009 2325 1222 2378 insignem,
1255 2334 1316 2366 tot
1352 2340 1551 2366 annorum
1591 2327 1784 2367 memoria
1822 2334 2108 2375 consecratam,
2147 2340 2235 2378 pro-

201 2388 356 2430 vinciae
383 2396 520 2430 tantae
547 2388 872 2440 archiepiscopus
901 2402 949 2429 ea
976 2403 1057 2441 qua
1085 2403 1156 2441 par
1185 2396 1245 2429 est
1273 2389 1468 2441 dignitate
1497 2389 1618 2430 hodie
1647 2397 1927 2441 repraesentat.

311 2453 431 2493 Duco
462 2452 516 2492 ad
547 2464 620 2491 vos
658 2452 907 2490 WILELMUM
946 2453 1176 2500 THOMSON,
1213 2451 1458 2492 Academiae
1497 2452 1740 2493 oxoniensis
1776 2454 1985 2492 alumnum
2023 2451 2234 2504 insignem,

198 2514 547 2569 archiepiscopum
576 2515 887 2556 Eboracensem.

305 2687 423 2743 (144)
457 2688 723 2731 Caledoniam
754 2687 876 2729 hodie
906 2689 1070 2730 laudare
1092 2695 1303 2741 propterea
1331 2700 1414 2727 non
1440 2686 1544 2736 licet,
1575 2688 1687 2739 quod
1714 2686 1864 2727 telluris
1890 2686 1994 2727 illius
2020 2687 2234 2740 episcopus

202 2752 399 2807 ‘primus’
416 2754 585 2805 gradum
614 2760 796 2793 nostrum
822 2753 933 2792 haud
958 2751 1014 2792 ita
1036 2751 1192 2805 pridem
1219 2758 1279 2791 est
1302 2750 1505 2803 adeptus⁷.
1565 2751 1662 2790 Non
1688 2749 1774 2790 sine
1796 2750 1944 2801 gaudio
1971 2757 2105 2790 tamen
2126 2764 2234 2802 prae-

200 2823 401 2858 tereuntes
434 2817 654 2857 salutamus
692 2816 829 2857 Sancti
863 2815 1023 2856 Patricii
1057 2815 1161 2856 illius
1194 2814 1395 2868 patriam⁸,
1432 2813 1500 2867 qui
1536 2813 1775 2854 Hiberniam
1812 2813 1960 2854 Christi
1993 2813 2034 2853 in
2068 2814 2233 2855 nomine

200 2879 412 2933 occupavit
425 2894 437 2930 ;
478 2879 641 2933 quique,
680 2880 830 2920 abhinc
867 2880 1027 2920 saecula
1063 2880 1154 2932 plus
1191 2891 1313 2931 quam
1351 2878 1686 2930 quattuordecim,
1726 2876 1918 2917 ecclesiae
1956 2878 2235 2919 Armachanae

288 3008 301 3030 ¹
326 3009 515 3044 Pembroke
530 3009 672 3053 College
837 3009 851 3030 ²
875 3011 1022 3044 Edward
1037 3010 1153 3043 White
1169 3010 1315 3043 Benson.
1471 3007 1485 3028 ³
1509 3018 1526 3040 α
1548 3008 1623 3040 Cor.
1640 3007 1697 3040 viii
1716 3017 1768 3049 ²3·
1916 3006 1931 3027 ⁴
1952 3007 2072 3049 Virgil,
2093 3008 2181 3040 Aen.
2199 3007 2232 3039 vi

203 3052 278 3096 726.
478 3053 493 3076 ⁵
515 3054 618 3094 Ovid,
638 3055 720 3088 Met.
736 3054 759 3087 ii
781 3065 830 3097 13
1029 3054 1044 3076 ⁶
1068 3055 1142 3097 21J
1123 3054 1294 3118 Ju1y.623
1491 3049 1505 3071 ⁷
1530 3051 1636 3094 Hugh
1651 3050 1872 3094 Willoughby
1884 3052 2034 3102 Jermyn,
2053 3051 2092 3083 of
2103 3051 2235 3093 Trinity

201 3096 427 3176 ξέὲδῗηῗὸ
432 3098 527 3141 1871,
543 3098 672 3133 elected
688 3098 816 3144 Bishop
831 3098 871 3132 of
889 3099 1033 3133 Brechin
1053 3100 1148 3140 1875.
1304 3097 1344 3131 St
1367 3096 1501 3130 Patrick
1525 3105 1594 3129 was
1616 3095 1783 3138 probably
1804 3095 1888 3128 born
1912 3106 1946 3128 m
1970 3095 2142 3138 Ailclyde,
2157 3105 2235 3127 now

312 3223 344 3253 s.
365 3223 397 3253 s.
1203 3224 1251 3265 ⁷3
2076 3226 2124 3254 10
