2704 3770
606 316 828 381 Ludwig
855 333 948 366 von
987 316 1150 381 Graffl
1219 317 1455 366 Rz’clzard
1482 318 1733 384 Herth‘g.
1807 319 2027 368 Harald
2051 320 2316 387 Hbffdz‘ng.

457 460 752 501 accuratissime
789 461 1093 511 describendis¹‚
1133 476 1255 514 quam
1292 464 1491 514 praeclare
1528 463 1691 503 meritus
1728 467 1810 504 est!
1869 463 2041 504 Darwini
2078 464 2202 505 nostri
2238 466 2290 506 de
2327 466 2467 507 florum

458 522 622 563 scientia
641 523 802 564 inventa
821 523 991 576 insignia
1014 538 1134 576 quam
1158 525 1317 577 penitus
1340 533 1606 577 perscrutatus
1633 528 1715 566 est!
1771 526 1903 566 Etiam
1927 526 2012 578 ipse
2037 541 2167 567 rerum
2193 536 2356 570 naturae
2381 542 2469 581 pro·

457 584 610 625 vinciae
637 585 741 625 illius
769 585 1056 637 pulcherrimae
1084 586 1125 626 in
1154 587 1370 638 penetralia
1397 587 1537 627 intima
1565 601 1686 639 quam
1715 587 1879 628 feliciter
1907 589 2148 640 penetravit!

567 650 685 689 Duco
713 650 766 689 ad
793 662 864 689 vos
893 650 1107 690 CAROLUM
1136 661 1193 689 DE
1222 651 1405 690 GOEBEL.

567 759 680 812 (517)
710 761 935 800 Salutamus
961 760 1150 812 deinceps
1172 760 1297 800 virum
1321 774 1464 812 genere
1483 761 1627 812 insigni
1646 769 1795 810 natum,
1818 761 2061 802 Academiae
2080 770 2119 803 et
2139 763 2406 804 Berolinensis
2429 772 2468 805 et

459 821 787 862 Vindobonensis
813 822 978 870 socium,
1001 824 1041 861 in
1071 822 1339 863 Universitate
1369 822 1586 863 Graecina‘³
1605 823 1807 875 zoologiae
1833 825 2095 875 professorem
2125 824 2468 876 iucundissimum,

457 883 526 934 qui
545 883 715 923 liliorum
736 883 977 923 marinorum
996 883 1155 935 parasiti
1170 883 1378 923 cuiusdam
1393 886 1635 924 anatomiam
1651 884 1881 936 impeditam
1903 885 2052 936 primus
2068 886 2275 938 explicavit
2282 901 2294 936 ;
2320 888 2469 939 quique

458 958 539 984 non
560 946 683 985 modo
703 958 822 996 opera
841 945 914 984 tria
933 945 1086 996 egregia
1105 946 1156 985 de
1180 947 1437 985 Tarbellarz'zlc
1455 946 1700 998 conscripsit,
1723 948 1794 986 sed
1817 947 1936 986 etiam
1960 949 2011 987 de
2033 948 2265 988 animalium
2288 949 2467 1000 parasitis
2529 969 2535 976 ·

457 1006 497 1045 in
518 1006 744 1047 universum
764 1009 962 1058 praeclare
981 1006 1206 1058 disputavit.
1265 1007 1402 1048 Hodie
1418 1021 1510 1047 vero
1530 1008 1654 1060 magis
1669 1008 1901 1056 iucundum,
1919 1008 2043 1049 immo
2060 1009 2182 1061 magis
2198 1018 2467 1062 opportunum

457 1077 526 1117 est,
563 1069 782 1109 orationem
816 1069 922 1109 illam
956 1069 1140 1109 eximiam
1173 1070 1380 1119 recordari,
1413 1084 1533 1122 quam
1567 1071 1715 1110 abhinc
1747 1084 1875 1112 annos
1912 1073 2102 1112 tredecim
2140 1072 2341 1124 zoologiae
2377 1080 2469 1125 post

458 1132 687 1172 Darwinum
711 1140 891 1172 nostrum
917 1132 1083 1172 fortunis
1109 1132 1381 1173 describendis
1407 1133 1633 1173 dedicavit³.
1694 1134 1816 1184 Quod
1839 1142 1972 1175 autem
1995 1137 2047 1175 ad
2070 1149 2221 1175 annum
2244 1135 2467 1186 proximum

455 1194 606 1244 attinet,
628 1208 864 1246 auguramur
892 1195 1019 1234 virum
1048 1202 1158 1235 tanta
1184 1194 1438 1247 benignitate,
1468 1203 1577 1235 tanta
1605 1196 1793 1236 comitate
1821 1197 2056 1248 praeditum,
2081 1197 2259 1250 gentium
2287 1197 2468 1238 omnium

457 1256 630 1307 zoologis
650 1256 690 1295 in
713 1256 1022 1296 Universitatem
1042 1270 1155 1295 suam
1175 1256 1403 1296 convocatis
1423 1257 1646 1308 praesidem
1665 1259 1748 1298 fore
1768 1258 1852 1298 sine
1871 1258 1996 1298 dubio
2015 1258 2347 1311 acceptissimum.

563 1319 681 1357 Duco
700 1319 752 1357 ad
771 1331 842 1357 vos
863 1319 1122 1357 LunovchM
1143 1329 1200 1356 m:
1220 1319 1377 1358 GRAFF.

565 1434 679 1487 (518)
707 1435 920 1486 Zoologiae
943 1436 1205 1486 professorem
1229 1435 1424 1487 insignem
1446 1437 1735 1475 Monacensem
1756 1435 1945 1487 deinceps
1965 1438 2267 1488 contemplatus,
2289 1437 2469 1489 protinus

456 1498 594 1538 videor
621 1498 719 1537 mihi
746 1505 839 1538 ante
868 1499 1006 1538 oculos
1035 1511 1185 1549 ponere
1207 1501 1299 1549 ‘par
1327 1498 1461 1538 nobile
1484 1499 1645 1538 fratrum
1659 1497 1697 1536 ²⁴.
1757 1499 1863 1539 Cum
1892 1499 2010 1538 fratre
2035 1511 2108 1538 suo
2131 1499 2271 1539 illustri
2296 1498 2471 1540 Berolin·

456 1560 541 1601 ensi
579 1560 841 1609 consociatus,
882 1573 1002 1611 quem
1040 1559 1162 1599 hodie
1199 1567 1448 1611 praesentem
1487 1560 1649 1600 honoris
1687 1573 1807 1600 causa
1849 1561 2098 1610 salutamus¹⁵,
2134 1562 2394 1600 llledusarum
2429 1568 2470 1601 et

459 1624 690 1675 polyporum
733 1624 784 1663 de
826 1624 955 1662 nervis
998 1622 1271 1674 sensibusque,
1310 1636 1528 1663 anemones
1571 1623 1747 1663 marinae
1783 1624 1835 1663 de
1872 1622 2142 1675 embryologia
2179 1631 2218 1663 et
2254 1624 2467 1674 anatomia,

456 1687 684 1727 cellularum
705 1685 747 1725 in
773 1685 999 1726 universum
1023 1687 1074 1726 de
1098 1686 1372 1737 morphologia
1395 1693 1435 1726 et
1453 1686 1710 1738 physiologia,
1732 1685 1994 1725 animantium
2020 1686 2194 1737 denique
2217 1687 2268 1726 de
2293 1687 2471 1738 corporis

456 1749 648 1789 inferioris
682 1749 886 1789 intervallo
920 1750 1094 1800 quodam
1130 1749 1314 1789 interiore
1351 1750 1462 1800 quod
1497 1751 1626 1788 κοῖλον
1657 1749 1914 1798 nominatur⁶‚
1947 1749 2117 1801 plurima
2148 1751 2346 1801 praeclare
2378 1763 2472 1791 con·

456 1812 620 1864 scripsit.
680 1814 783 1864 Ipse,
825 1826 906 1852 non
945 1814 1068 1852 modo
1106 1812 1308 1864 zoologiae
1350 1812 1538 1852 studiosis
1580 1813 1852 1853 encheiridion
1895 1812 2100 1852 doctrinae
2140 1812 2270 1853 variae
2306 1813 2469 1864 plenum

457 1874 649 1923 donavit⁷‚
680 1876 752 1915 sed
785 1874 904 1914 etiam
935 1874 1165 1926 peritiorum
1192 1874 1233 1913 in
1258 1887 1375 1913 usum
1407 1876 1458 1914 de
1486 1876 1810 1914 Radz'olariorum
1839 1874 2124 1925 morphologia‚
2155 1875 2206 1914 de
2238 1875 2471 1914 Actiniaritk

457 1950 481 1976 a
506 1936 748 1976 nostratibus
771 1950 793 1976 e
813 1937 1013 1987 profundo
1034 1936 1131 1975 mari
1151 1936 1388 1987 reportatisss,
1410 1937 1462 1976 de
1480 1938 1756 1975 Protozoorum
1782 1935 1956 1986 denique
1976 1943 2170 1975 structura
2191 1935 2351 1987 vitaque
2373 1942 2468 1985 tota,

457 1998 610 2038 erudite
630 1998 854 2049 disputavit.
914 1999 989 2036 Per
1008 1998 1146 2037 orbem
1167 2005 1356 2037 terrarum
1376 2005 1505 2037 totum
1526 2005 1621 2037 nota
1640 2005 1699 2037 est
1718 1997 1983 2048 praeceptoris
2004 1997 2102 2036 tanti
2118 1998 2255 2037 schola
2269 1996 2470 2048 zoologica

459 2059 726 2108 Monacensis,
749 2073 797 2099 ex
816 2073 905 2110 qua,
929 2063 939 2081 ‘
955 2067 1159 2110 tamquam
1178 2072 1226 2098 ex
1246 2072 1351 2110 equo
1371 2059 1546 2099 Troiano
1560 2060 1599 2107 '⁹,
1622 2066 1681 2098 tot
1700 2058 1845 2098 milites
1865 2057 2006 2109 optimi
2026 2058 2213 2098 exierunt.

566 2123 684 2161 Duco
704 2123 757 2162 ad
776 2135 846 2161 vos
867 2123 1106 2160 R1CARDUM
1127 2122 1348 2160 HERTWIG.

565 2236 680 2290 (519)
701 2236 983 2289 Philosophiae
1006 2238 1268 2288 professorem
1293 2237 1488 2289 insignem
1514 2238 1791 2276 Hauniensem
1817 2235 1990 2276 Darwini
2013 2235 2054 2275 in
2080 2236 2274 2276 honorem
2298 2237 2470 2288 legatum

457 2314 543 2341 esse
570 2300 734 2340 missum
762 2313 882 2340 nemo
909 2299 1124 2349 mirabitur,
1147 2299 1214 2351 qui
1243 2313 1291 2340 ex
1314 2313 1433 2351 opere
1459 2299 1543 2339 eius
1571 2299 1787 2340 novissimo
1814 2299 1953 2340 didicit
1978 2299 2080 2339 inter
2108 2299 2403 2351 philosophiam
2431 2307 2471 2341 et

458 2375 588 2402 rerum
618 2369 781 2402 naturae
812 2361 1017 2401 scientiam
1046 2374 1205 2412 prorsus
1235 2361 1476 2413 distinguere
1504 2375 1696 2413 perquam
1724 2374 1811 2401 esse
1843 2361 2057 2401 arduum10.
2114 2360 2397 2413 Philosophiae
2428 2361 2471 2402 in

457 2425 620 2465 historia
632 2439 703 2465 sua
717 2425 758 2464 in
773 2432 832 2465 tot
843 2424 997 2476 linguas
1009 2423 1175 2473 reddita,
1185 2425 1283 2476 quid
1295 2425 1547 2476 potissimum
1560 2432 1723 2475 spectet,
1733 2426 1898 2465 fortasse
1910 2423 2117 2476 requiritis.
2149 2425 2396 2475 Respondeo
2406 2440 2470 2464 ε·-

457 2487 686 2540 philosophi
716 2487 908 2538 cuiusque
941 2500 1166 2538 personam.
1224 2487 1356 2527 Etiam
1390 2488 1431 2527 in
1467 2488 1749 2540 psychologiae
1787 2488 1930 2537 studio,
1967 2487 2064 2540 quid
2096 2487 2326 2539 praesertim
2363 2501 2471 2540 prae-

457 2550 606 2590 sumit?
649 2553 875 2590 Personam.
928 2549 1097 2596 Deinde,
1112 2550 1311 2602 religionis
1331 2550 1370 2590 in
1392 2551 1655 2602 philosophia,
1673 2559 1712 2591 et
1727 2551 1948 2591 officiorum
1963 2551 2004 2591 in
2024 2551 2171 2591 finibus
2186 2550 2470 2603 proponendis,

458 2612 556 2664 quid
584 2614 748 2652 demum
778 2611 901 2663 magis
930 2611 1059 2651 indies
1086 2619 1180 2652 ante
1206 2614 1345 2652 oculos
1373 2620 1529 2653 nostros
1558 2613 1733 2665 positum
1762 2627 1848 2653 esse
1877 2612 2102 2653 existimat?
2157 2611 2318 2652 Ordinis
2347 2611 2472 2665 magis

458 2675 637 2715 continui
662 2675 866 2727 adpetitio,
894 2675 1036 2726 partim
1066 2675 1106 2714 in
1134 2689 1374 2727 unaquaque
1403 2690 1582 2727 persona,
1611 2676 1752 2727 partim
1785 2676 1886 2715 inter
1914 2689 1956 2715 se
1985 2674 2148 2715 diversis
2177 2674 2218 2714 in
2246 2672 2470 2726 personis¹¹.

460 2737 571 2787 Quid
596 2737 770 2788 denique
796 2739 1058 2789 professorem
1087 2737 1229 2788 ipsum,
1255 2751 1338 2777 non
1364 2739 1487 2777 modo
1515 2737 1692 2789 Reginae
1718 2745 1886 2785 nostrae,
1913 2736 2093 2788 populari
2119 2750 2224 2784 suae,
2253 2737 2324 2776 sed
2352 2735 2471 2776 etiam

458 2799 596 2852 amicis
616 2799 696 2839 suis
716 2798 914 2846 omnibus,
936 2806 1017 2838 tam
1037 2798 1250 2838 amabilem
1271 2799 1430 2838 reddit?
1486 2799 1617 2850 Ipsius
1637 2812 1816 2849 persona.
1875 2797 2030 2837 Videtis
2045 2799 2173 2837 virum
2193 2811 2385 2849 sagacem,
2403 2798 2471 2849 qui

457 2861 618 2901 caritate
638 2874 794 2900 summa
812 2862 999 2900 adversus
1015 2874 1154 2900 omnes
1175 2860 1364 2908 imbutus,
1384 2862 1535 2900 ‘omnia
1550 2861 1729 2912 sperat²12
1741 2874 1753 2909 3
1781 2859 1930 2911 quique
1945 2859 2105 2911 ingenio
2122 2860 2224 2899 bene
2239 2866 2469 2910 temperato,

544 2961 557 2982 ²
584 2962 862 3005 Organographie.
1048 2960 1062 2980 ²
1085 2961 1183 2994 Graz.
1369 2960 1382 2981 ³
1405 2962 1549 3002 Zoologr'e
1561 2961 1621 2992 seit
1633 2961 1796 2992 Darwin.
1980 2959 1994 2980 ⁴
2017 2960 2163 2997 Horace,
2180 2960 2287 2992 Serm.
2303 2958 2326 2991 ii
2343 2968 2374 2999 3,
2394 2968 2467 3001 ²43·

456 3005 470 3026 ⁶
495 3005 600 3038 Oscar
618 3006 782 3048 Hertwig,
802 3005 957 3037 Director
972 3004 1010 3036 of
1027 3005 1084 3037 the
1099 3005 1514 3047 Anatomical-Biological
1531 3004 1697 3041 Institute,
1715 3004 1837 3036 Berlin.
1955 3001 1969 3023 ⁶
1991 3003 2065 3036 The
2085 3004 2220 3035 Coelom.
2334 3001 2348 3022 ⁷
2370 3002 2472 3034 Lehr·

457 3049 539 3081 buch
554 3050 613 3081 der
628 3050 781 3090 Zoologie,
798 3049 850 3080 ed.
871 3059 891 3091 9
908 3047 1033 3091 (1907).
1199 3046 1214 3068 ⁸
1237 3048 1310 3081 The
1330 3048 1561 3090 ‘Challenger’
1578 3047 1783 3089 expedition.
1956 3046 1971 3067 ⁹
1994 3046 2124 3084 Cicero,
2141 3047 2195 3078 De
2213 3046 2360 3082 Oratore,
2376 3044 2399 3076 ii
2415 3054 2469 3088 94.

457 3092 485 3113 ¹⁰
507 3093 659 3124 Darwin
674 3093 747 3124 and
757 3093 898 3125 Modern
914 3092 1053 3129 Science,
1069 3090 1133 3132 446
1144 3091 1166 3123 f.
1326 3091 1353 3111 Π
1376 3091 1620 3133 Philosophical
1631 3091 1809 3130 Problems,
1828 3101 1862 3133 p.
1884 3090 1955 3131 158.
2130 3088 2157 3110 ¹²
2181 3089 2216 3122 S.
2235 3088 2328 3121 Pauli
2344 3088 2411 3130 Ep.
2426 3088 2474 3120 ad

461 3136 536 3169 Cor.
554 3143 565 3167 1
583 3135 641 3167 xiii
660 3144 687 3177 7.

1426 3219 1502 3256 230
