2704 3770
713 335 770 402 J.
809 336 994 386 Lz’ster.
1067 338 1135 387 D.
1178 337 1232 387 C.
1276 337 1545 387 O‘Connor.
1601 338 1660 404 s.
1701 339 1885 390 Simon.
1954 339 2023 388 A.
2076 339 2234 388 Wood.

585 481 671 534 (45)
712 483 845 532 Quam
872 484 1005 531 multa,
1029 496 1131 534 quae
1156 482 1309 535 antiqui
1329 483 1534 523 temeraria
1556 484 1731 535 quadam
1756 483 1984 524 coniectura
2003 483 2164 524 fortuito
2183 484 2354 524 assecuti
2379 492 2482 535 sunt,

476 556 584 583 nunc
613 545 777 583 demum
806 543 1022 584 hodiernae
1051 544 1239 585 scientiae
1267 546 1546 596 experimentis
1575 558 1665 585 vera
1694 558 1780 585 esse
1808 553 1976 585 constat.
2035 547 2127 597 Ipse
2154 545 2360 586 Lucretius
2388 545 2484 586 olim

477 606 718 647 divinaverat
739 607 899 647 morbos
918 607 1067 648 idcirco
1085 609 1262 660 generari
1284 610 1293 628 ‘
1306 607 1491 647 nimirum
1513 608 1606 659 quia
1632 615 1724 647 sunt
1747 609 1960 647 multarum
1987 607 2139 648 semina
2163 621 2304 657 rerum,
2326 616 2365 649 et
2391 608 2485 649 satis

477 669 577 708 haec
596 670 711 708 tellus
732 668 847 708 nobis
867 671 1102 721 caelumque
1122 669 1215 709 mali
1235 671 1318 718 fert,
1342 671 1449 709 unde
1469 676 1589 721 queat
1609 669 1666 717 vis
1685 669 1870 709 immensi
1889 682 2137 721 procrescere
2158 668 2338 710 morbi'¹.

584 732 709 783 Atqui
729 745 856 783 usque
874 734 926 772 ad
946 740 1146 772 recentem
1167 732 1399 772 memoriam
1419 732 1559 772 incerti
1578 733 1761 772 errabant
1780 731 1937 780 medici,
1959 739 2002 771 ut
2028 732 2207 772 eiusdem
2231 732 2361 772 verbis
2387 739 2482 781 utar,

479 795 488 812 ‘
501 801 679 845 expertes
699 794 797 845 opis,
819 794 943 845 ignari
963 794 1060 846 quid
1079 797 1241 835 volnera
1260 796 1405 834 vellent
1418 795 1455 832 '2.
1515 796 1635 834 Nunc
1654 801 1799 843 autem,
1822 793 1924 833 sicut
1944 794 2069 834 nostis
2089 793 2174 845 ipsi,
2197 807 2268 845 per
2282 795 2486 846 Europam

475 863 611 905 totam,
643 857 812 908 chirurgi
842 859 921 897 fere
954 871 1094 898 omnes
1126 857 1362 897 Machaonis
1396 857 1519 897 nostri
1556 865 1812 908 praeceptum
1850 856 1948 896 illud
1977 857 2220 907 praeclarum
2255 863 2484 908 sequuntur,

478 918 626 959 scilicet
659 921 699 958 in
730 919 956 959 volneribus
988 920 1174 959 sanandis
1204 919 1301 958 nihil
1336 919 1459 971 magis
1489 920 1688 971 prodesse,
1720 932 1840 970 quam
1872 918 1989 958 noxia
2018 918 2083 958 illa
2116 931 2246 958 rerum
2271 917 2487 970 primordia

478 995 634 1021 summa
647 995 740 1021 cura
754 996 896 1022 arcere.
947 984 1088 1034 Itaque
1108 996 1200 1022 cum
1220 990 1331 1022 tanto
1351 982 1434 1022 viro
1454 995 1527 1022 nos
1548 995 1708 1034 quoque
1727 981 1896 1021 libenter
1915 982 2057 1021 foedus
2076 980 2228 1030 icimus,
2243 979 2484 1033 dextraeque

478 1043 533 1082 illi
553 1043 772 1096 intrepidae
792 1045 969 1084 dextram
990 1044 1164 1095 hospitio
1184 1044 1393 1096 iungimus.
1454 1045 1571 1084 Duco
1590 1045 1642 1084 ad
1662 1057 1731 1083 vos
1753 1044 1975 1082 IOSEPHUM
1997 1044 2164 1082 L1sTER.

588 1179 675 1232 (46)
710 1182 904 1232 Magnum
925 1189 983 1221 est
1003 1181 1219 1220 insularum
1241 1179 1558 1220 Britannicarum
1579 1178 1744 1219 medicis
1759 1178 1800 1218 in
1820 1176 1987 1218 consilio
2003 1177 2312 1217 deliberantibus
2332 1191 2488 1217 summa

479 1255 572 1281 cum
597 1241 788 1293 dignitate
813 1242 1029 1293 praefuisse
1043 1257 1053 1292 ;
1082 1241 1174 1282 felix
1199 1241 1330 1281 officio
1357 1254 1430 1281 suo
1455 1241 1606 1293 optime
1626 1241 1819 1287 functum,
1841 1238 2059 1279 successori
2085 1238 2317 1290 dignissimo
2342 1252 2488 1278 munus

479 1302 710 1343 reddidisse.
770 1302 870 1352 Quis
896 1311 1029 1342 autem
1056 1304 1173 1343 nobis
1199 1304 1320 1343 debet
1345 1316 1432 1343 esse
1452 1301 1702 1342 coniunctior
1720 1314 1840 1352 quam
1861 1300 1893 1339 is
1914 1300 1982 1351 qui
2002 1299 2227 1351 nuperrime
2246 1300 2487 1352 reipublicae

479 1364 659 1404 medicae
683 1365 950 1416 gubernacula
975 1364 1041 1403 illa
1061 1364 1130 1404 uni
1150 1378 1173 1404 e
1191 1364 1478 1415 professoribus
1499 1363 1642 1404 nostris
1662 1363 1836 1402 tenenda
1855 1361 2016 1401 tradidit
2029 1361 2066 1400 ?⁸
2122 1361 2186 1400 Illi
2204 1375 2297 1401 vero
2321 1375 2344 1401 e
2368 1368 2486 1412 portu

479 1426 558 1465 iam
585 1425 764 1474 solventi,
786 1439 905 1466 nemo
932 1426 1055 1477 magis
1080 1427 1210 1465 favere
1236 1433 1367 1477 potest
1391 1439 1511 1477 quam
1534 1425 1600 1464 hic
1619 1424 1688 1476 qui
1708 1437 1755 1463 ex
1773 1425 1854 1463 alto
1874 1422 1914 1462 in
1934 1430 2093 1473 portum
2112 1422 2291 1463 invectus
2311 1430 2381 1471 est,
2401 1422 2487 1475 ipse

481 1487 521 1526 in
542 1488 722 1539 Collegio
743 1489 946 1527 Professor
964 1501 1088 1539 prope
1108 1488 1409 1528 celeberrimum
1430 1487 1651 1528 Hiberniae
1670 1494 1830 1538 portum
1850 1486 1992 1538 posito.
2052 1487 2089 1526 Ο
2113 1486 2146 1526 si
2171 1499 2363 1537 umquam
2386 1486 2489 1527 inter

480 1563 643 1590 nemora
662 1550 793 1602 portui
812 1550 867 1590 illi
886 1550 1024 1599 vicina,
1047 1550 1220 1602 lapidem
1240 1550 1351 1590 illum
1371 1551 1608 1598 fabulosum,
1630 1563 1768 1589 saxum
1787 1549 1887 1589 illud
1906 1549 2167 1600 eloquentiae,
2189 1549 2334 1590 oratori
2358 1556 2488 1590 vestro

480 1613 708 1665 contigisset
727 1613 921 1662 osculari3
952 1621 1036 1653 tum
1064 1615 1243 1665 profecto
1268 1621 1328 1654 tot
1346 1621 1386 1654 et
1405 1621 1536 1654 tantos
1560 1613 1663 1653 viros
1688 1627 1736 1653 ea
1761 1626 1840 1664 qua
1865 1626 1935 1664 par
1960 1620 2043 1653 erat
2068 1613 2298 1665 eloquentia
2322 1614 2484 1654 laudare

479 1676 682 1727 potuisset.
754 1678 954 1725 Ceterum,
987 1684 1205 1727 utcumque
1239 1678 1338 1717 haec
1377 1685 1479 1727 sunt,
1515 1683 1726 1729 praesento
1756 1676 1870 1716 vobis
1904 1678 2172 1717 Professorem
2210 1675 2487 1725 venerabilem,

481 1738 707 1778 Praesidem
737 1739 944 1790 optimum,
979 1741 1196 1779 Doctorem
1226 1740 1475 1780 O‘CONNOR.

588 1873 675 1926 (47)
713 1875 839 1914 Adest
871 1873 1061 1926 deinceps
1093 1874 1150 1913 vir
1183 1875 1234 1914 de
1267 1873 1434 1914 sanitate
1467 1873 1606 1926 populi
1638 1874 1761 1914 nostri
1794 1874 1944 1914 tuenda
1975 1881 2096 1925 atque
2128 1875 2310 1926 augenda
2337 1873 2488 1925 optime

480 1936 653 1976 meritus.
713 1937 836 1986 Quod
865 1936 897 1975 si
926 1936 1042 1976 huius
1071 1937 1142 1976 viri
1170 1938 1320 1985 laudes,
1343 1936 1445 1976 sicut
1473 1936 1720 1985 meministis,
1746 1937 1866 1977 etiam
1894 1938 1947 1977 ab
1975 1938 2115 1977 exteris
2143 1937 2327 1989 gentibus
2357 1939 2488 1989 palam

479 1999 728 2049 praedicatae
766 2005 868 2046 sunt,
904 2006 1055 2049 quanto
1085 1998 1208 2050 magis
1240 1998 1292 2038 ab
1326 1998 1420 2050 ipsis
1460 1998 1657 2038 Britannis
1695 2006 1754 2038 tot
1791 1998 2077 2038 beneficiorum
2113 2006 2315 2038 auctorem
2352 1999 2488 2039 animo

478 2060 700 2110 gratissimo
730 2060 1032 2099 commemorari
1060 2073 1224 2099 necesse
1253 2067 1323 2099 est.
1384 2061 1524 2111 Ipsum
1554 2059 1791 2100 Ciceronem
1820 2060 1861 2099 in
1889 2060 1998 2099 libris
2030 2060 2106 2100 illis
2135 2073 2236 2111 quos
2262 2061 2314 2099 de
2335 2060 2488 2112 legibus

479 2123 714 2174 composuit,
749 2122 948 2174 scripsisse
986 2124 1249 2169 recordamur,
1281 2122 1420 2174 populi
1458 2123 1625 2162 salutem
1664 2136 1889 2174 supremam
1927 2135 2013 2162 esse
2043 2122 2202 2174 legem‘-
2261 2124 2366 2175 Ergo
2404 2123 2488 2164 iure

481 2184 634 2236 optimo
654 2186 805 2236 Legum
829 2186 1046 2224 Doctorem
1067 2184 1188 2224 hodie
1213 2197 1393 2224 creamus
1413 2184 1539 2223 virum
1559 2185 1610 2224 de
1629 2184 1767 2236 populi
1787 2186 1912 2224 salute
1932 2186 2129 2236 praeclare
2149 2184 2344 2232 meritum,
2361 2184 2487 2225 virum

481 2246 695 2286 litterarum
717 2259 880 2297 quoque
899 2246 1017 2285 laude
1036 2245 1244 2297 insignem,
1268 2247 1472 2285 IOANNEM
1493 2247 1644 2285 S1MON.

590 2383 677 2436 (48)
715 2383 876 2424 Claudit
896 2383 1038 2424 seriem
1059 2390 1233 2423 nostram
1253 2385 1460 2423 ANDREAS
1482 2385 1626 2432 Woon,
1649 2383 1706 2423 vir
1726 2384 1971 2425 Caledoniae
1990 2397 2039 2423 ex
2058 2383 2226 2424 Athenis
2245 2383 2489 2425 Academiae

480 2453 637 2485 nostrae
663 2445 797 2497 spatiis
823 2447 975 2493 allatus,
997 2458 1118 2497 quem
1144 2458 1227 2484 non
1251 2446 1375 2486 modo
1403 2445 1607 2485 Minervae
1635 2445 1821 2485 Medicae
1844 2445 1916 2485 sed
1941 2444 2115 2496 ipsarum
2138 2444 2258 2484 etiam
2279 2447 2486 2486 Musarum

478 2507 580 2547 inter
599 2509 769 2548 cultores
788 2521 874 2548 esse
894 2507 1011 2547 iuvat.
1063 2507 1249 2547 Meminit
1264 2509 1430 2548 fortasse
1446 2507 1716 2560 Vergilianum
1735 2507 1847 2547 illum
1869 2507 2009 2560 Iapim,
2024 2507 2090 2547 cui
2108 2509 2258 2559 Apollo
2275 2511 2284 2528 ‘
2296 2508 2487 2549 citharam

479 2571 601 2610 dabat
614 2572 632 2620 ',
658 2571 777 2611 ‘scire
796 2578 1012 2622 potestates
1032 2571 1243 2610 herbarum
1263 2584 1462 2623 usumque
1483 2571 1693 2612 medendi'
1714 2571 1943 2621 maluisse⁶;
1971 2573 2043 2612 sed
2068 2585 2141 2612 suo
2161 2571 2284 2623 ipsius
2304 2574 2487 2624 exemplo

479 2633 660 2683 probavit
710 2634 868 2673 ‘dulce'
906 2633 1005 2673 illud
1054 2634 1256 2674 ‘laborum
1302 2634 1498 2674 lenimen'
1535 2647 1628 2674 cum
1665 2642 1748 2674 arte
1786 2635 1976 2675 medendi
2013 2648 2100 2675 esse
2137 2636 2482 2676 consentaneum³.

482 2698 731 2737 Recordatur
767 2704 873 2737 certe
908 2696 1123 2736 Horatium
1156 2696 1267 2736 illum
1301 2710 1429 2746 suum,
1464 2698 1694 2748 Apollinem
1727 2697 1858 2749 ipsum
1892 2699 2063 2746 laudare,
2099 2710 2182 2737 non
2215 2699 2338 2737 modo
2375 2698 2487 2749 quod

484 2759 663 2799 ‘salutari
683 2761 785 2800 levet
803 2768 886 2799 arte
905 2760 1029 2799 fessos
1050 2759 1225 2811 corporis
1244 2766 1351 2799 artus
1365 2760 1385 2807 '‚
1407 2760 1478 2799 sed
1503 2759 1624 2799 etiam
1651 2760 1744 2811 quia
1766 2762 1933 2800 ‘novem
1961 2760 2149 2801 Camenis
2175 2761 2385 2811 acceptus'
2404 2759 2484 2800 sit⁷.

588 2890 728 2928 Restat
756 2895 799 2928 ut
827 2902 898 2929 vos
926 2902 1077 2938 omneS,
1100 2889 1168 2940 qui
1193 2889 1391 2929 sociorum
1420 2896 1637 2929 vestrorum
1664 2891 1802 2930 laudes
1828 2897 1938 2930 tanta
1965 2890 2244 2930 benevolentia
2269 2889 2484 2939 audivistis,

480 2957 592 2990 tanto
617 2952 757 3002 plausu
783 2952 1001 3004 excepistis,
1024 2951 1266 2992 Academiae
1292 2951 1456 2992 nomine
1481 2953 1610 2992 valere
1635 2952 1854 2992 iubeamus.
1914 2953 2051 3004 Ipsum
2074 2952 2302 2992 Medicinae
2328 2953 2485 2992 Patrem

656 3065 666 3085 ¹
693 3065 874 3103 Lucretius,
901 3065 934 3096 vi
958 3065 1018 3097 662
1034 3065 1056 3096 f.
1374 3063 1388 3084 2
1411 3066 1454 3097 ib.
1478 3076 1499 3097 v
1522 3066 1597 3109 998.
1992 3064 2007 3086 ⁸
2030 3066 2073 3099 G.
2091 3066 2140 3098 M.
2162 3065 2351 3108 Humphry.

655 3107 668 3126 ‘¹
690 3108 819 3145 Cicero,
845 3109 896 3140 De
919 3108 1069 3149 Legibus,
1096 3108 1131 3140 iii
1155 3109 1186 3140 8.
1371 3107 1387 3171 ⁵⁷
1406 3109 1528 3184 Ξίαῑὲφιὲ,
1545 3110 1634 3183 ἑξέτει..
1649 3108 1804 3184 6>ῗὶίἱὶ39ᾶ
1989 3108 2003 3129 ⁶
2029 3109 2140 3141 Carm.
2160 3109 2171 3140 i
2189 3119 2240 3150 32,
2262 3119 2311 3151 15.

1463 3226 1510 3263 26
