2704 3770
267 310 366 360 Sir
394 301 691 360 Nathanz‘el
717 311 943 377 Lindley.
1017 312 1258 361 Leonard
1286 312 1468 376 Henmt
1506 312 1768 378 Courtney.
1841 315 1912 364 A.
1966 316 2018 364 V.
2060 316 2230 381 Dz'cey.

238 458 363 512 ipsius
389 459 537 501 auxilio
564 459 607 500 in
634 461 766 501 lucem
795 460 960 502 emissas
972 475 984 511 3
1013 462 1122 502 hunc
1150 473 1234 502 non
1263 461 1389 502 modo
1419 461 1661 502 Linceorum
1690 461 1911 502 Academia
1938 463 2124 503 Romana
2152 464 2271 505 sociis

239 521 332 572 suis,
353 522 426 563 sed
445 521 567 562 etiam
589 521 704 562 Italia
723 529 808 563 tota
827 522 1078 563 senatoribus
1098 522 1179 563 suis
1198 522 1341 564 merito
1360 523 1595 575 adscripsit;
1623 523 1741 563 huius
1761 525 1868 563 fama
1886 526 1989 563 ultra
2003 525 2152 575 patriae
2172 527 2271 565 fines

237 597 264 626 a
295 597 339 626 se
369 584 459 637 ipso
488 592 571 625 tam
599 584 810 637 diligenter
838 584 1059 637 descriptos
1087 585 1208 626 etiam
1234 585 1277 625 in
1305 585 1402 626 alias
1432 586 1619 637 Europae
1647 592 1779 636 partes
1807 585 1998 626 latissime
2027 586 2170 626 diffusa
2198 595 2269 627 est.

238 646 360 688 Asiae
378 646 561 700 regiones
579 647 870 700 pulcherrimae
890 646 1103 700 (Vergilio²
1121 648 1155 688 si
1174 647 1392 701 credimus)
1415 648 1556 688 Italiae
1571 661 1664 688 cum
1679 647 1867 688 laudibus
1883 655 2032 688 certare
2047 657 2253 700 nequeunt
2262 664 2272 699 3

241 711 427 763 Europae
444 718 584 763 gentes
603 711 800 752 maximae
820 712 960 752 Italiae
979 713 1154 764 legatum
1180 711 1379 764 insignem
1403 710 1592 752 certatim
1608 712 1783 751 laudant.
1847 711 1947 751 Belli
1973 718 2079 751 certe
2101 719 2141 752 et
2163 712 2272 764 pacis

237 779 342 813 artes
361 771 528 814 feliciter
545 773 800 814 consociatae
819 780 912 814 sunt
933 773 1073 814 Italiae
1092 773 1134 814 in
1154 775 1285 826 legato
1304 773 1456 823 illustri,
1477 775 1708 813 ANNIBALE
1729 773 1943 812 FERRERo.

347 884 463 939 (284)
491 886 673 939 Assurgit
698 886 891 940 deinceps
914 887 1007 927 artis
1033 887 1239 928 herbariae
1264 886 1498 939 professoris
1524 886 1714 939 praeclari
1740 886 1844 927 filius
1873 886 2045 937 illustris,
2074 887 2144 939 qui
2173 888 2270 928 olim

237 947 438 1001 scriptoris
456 949 679 990 doctissimi
697 948 862 1001 vestigia
881 957 1053 999 secutus,
1067 951 1120 990 ad
1140 949 1472 1002 iurisprudentiae
1492 948 1671 990 studium
1690 949 1823 989 aditus
1843 949 2038 990 faciliores
2059 950 2272 1000 reddidit²;

237 1011 308 1064 qui
325 1019 467 1065 postea
485 1012 686 1053 societatis
705 1014 758 1053 de
777 1012 861 1053 iure
880 1012 1103 1053 identidem
1118 1012 1271 1064 optime
1286 1012 1491 1054 disseruit³
1498 1027 1510 1062 3
1538 1012 1608 1065 qui
1625 1011 1817 1064 plurimos
1832 1024 1903 1064 per
1918 1026 2047 1052 annos
2062 1013 2273 1065 aequitatis

236 1073 371 1129 potius
400 1087 523 1127 quam
549 1074 643 1115 iuris
672 1083 741 1115 aut
767 1075 902 1127 scripti
932 1082 1001 1115 aut
1027 1074 1207 1115 tralaticii
1234 1074 1482 1127 provinciam
1511 1074 1588 1115 sibi
1616 1074 1772 1127 egregie
1800 1074 2027 1115 vindicavit.
2087 1078 2124 1114 A
2153 1081 2272 1127 po'e'ta

236 1137 415 1188 quodam
436 1138 626 1178 Romano
646 1137 712 1179 ille
731 1139 956 1178 fortunatus
975 1151 1064 1178 esse
1082 1137 1239 1186 dicitur,
1260 1137 1340 1190 qui,
1363 1137 1468 1178 vitae
1487 1136 1631 1189 agresti
1655 1136 1827 1185 deditus,

1357 1215 1456 1254 ‘nec
1485 1214 1611 1254 ferrea
1639 1213 1724 1253 iura

699 1267 967 1320 insanumque
995 1269 1125 1308 forum
1154 1275 1223 1309 aut
1251 1267 1391 1320 populi
1420 1267 1614 1308 tabularia
1642 1267 1742 1308 vidit
1755 1268 1784 1290 '⁴
1795 1282 1808 1318 ;

237 1340 323 1382 iura
340 1354 434 1382 vero
452 1341 663 1394 aequitatis
682 1342 736 1382 ab
755 1343 834 1382 hoc
855 1341 938 1382 viro
958 1356 1026 1382 sex
1045 1350 1085 1383 et
1104 1342 1263 1394 triginta
1286 1356 1357 1394 per
1379 1355 1508 1382 annos
1532 1341 1842 1394 prudentissime
1869 1341 2062 1393 exposita,
2086 1356 2166 1382 non
2194 1343 2273 1383 iam

240 1405 408 1446 ‘ferrea’
426 1406 510 1455 sed,
531 1407 640 1446 velut
661 1405 897 1446 Lesbiorum
922 1407 1099 1458 regulam
1122 1406 1230 1446 illam
1254 1406 1521 1458 plumbeam⁵,
1543 1407 1595 1446 ad
1622 1420 1705 1446 rem
1733 1419 2061 1458 unamquamque
2082 1406 2276 1458 exquisite

237 1469 544 1510 accommodata
569 1481 657 1508 esse
688 1467 854 1509 dixerim
868 1482 879 1517 3
909 1470 1038 1508 forum
1068 1476 1217 1517 autem,
1247 1468 1312 1508 cui
1339 1482 1496 1509 summa
1532 1482 1624 1508 cum
1654 1467 1848 1520 dignitate
1877 1468 2087 1519 praesidet,
2118 1476 2273 1509 tantum

236 1530 352 1571 abest
377 1537 421 1570 ut
453 1529 682 1571 ‘insanum'
709 1530 769 1579 sit,
801 1538 845 1570 ut
873 1530 968 1570 iuris
997 1530 1084 1570 sani
1113 1539 1153 1571 et
1182 1530 1304 1571 sobrii
1332 1530 1446 1583 quasi
1475 1531 1670 1582 templum
1700 1537 1739 1570 et
1768 1531 1923 1581 asylum
1953 1543 2040 1571 esse
2069 1530 2274 1581 videatur;

237 1593 477 1635 tabularium
505 1594 691 1646 denique,
713 1594 777 1635 cui
805 1608 933 1646 nuper
955 1594 1122 1635 feliciter
1140 1594 1389 1646 praepositus
1409 1601 1481 1644 est,
1503 1593 1596 1634 iuris
1620 1601 1660 1633 et
1683 1592 1871 1634 historiae
1897 1593 2150 1633 Britannicae
2173 1594 2276 1634 inter

237 1656 370 1697 fontes
388 1655 610 1698 uberrimos
631 1670 717 1698 esse
737 1656 879 1697 merito
899 1656 1153 1697 existimatur.

348 1719 468 1760 Duco
513 1721 567 1760 ad
613 1733 685 1760 vos
731 1718 906 1760 iudicem
954 1718 1163 1771 insignem,
1207 1718 1346 1771 populi
1393 1718 1518 1759 nostri
1565 1717 1749 1758 tabularii
1795 1717 2020 1769 praesidem
2069 1718 2273 1769 illustrem,

221 1782 565 1823 ·NAT1·1AN11·:LEM
597 1785 803 1823 LmDLEY.

348 1889 464 1944 (285)
502 1890 644 1931 Hodie
680 1889 860 1931 redditus
893 1897 954 1930 est
991 1890 1110 1931 nobis
1147 1892 1334 1931 alumnus
1374 1897 1519 1939 noster,
1555 1889 1625 1941 qui
1664 1889 1805 1930 studiis
1845 1889 2139 1930 mathematicis
2178 1890 2274 1930 olim

237 1952 413 2007 insignis,
445 1953 615 2006 Collegii
650 1953 744 1994 Divi
774 1953 939 1994 Ioannis
971 1954 1103 1994 socius
1132 1956 1221 2006 plus
1251 1968 1373 2006 quarn
1403 1955 1527 1994 semel
1556 1961 1616 1994 est
1645 1955 1796 1994 electus
1812 1969 1823 2003 3
1861 1953 2012 2005 quique
2041 1955 2274 2006 professoris

237 2029 404 2058 munere
428 2016 532 2058 inter
555 2016 850 2058 Londinienses
875 2017 1077 2069 paulisper
1101 2025 1276 2067 ornatus,
1298 2026 1450 2070 postea,
1473 2019 1562 2070 plus
1589 2031 1711 2070 quam
1735 2017 1874 2070 viginti
1898 2031 1968 2069 per
1993 2031 2133 2067 annos,
2156 2031 2207 2058 ne
2234 2018 2274 2057 in

237 2080 387 2121 Senatu
406 2079 572 2132 quidem
593 2079 825 2120 Britannico
844 2081 1109 2132 professorem
1129 2094 1289 2132 prorsus
1309 2080 1428 2121 exuit.
1487 2082 1584 2121 Non
1604 2080 1837 2132 professoris
1863 2087 2019 2120 tantum
2041 2080 2275 2120 Academici

235 2143 309 2184 sed
338 2141 459 2183 etiam
493 2142 662 2184 Senatus
696 2142 819 2194 ipsius
852 2143 1043 2194 praesidis
1077 2145 1267 2185 cathedra
1295 2157 1417 2196 quam
1447 2143 1591 2196 dignus
1622 2151 1705 2184 erat
1733 2158 1757 2184 a
1790 2143 1970 2196 plurimis
2002 2143 2273 2184 existimatus!

238 2206 439 2258 Quotiens
457 2208 554 2248 olim
574 2207 615 2248 in
635 2209 733 2248 actis
748 2207 900 2248 diurnis
915 2208 1034 2248 huius
1048 2222 1072 2248 a
1087 2207 1300 2260 prudentia
1312 2208 1587 2260 imprudentes
1603 2207 1881 2249 discebamus⁶
1894 2222 1904 2256 3
1937 2221 2058 2259 quam
2075 2206 2276 2258 sapienter

237 2269 280 2310 in
298 2269 504 2322 provincia
522 2270 605 2311 sive
624 2285 755 2311 rerum
775 2271 1087 2312 domesticarum
1108 2271 1191 2312 sive
1213 2271 1463 2312 coloniarum
1488 2271 1570 2312 sive
1593 2271 1731 2312 aerarii
1756 2271 2074 2312 administranda
2099 2279 2276 2311 versatus

237 2340 299 2374 eet
311 2347 323 2383 ;
350 2341 502 2386 quanta
520 2347 614 2374 cum
633 2333 822 2386 gravitate
846 2334 887 2374 in
913 2334 1270 2375 deliberationibus
1296 2335 1460 2387 magnis,
1483 2335 1565 2376 sive
1585 2337 1638 2377 de
1657 2335 1796 2387 populi
1820 2335 1941 2376 totius
1961 2334 2274 2384 enumeratione,

238 2394 322 2436 sive
340 2396 393 2437 de
412 2395 643 2437 Britanniae
661 2395 860 2448 operariis,
879 2396 962 2437 sive
981 2398 1033 2437 de
1054 2397 1197 2438 Indiae
1218 2404 1381 2437 moneta
1400 2397 1600 2437 interfuit!
1660 2398 1753 2449 Ipse
1774 2411 1856 2437 non
1877 2397 1955 2437 iam
1977 2397 2095 2437 unius
2119 2405 2275 2437 tantum

239 2457 390 2499 metalli
415 2459 488 2499 sed
510 2458 595 2499 auri
617 2466 739 2510 atque
764 2459 917 2511 argenti
935 2472 958 2499 e
978 2460 1111 2499 valore
1135 2466 1323 2499 monetae
1347 2473 1576 2499 mensuram
1596 2460 1813 2511 petendam
1835 2458 1992 2511 putat⁷z
2022 2473 2097 2499 nos
2116 2459 2274 2499 interim

239 2520 425 2562 virtutem
451 2528 491 2561 et
516 2519 782 2572 integritatem
808 2521 893 2562 eius
919 2521 1158 2573 singularem
1188 2520 1230 2561 in
1259 2522 1410 2561 Senatu
1442 2520 1684 2570 Britannico,
1710 2522 1819 2561 velut
1846 2535 1986 2561 aurum
2017 2521 2057 2560 in
2086 2520 2179 2573 igni,
2205 2521 2274 2561 diu

239 2590 460 2636 spectatam
485 2590 526 2624 et
551 2583 761 2635 probatam
788 2582 866 2624 iam
893 2584 1049 2624 dudum
1073 2583 1347 2635 contemplati,
1375 2597 1468 2623 cum
1493 2582 1637 2623 Stoicis
1666 2582 1837 2623 libenter
1865 2584 2114 2632 confitemur,
2143 2584 2272 2623 solum

239 2645 462 2698 sapientem
495 2658 583 2686 esse
616 2644 812 2694 divitem⁸,
846 2647 998 2686 nullam
1031 2645 1112 2686 vim
1146 2645 1231 2686 auri
1261 2653 1301 2686 et
1333 2644 1486 2696 argenti
1519 2643 1641 2696 pluris
1675 2657 1795 2696 quam
1827 2645 2012 2685 virtutem
2042 2658 2130 2686 esse
2162 2645 2275 2685 aesti-

242 2709 444 2750 mandam.

351 2774 470 2814 Duco
489 2773 542 2814 ad
560 2785 632 2813 vos
652 2774 822 2813 Senatus
843 2772 1062 2814 Britannici
1083 2774 1294 2820 Catonem,
1319 2774 1598 2812 LEONARDUM
1621 2774 1866 2812 HENRICUM
1889 2773 2140 2813 COURTNEY.

349 2877 464 2931 (286)
505 2877 606 2919 Iuris
644 2878 803 2930 Anglici
840 2878 943 2919 inter
980 2879 1231 2920 Oxonienses
1274 2880 1484 2930 professor,
1525 2877 1622 2917 olim
1662 2877 1830 2929 Collegii
1871 2877 2092 2927 Balliolani,
2134 2886 2273 2929 postea

241 2941 437 2983 Omnium
466 2941 702 2982 Animarum
731 2942 901 2995 Collegii
929 2944 1080 2983 electus
1109 2942 1253 2991 socius,
1275 2942 1470 2994 triplicem
1500 2941 1555 2982 ob
1581 2955 1743 2982 causam
1767 2941 1870 2982 inter
1895 2941 2042 2993 peritos
2071 2943 2256 2982 laudatur
2264 2957 2274 2991 ;

329 3028 343 3051 ¹
368 3030 479 3072 Georg.
499 3030 522 3063 ii
542 3031 614 3072 138.
789 3030 804 3052 ²
827 3031 1060 3064 Introduction
1077 3035 1112 3064 to
1127 3031 1184 3064 the
1202 3031 1309 3073 Study
1325 3030 1365 3062 of
1374 3029 1633 3072 Jurisprudence
1648 3029 1809 3069 (founded
1825 3040 1869 3062 on
1886 3029 2063 3063 Thibaut's
2077 3031 2203 3072 System
2218 3031 2274 3063 des

242 3072 564 3116 Pandektenrechts)‚
587 3074 680 3116 1855.
844 3073 859 3095 ⁸
881 3076 966 3107 Law
981 3076 1023 3118 os
1030 3075 1254 3117 Partnerslu'p
1267 3075 1342 3107 and
1356 3074 1559 3117 Campania,
1579 3074 1632 3106 ed.
1649 3072 1681 3112 6,
1706 3074 1798 3116 1893.
1957 3073 1971 3094 ⁴
1998 3074 2110 3116 Georg.
2131 3074 2154 3107 ii
2171 3085 2231 3116 501
2246 3075 2267 3107 f.

243 3117 257 3138 ⁵
278 3118 452 3156 Aristotle,
469 3118 599 3155 Ethics,
616 3129 638 3150 v
658 3129 707 3155 ιο,
725 3128 755 3161 7.
931 3117 946 3139 ⁸
971 3119 1011 3151 In
1029 3119 1086 3151 the
1102 3119 1186 3160 days
1202 3119 1299 3151 when
1314 3118 1358 3150 he
1375 3128 1442 3150 was
1458 3128 1478 3149 a
1494 3117 1626 3159 regular
1637 3117 1749 3150 writer
1764 3117 1815 3150 sor
1838 3117 1904 3150 The
1927 3118 2044 3150 Times.
2202 3118 2215 3139 ⁷
2240 3120 2271 3151 A

245 3164 255 3179 ⁸
267 3162 439 3194 moderate
454 3161 647 3194 bimetallist
661 3162 682 3193 '.
816 3163 830 3183 ⁸
854 3163 984 3201 Cicem,
998 3168 1062 3204 pro
1077 3163 1239 3199 Murena,
1257 3162 1295 3195 61
1310 3174 1318 3199 ;
1346 3162 1521 3194 Paradoxa
1538 3162 1734 3201 Stoicomm,
1751 3160 1784 3193 6.

352 3245 381 3275 s.
412 3245 431 3272 s
1218 3247 1288 3285 137
2116 3237 2161 3273 18
