2704 3770
684 341 885 391 Abram
919 343 992 391 N.
1034 341 1315 406 Lz'ttlejolm.
1390 342 1766 407 Hollz'ngwortlz
1810 344 1859 391 T
1854 344 1959 407 ully
1992 342 2055 390 K
2050 343 2244 407 z'ngdon.

1295 563 1319 594 2
1356 546 1475 595 Dec.
1523 563 1539 594 1
1551 549 1648 596 880

573 658 660 710 (51)
694 660 986 698 REIPUBLICAE
1019 657 1215 698 maximae
1249 659 1590 699 Transatlanticae
1627 660 1754 699 civem
1792 659 2009 700 litterarum
2049 658 2293 712 Respublica
2330 659 2474 700 Canta-

469 720 672 772 brigiensis
710 719 831 759 hodie
871 721 1019 759 salvere
1056 718 1167 759 iubet
1179 733 1191 768 ;
1238 720 1529 759 foederatarum
1567 719 1722 759 illarum
1764 720 1981 760 civitatium
2014 728 2120 760 trans
2155 722 2363 761 Oceanum
2396 722 2475 761 late

467 782 688 834 patentium
721 796 769 822 ex
801 780 998 832 episcopis
1031 793 1156 820 unum
1187 781 1308 821 hodie
1342 783 1485 821 salutat
1514 781 1762 822 Universitas
1792 781 1859 822 illa
1886 790 2032 832 nostra,
2062 796 2166 834 quae
2195 781 2314 822 etiam
2340 781 2427 834 ipsa
2454 796 2477 822 e

468 845 645 897 partibus
673 844 852 896 plurimis
880 843 982 883 inter
1007 857 1094 884 sese
1122 844 1163 883 in
1190 858 1315 884 unum
1342 845 1554 885 foederatis
1580 851 1761 885 constare
1787 845 1984 896 gloriatur.
2044 845 2154 895 Quid
2179 852 2313 885 autern
2339 844 2372 884 si
2397 844 2477 896 iugi

470 907 687 948 Britannici
705 921 730 947 a
744 906 911 947 coloniis
930 906 1006 946 illis
1026 907 1170 947 nostris
1190 908 1396 959 quondam
1417 907 1571 948 excussi
1590 907 1813 948 recordatio
1834 922 2139 960 nonnumquam
2160 907 2352 959 resurgit?
2380 906 2478 958 quid

470 971 501 1011 si
532 970 831 1023 praeteritorum
861 970 956 1010 vivit
983 971 1117 1010 adhuc
1145 970 1341 1010 bellorum
1370 971 1592 1011 memoria?
1634 972 1705 1011 sed
1734 971 1959 1011 communis
1988 971 2132 1022 lingua,
2163 971 2235 1011 sed
2263 982 2479 1010 commune

469 1048 606 1086 genus,
637 1035 708 1074 sed
737 1047 951 1073 commune
981 1033 1191 1073 nominum
1217 1033 1426 1073 illustrium
1455 1033 1749 1085 patrimonium,
1777 1034 1832 1074 ita
1860 1047 1934 1074 nos
1963 1042 2153 1085 utrosque
2181 1032 2396 1084 coniungit,
2424 1030 2480 1071 ita

470 1097 636 1137 vinculis
664 1096 868 1136 artissimis
897 1096 1056 1148 obligat,
1088 1104 1132 1136 ut
1164 1103 1272 1136 trans
1306 1096 1429 1136 maria
1459 1098 1537 1135 lata
1570 1097 1749 1136 dexteras
1782 1098 2005 1146 tendamus,
2033 1095 2225 1148 quicquid
2257 1095 2359 1135 inter
2390 1094 2479 1134 illos

470 1161 653 1210 amabile,
684 1160 876 1211 quicquid
905 1160 1104 1201 laudabile
1133 1167 1203 1209 est,
1234 1159 1369 1200 animo
1398 1159 1511 1211 quasi
1539 1160 1711 1199 fraterno
1739 1159 1967 1211 amplexuri.

581 1222 822 1263 Meministis
848 1236 988 1262 omnes
1015 1224 1122 1274 quali
1149 1222 1386 1274 eloquentia,
1414 1229 1565 1273 quanto
1589 1223 1785 1271 acumine,
1817 1236 1937 1274 quarn
1960 1221 2182 1263 admirabili
2207 1221 2415 1261 verborum
2440 1226 2480 1259 et

472 1285 755 1326 sententiarum
789 1285 990 1337 dignitate,
1026 1299 1153 1337 nuper
1181 1285 1222 1325 in
1251 1287 1402 1337 templo
1432 1284 1563 1325 vicino
1596 1285 1660 1325 ille
1689 1285 1806 1325 nobis
1839 1285 2093 1325 contionatus
2127 1284 2187 1333 sit,
2218 1298 2339 1336 quem
2373 1291 2479 1324 trans

472 1347 718 1387 Atlanticum
748 1348 800 1386 ad
829 1360 902 1386 nos
931 1347 1170 1395 vocavimus,
1201 1346 1282 1398 qui,
1313 1360 1394 1386 non
1424 1346 1503 1386 iam
1534 1348 1680 1398 hospes
1713 1354 1868 1386 tantum
1902 1348 1974 1387 sed
2006 1349 2123 1398 plane
2155 1346 2308 1386 amicus
2333 1352 2479 1391 noster,

474 1409 596 1448 nostri
616 1407 784 1448 recentis
803 1409 933 1447 luctus
953 1409 1063 1448 testis
1082 1415 1203 1459 atque
1222 1409 1325 1448 adeo
1345 1407 1541 1460 particeps
1557 1407 1659 1447 fuit1.
1711 1410 1905 1459 Magnum
1920 1415 2054 1447 autem
2073 1407 2171 1447 illud
2190 1413 2478 1458 argumentum,

474 1472 584 1522 quod
604 1483 676 1521 pro
695 1469 751 1509 rei
770 1469 961 1520 dignitate
981 1483 1170 1521 magnum
1190 1469 1231 1508 in
1252 1471 1419 1509 modum
1443 1469 1688 1509 orationibus
1715 1469 1840 1509 tribus
1863 1477 2072 1509 exsecutus
2098 1476 2168 1516 est,
2191 1482 2273 1508 non
2300 1475 2479 1515 nostrum

473 1539 532 1571 est
551 1532 652 1570 intra
671 1530 788 1570 huius
809 1531 1080 1571 oratiunculae
1095 1532 1194 1570 fines
1209 1531 1372 1571 artiores
1387 1531 1591 1571 includere
1606 1531 1741 1571 conari
1754 1546 1765 1580 3
1794 1538 1948 1570 vosmet
1962 1530 2038 1582 ipsi
2052 1543 2192 1570 omnes
2205 1528 2478 1571 recordamini.

475 1593 582 1632 Illud
614 1605 707 1632 vero
739 1606 865 1632 unum
894 1593 1026 1633 dicere
1053 1592 1192 1640 ausim,
1225 1593 1470 1633 Academiae
1495 1600 1649 1644 gratum
1682 1605 1781 1640 esse,
1808 1592 2031 1632 doctrinam
2057 1591 2165 1631 illam
2189 1593 2479 1643 Protagoream,

475 1654 621 1693 πάντων
644 1654 781 1705 μέτρον
801 1652 1004 1705 ἄνθρωπος,
1027 1655 1295 1695 Academicae
1318 1657 1478 1695 scholae
1505 1656 1557 1695 ab
1586 1655 1674 1707 ipso
1702 1655 1880 1707 principe
1909 1663 1948 1695 et
1974 1655 2182 1695 conditore
2208 1654 2304 1694 olim
2333 1666 2482 1706 oppug-

475 1724 618 1764 natam,
651 1718 822 1756 eandem
851 1716 1095 1757 Academiae
1123 1716 1165 1756 in
1193 1718 1344 1768 templo
1372 1717 1424 1756 ab
1453 1725 1607 1757 oratore
1636 1725 1675 1757 et
1708 1717 1949 1769 philosopho
1983 1717 2210 1758 Christiano
2242 1730 2324 1756 non
2358 1717 2482 1756 modo

475 1778 690 1829 unicuique
719 1778 872 1818 homini
898 1779 1172 1830 perniciosam,
1195 1780 1266 1819 sed
1294 1779 1484 1820 universis
1513 1793 1674 1832 quoque
1701 1780 1886 1832 gentibus
1914 1780 2177 1832 periculosam
2205 1793 2291 1820 esse
2319 1780 2483 1820 demon-

475 1841 665 1881 straram2.

584 1906 690 1956 Ergo
709 1904 953 1944 Academiae
973 1905 1095 1945 totius
1115 1911 1153 1944 et
1175 1905 1445 1957 Collegiorum
1466 1905 1646 1945 omnium
1662 1905 1838 1955 nomine,
1856 1919 2026 1957 quorum
2042 1906 2144 1946 inter
2159 1906 2319 1946 umbras
2335 1907 2481 1957 hospes

477 1974 611 2007 noster
630 1981 865 2019 magnorum
884 1967 1058 2007 virorum
1079 1967 1241 2019 vestigia
1260 1975 1299 2007 et
1319 1968 1553 2008 memoriam
1569 1982 1695 2020 nuper
1709 1983 1792 2008 non
1812 1971 1897 2009 sine
1912 1972 2115 2021 voluptate
2130 1976 2395 2021 perscrutatus
2410 1976 2480 2017 est,

475 2030 588 2069 vobis
604 2030 791 2070 omnibus
806 2038 1016 2081 praesento
1030 2030 1234 2070 Ecclesiae
1249 2031 1511 2071 Americanae
1527 2031 1760 2083 episcopum
1776 2033 1985 2084 optimum,
1999 2034 2283 2085 philosophum
2297 2032 2482 2073 subtilem

477 2100 516 2131 et
535 2100 708 2140 acutum,
731 2100 926 2132 oratorem
946 2093 1121 2145 denique
1140 2095 1331 2145 amplum,
1348 2094 1568 2145 copiosum,
1590 2108 1759 2146 gravem.
1819 2097 1937 2136 Duco
1957 2098 2009 2136 ad
2029 2111 2098 2137 vos
2118 2097 2243 2136 virum
2263 2097 2484 2136 admodum

476 2156 748 2204 reverendum,
771 2157 930 2196 Insulae
951 2158 1112 2208 Longae
1132 2156 1365 2208 episcopum
1385 2156 1586 2205 illustrem,
1611 2159 1828 2198 Doctorem
1850 2160 2130 2204 Lu-TLEJOHN.

1261 2325 1320 2357 10
1354 2308 1541 2357 March
1585 2311 1701 2358 1881

587 2420 674 2472 (52)
715 2420 1000 2460 OccmENTEM
1021 2434 1155 2461 versus
1175 2423 1311 2471 solem,
1333 2421 1373 2460 in
1395 2423 1482 2473 ipso
1502 2421 1640 2462 limine
1659 2423 1886 2474 provinciae
1909 2424 2167 2472 Canadensis,
2190 2432 2296 2464 trans
2322 2437 2485 2465 nemora

479 2484 678 2536 primaeva
697 2483 820 2523 felicis
843 2484 1031 2533 Acadiae,
1053 2486 1154 2524 ultra
1177 2485 1263 2525 freti
1290 2487 1322 2524 F
1324 2485 1490 2525 undiani
1513 2486 1657 2526 fluetus
1679 2495 1918 2534 aestuantes,
1938 2488 2040 2528 iacet
2059 2488 2165 2541 regio
2192 2488 2304 2528 cuius
2330 2489 2485 2528 incolae

478 2545 668 2597 originem
708 2558 756 2585 ex
792 2544 866 2584 illis
905 2545 1062 2594 iactant,
1098 2546 1167 2598 qui
1204 2546 1352 2586 abhinc
1389 2559 1517 2586 annos
1555 2548 1634 2587 fere
1672 2556 1834 2588 centum
1873 2551 2096 2590 maluerunt
2133 2551 2255 2590 fidem
2293 2563 2406 2589 suam
2442 2548 2484 2588 in

481 2606 700 2646 Ecclesiam
739 2606 1002 2657 Anglicanam
1040 2621 1286 2660 regnumque
1326 2608 1597 2648 Britannicum
1635 2610 1844 2661 antiquum
1883 2624 2046 2660 servare,
2087 2625 2207 2662 quam
2225 2601 2227 2605 ’
2245 2610 2485 2663 reipublicae

479 2670 740 2708 Americanae
777 2667 856 2707 iam
894 2676 979 2707 tum
1018 2669 1216 2709 nascentis
1254 2669 1355 2709 inter
1393 2669 1497 2710 cives
1535 2671 1742 2710 numerari.
1803 2671 1866 2711 Illi
1903 2686 1995 2712 vero
2033 2672 2166 2712 coloni
2202 2672 2336 2720 nostri,
2372 2679 2484 2711 tanto

479 2729 782 2769 necessitudinis
807 2729 967 2769 vinculo
992 2730 1203 2770 nobiscum
1229 2731 1443 2779 coniuncti,
1471 2733 1560 2783 plus
1586 2745 1707 2783 quam
1733 2733 1891 2784 triginta
1915 2746 2042 2772 annos
2068 2733 2299 2785 episcopum
2327 2747 2485 2785 suspex-

480 2798 594 2830 erunt
640 2791 766 2830 virum
813 2805 903 2831 vere
945 2792 1224 2840 venerabilem,
1263 2792 1384 2832 totius
1422 2793 1648 2844 provinciae
1687 2794 1933 2835 Canadensis
1971 2795 2321 2846 metropolitanum
2359 2809 2485 2847 nuper

481 2854 661 2899 electum,
686 2853 888 2891 IOANNEM
911 2854 1106 2892 MEDLEY.
1165 2855 1297 2893 Tanto
1320 2861 1455 2893 autem
1478 2854 1572 2903 viro,
1595 2854 1673 2894 iam
1697 2862 1826 2895 aetate
1852 2863 2038 2906 provecta
2064 2863 2103 2895 et
2127 2856 2328 2896 laboribus
2351 2857 2484 2896 arduis

481 2926 681 2964 oppresso,
698 2914 854 2953 adiutor
873 2913 1098 2965 nuperrime
1117 2914 1344 2966 designatus
1365 2923 1425 2955 est
1444 2928 1547 2955 unus
1566 2929 1614 2955 ex
1633 2916 1803 2956 alumnis
1819 2917 1974 2965 nostris,
1997 2918 2048 2956 de
2067 2919 2289 2968 Anglicana
2305 2918 2484 2958 Ecclesia

481 2974 584 3013 bene
614 2975 785 3024 meritus,
814 2976 999 3015 historiae
1028 2975 1333 3016 Ecclesiasticae
1361 2985 1400 3016 et
1428 2977 1521 3016 iuris
1550 2978 1733 3017 canonici
1762 2978 2015 3030 investigator
2043 2979 2265 3019 indefessus
2278 2995 2289 3030 3
2319 2980 2485 3032 scriptor

482 3036 647 3087 lepidus,
668 3045 818 3086 acutus,
841 3040 1007 3087 doctus3
1036 3038 1092 3077 vir
1116 3038 1367 3091 simplicitate
1392 3039 1495 3080 vitae
1522 3048 1560 3080 et
1586 3041 1709 3080 animi
1732 3042 1874 3081 robore
1898 3042 2071 3093 insignis.
2133 3044 2246 3094 Ergo,
2268 3043 2337 3094 qui
2360 3044 2482 3091 dorni,

567 3142 579 3163 1
603 3144 714 3176 Death
737 3145 774 3176 os
794 3145 845 3176 Dr
863 3145 953 3187 John
978 3147 1104 3184 Power,
1129 3147 1254 3179 Master
1278 3147 1315 3179 of
1335 3148 1532 3185 Pembroke,
1560 3150 1598 3180 18
1623 3149 1712 3181 Nov.
1740 3151 1831 3182 1880.
1936 3149 1949 3169 ²
1971 3151 2126 3184 Sermons
2147 3162 2189 3182 on
2213 3151 2484 3184 Individualism.

1459 3223 1508 3260 28
