2704 3770
1027 288 1262 338 colonial
1289 288 1563 337 Premz‘erS.

285 438 516 481 Britanniae
540 451 641 479 voce
668 443 833 478 vocatos
859 437 1010 477 adesse.
1070 436 1286 476 Laetamur
1315 441 1376 474 tot
1404 433 1519 484 virm,
1551 447 1623 474 sua
1651 447 1854 486 quemque
1882 448 1906 475 a
1934 436 2093 477 colonia
2121 437 2245 478 libera
2271 438 2312 478 in

270 503 421 553 >locum
449 500 714 553 conspicuum
742 499 866 540 libere
895 500 1055 547 electos
1077 499 1130 538 ad
1158 497 1286 549 ipsam
1316 495 1576 545 Britanniam,
1598 503 1658 536 tot
1684 495 1854 536 filiarum
1879 497 2109 538 eximiarum
2134 507 2312 550 matrem,

285 571 348 606 tot
379 563 628 606 coloniarum
658 562 1027 603 florentissimarum
1055 559 1303 612 μητρόπολιν,
1334 559 1494 600 maioris
1525 559 1735 600 cuiusdam
1765 560 1994 602 Britanniae
2023 562 2137 614 quasi
2165 565 2315 615 legatos

285 627 507 669 advenisse.
567 627 603 666 E
625 624 794 666 coloniis
814 624 959 665 nostris
977 623 1110 664 liberis
1135 630 1270 675 potest
1295 635 1562 674 unaquaeque
1587 635 1670 662 non
1697 622 1785 663 sine
1808 623 1994 675 superbia
2019 624 2151 664 dicere
2167 625 2316 675 :—filia

289 691 430 731 matris
462 692 505 730 in
537 692 657 738 domo,
688 690 846 729 domina
879 702 966 729 sum
991 694 1121 728 tamen
1146 688 1278 727 domi¹.
1338 687 1501 727 Adsunt
1530 686 1654 727 hodie
1682 700 1751 727 sex
1778 687 1952 740 insignes
1981 688 2052 728 viri
2080 688 2122 728 in
2151 689 2318 729 coloniis

287 752 408 793 tantis
445 750 780 793 administrandis
808 750 974 791 feliciter
1009 749 1164 799 versati,
1200 762 1372 801 quorum
1409 748 1613 789 laboribus
1648 747 1709 802 (ut
1747 750 1969 802 speramus)
2001 757 2060 791 tot
2092 750 2319 802 provinciae

289 815 498 864 maximae,
518 829 589 868 per
607 822 668 855 tot
687 813 795 854 orbis
817 821 1008 854 terrarum
1034 819 1165 864 partes
1189 811 1318 864 spatio
1342 810 1507 863 quidem
1532 810 1767 861 disiunctae,
1789 813 1951 853 foedere
1977 814 2155 864 quodam
2178 812 2320 853 artiore

289 885 331 919 et
357 877 461 919 inter
487 891 575 918 sese
603 883 644 917 et
672 889 765 916 cum
793 875 880 927 ipsa
908 875 1114 915 Britannia
1142 881 1258 915 erunt
1282 873 1502 926 aliquando
1525 874 1790 915 consociatae.
1849 875 1967 915 Viros
1994 877 2101 925 tales,
2124 875 2165 915 in
2194 889 2320 916 unum

288 941 527 990 laborantes,
550 954 602 981 ne
621 939 662 980 in
682 939 868 979 laudibus
889 938 1055 990 quidem
1075 937 1220 978 nostris
1240 937 1363 978 hodie
1382 950 1564 989 separare
1587 938 1782 978 volumus.
1840 938 1966 990 Atqui
1991 952 2322 991 unumquemque

290 1016 430 1044 eorum
453 1002 618 1044 honoris
641 1015 762 1042 causa
789 1001 960 1042 libenter
988 999 1233 1052 excipimus3
1262 1001 1443 1051 dumque
1472 999 1639 1039 nomina
1668 1013 1807 1040 eorum
1836 1000 1942 1040 bene
1971 1007 2068 1040 nota
2096 1000 2319 1051 recitantur,

289 1065 410 1107 etiam
430 1065 605 1107 nominis
625 1063 845 1104 Britannici
865 1064 1032 1104 heredes
1053 1076 1206 1112 omnes,
1228 1061 1475 1113 ubicumque
1496 1067 1687 1101 terrarum
1708 1069 1812 1111 sunt,
1834 1075 1916 1102 una
1935 1061 2243 1103 recordabimur.

401 1162 516 1217 (266)
537 1162 716 1202 Primum
739 1161 857 1214 igitur
876 1163 1033 1202 ‘laurea
1056 1161 1271 1202 donandus
1297 1158 1563 1211 Apollinari’⁹
1586 1166 1646 1199 est
1675 1159 1733 1199 vir
1760 1161 1849 1211 plus
1873 1173 1995 1211 quam
2021 1172 2102 1199 una
2124 1158 2165 1198 in
2191 1158 2326 1211 lingua

289 1227 655 1280 eloquentissimus,
674 1226 846 1279 partium
872 1226 1097 1266 liberalium
1123 1225 1226 1265 inter
1255 1225 1516 1266 Canadenses
1542 1224 1686 1264 ductor
1711 1223 1894 1277 insignis,
1909 1223 2092 1263 coloniae
2116 1222 2324 1272 maximae,

291 1289 476 1332 coloniae
521 1290 564 1331 in
611 1289 859 1329 Britanniam
896 1288 1196 1330 liberalissimae
1238 1289 1403 1339 legatus.
1463 1289 1680 1327 Praesento
1718 1287 1832 1327 vobis
1870 1287 1998 1327 virum
2034 1288 2155 1328 laude
2192 1294 2328 1327 nostra

293 1353 498 1403 maiorem,
531 1354 728 1392 WILFRID
758 1354 970 1392 LAURIER.

405 1446 520 1502 (267)
550 1449 793 1490 Salutandus
813 1447 1004 1499 deinceps
1025 1446 1130 1486 bene
1153 1443 1320 1486 ominati
1345 1443 1520 1484 nominis
1544 1442 1727 1483 coloniae
1750 1442 1952 1483 Victoriae
1972 1444 2135 1495 legatus,
2158 1443 2216 1483 vir
2234 1443 2328 1484 iuris

294 1512 566 1566 peritissimus,
588 1513 640 1553 de
660 1513 787 1552 salute
805 1511 967 1564 publica
987 1517 1025 1550 et
1041 1511 1093 1550 de
1110 1523 1241 1549 rerum
1261 1507 1438 1548 civilium
1457 1507 1627 1559 negotiis
1647 1506 1826 1559 plurimis
1846 1506 1887 1545 in
1903 1506 2085 1547 ordinem
2102 1506 2328 1559 redigendis

296 1576 403 1618 bene
422 1575 597 1616 meritus.
656 1577 874 1616 Praesento
893 1573 1007 1614 vobis
1027 1572 1204 1625 equitem
1225 1571 1435 1624 insignem,
1457 1572 1691 1611 GEORGIUM
1712 1572 1914 1612 TURNER.

406 1685 522 1740 (268)
557 1686 698 1726 Novae
724 1683 964 1725 Zealandiae
989 1683 1154 1732 insulae,
1176 1681 1305 1734 spatio
1330 1695 1455 1734 prope
1481 1682 1626 1722 eodem
1647 1687 1768 1731 atque
1788 1679 1941 1720 insulae
1961 1687 2120 1720 nostrae
2139 1679 2327 1730 inclusae,

296 1750 473 1802 legatum
499 1746 703 1796 miserunt,
724 1746 805 1798 qui,
827 1745 965 1786 animo
990 1758 1184 1797 perquam
1210 1744 1363 1784 liberali
1385 1743 1601 1795 praeditus,
1622 1742 1795 1794 partium
1819 1756 1978 1782 suarum
2002 1744 2104 1782 ultra
2123 1743 2223 1782 fines
2249 1744 2331 1783 fere

297 1811 399 1853 nihil
417 1810 726 1862 relinquendum
746 1809 996 1858 existimavit,
1019 1808 1169 1860 quique
1194 1807 1345 1859 primus
1373 1821 1421 1847 ex
1440 1806 1596 1858 imperii
1617 1806 1837 1846 Britannici
1857 1806 2046 1847 ministris
2072 1806 2133 1847 ius
2159 1807 2331 1859 suffragii

298 1873 422 1916 etiam
469 1871 676 1912 Minervae
715 1878 755 1911 et
794 1872 1004 1911 Musarum
1052 1869 1161 1910 sexui
1204 1869 1399 1910 donavit⁸.
1459 1871 1677 1909 Praesento
1716 1868 1830 1909 vobis
1870 1869 1997 1909 virum
2040 1869 2329 1917 honorabilem,

300 1939 575 1980 Rmnaamm
606 1937 813 1975 IOANNEM
843 1936 1034 1976 SEDDON.

407 2035 523 2091 (269)
536 2035 755 2097 Tasmania
772 2036 826 2076 ad
845 2048 920 2075 nos
939 2033 1046 2074 misit
1066 2033 1193 2074 virum
1212 2032 1432 2074 litterarum
1447 2033 1567 2073 laude
1582 2031 1779 2084 insignem
1786 2032 1811 2083 ⁴,
1825 2032 1901 2079 cui,
1918 2032 2034 2072 annis
2054 2032 2214 2084 triginta
2233 2032 2335 2072 inter

301 2100 431 2141 Indos
450 2112 535 2140 non
554 2098 641 2139 sine
660 2100 768 2139 fama
785 2097 946 2145 exactis,
967 2096 1236 2137 Australasiae
1262 2095 1384 2136 totius
1406 2095 1448 2135 in
1474 2095 1604 2135 insula
1629 2095 1898 2144 saluberrima,
1920 2095 2040 2136 etiam
2066 2095 2206 2136 aetatis
2231 2097 2335 2136 flexu

302 2175 453 2203 novum
478 2162 680 2201 honorum
707 2159 882 2201 civilium
907 2158 1080 2211 spatium
1104 2158 1270 2199 feliciter
1293 2157 1514 2199 decurrisse
1540 2157 1717 2210 contigit.
1779 2159 1996 2198 Praesento
2019 2157 2134 2198 vobis
2159 2157 2335 2209 equitem

300 2223 504 2273 illustrem,
526 2225 789 2264 EDWARDUM
810 2223 1045 2263 N1coLAUM
1066 2221 1304 2262 COVENTRY
1325 2222 1550 2260 BRADDON.

412 2319 528 2372 (270)
561 2319 786 2360 Australiae
823 2318 1071 2371 provinciam
1108 2318 1403 2359 occidentalem
1441 2318 1556 2371 quasi
1592 2326 1845 2371 praesentem
1879 2318 1997 2359 nobis
2030 2319 2160 2360 reddit
2193 2319 2252 2360 vir
2284 2321 2338 2361 ob

305 2383 552 2437 provinciam
579 2383 689 2424 illam
717 2383 877 2435 penitus
906 2383 1192 2434 explorandam
1221 2382 1345 2422 titulis
1374 2395 1496 2434 quam
1525 2382 1704 2434 plurimis
1733 2395 1757 2422 a
1782 2381 1983 2422 Britannia
2006 2390 2128 2434 atque
2153 2384 2258 2423 adeo
2286 2384 2339 2423 ab

308 2448 471 2499 Europa
490 2454 665 2496 ornatus,
687 2445 768 2498 qui,
790 2445 950 2486 colonia
969 2445 1036 2485 illa
1054 2453 1148 2486 ante
1167 2446 1243 2485 hos
1261 2452 1416 2497 septem
1436 2458 1566 2485 annos
1585 2446 1719 2497 legum
1739 2445 2039 2486 scribendarum
2063 2446 2146 2487 iure
2166 2447 2339 2498 primum

307 2510 468 2558 donata,
490 2507 659 2548 ministri
677 2507 795 2559 primi
814 2507 970 2548 muneri
989 2507 1213 2548 honorifico
1232 2507 1383 2559 primus
1402 2515 1462 2548 est
1481 2507 1741 2559 praepositus.
1801 2509 2018 2548 Praesento
2033 2507 2147 2548 vobis
2163 2508 2340 2560 equitem

307 2571 513 2620 illustrem,
536 2572 743 2611 IOANNEM
764 2571 970 2611 FORREs‘r.

418 2674 533 2728 (271)
562 2673 823 2716 Coloniarum
853 2682 1076 2714 nostrarum
1106 2673 1248 2715 seriem
1277 2674 1427 2715 claudit
1455 2674 1578 2715 hodie
1606 2674 1766 2715 Africae
1794 2674 1989 2715 Australis
2015 2674 2123 2727 regio
2147 2682 2241 2715 ante
2267 2676 2342 2715 hos

309 2736 622 2790 quadringentos
647 2750 776 2777 annos
804 2736 952 2778 Christi
982 2736 1048 2777 die
1080 2737 1216 2777 Natali
1245 2737 1298 2777 ab
1330 2738 1517 2788 Europae
1547 2736 1679 2776 nautis
1711 2736 1885 2788 primum
1916 2738 2086 2785 detecta,
2121 2745 2160 2778 et
2193 2737 2343 2778 abhinc

310 2812 440 2840 annos
486 2806 675 2851 quattuor
721 2806 761 2840 et
807 2798 1097 2851 quinquaginta
1143 2798 1312 2851 imperio
1359 2806 1498 2839 nostro
1535 2799 1683 2838 addita.
1744 2801 1961 2839 Praesento
2003 2799 2118 2840 vobis
2160 2800 2344 2841 coloniae

313 2862 568 2904 fidelissimae
598 2863 823 2904 ministrum
853 2862 1037 2914 primum,
1066 2862 1194 2902 virum
1227 2862 1321 2903 iuris
1351 2862 1536 2914 peritum,
1566 2862 1694 2902 virum
1727 2862 1921 2914 propositi
1950 2870 2146 2912 tenacem,
2183 2864 2345 2903 HARRY

316 2925 532 2965 Escomnn.

403 3070 416 3092 ¹
444 3072 637 3116 ‘Daughter
651 3083 706 3105 am
724 3073 740 3105 Ι
757 3073 792 3105 in
808 3084 865 3116 my
880 3073 1039 3106 mother's
1054 3073 1171 3112 house,
1194 3071 1200 3115 ἶ
1221 3073 1286 3105 But
1303 3072 1450 3105 mistress
1466 3072 1500 3104 in
1517 3082 1573 3114 my
1589 3082 1666 3104 own
1678 3070 1697 3103 '.
1746 3070 1906 3113 Rudyard
1923 3069 2076 3113 Kipling‚
2100 3070 2175 3103 Our
2196 3071 2293 3113 Lady
2314 3071 2355 3114 qs

314 3115 369 3148 the
383 3117 510 3156 Snows,
530 3117 706 3160 published
728 3127 768 3160 27
787 3117 872 3182 Apr.
895 3118 986 3160 1897.
1098 3162 1105 3168 ·
1131 3115 1146 3136 ²
1159 3117 1317 3168 ‘Horae-e,
1339 3117 1454 3149 Carm.
1471 3117 1504 3149 iv
1521 3127 1550 3155 α,
1571 3125 1604 3158 9.
1748 3113 1762 3134 ³
1785 3115 1892 3148 Grant
1908 3115 1946 3147 os
1958 3114 2124 3148 franchise
2140 3122 2175 3147 to
2192 3115 2237 3148 all
2254 3115 2346 3148 adult

318 3170 463 3200 women,
482 3160 576 3203 Sept.
597 3162 691 3203 1893.
861 3161 994 3193 Author
1009 3161 1047 3193 os
1058 3161 1136 3201 sze
1150 3172 1188 3193 m
1205 3161 1310 3193 lndza
1327 3159 1454 3203 (1870),
1471 3165 1533 3193 etc.

1298 3246 1369 3284 131
2109 3242 2235 3280 17—-2
