2704 3770
179 330 239 381 G.
266 329 329 380 F.
355 329 554 379 Bowen.
630 328 681 378 S·
707 328 1010 393 Davenport.
1083 328 1142 395 s.
1169 345 1210 377 v.
1238 328 1427 378 Haast.
1503 328 1565 377 G.
1590 329 1873 379 Birdwood.
1947 331 2010 380 E.
2040 330 2195 380 Buck.
2225 401 2227 403 V

172 474 315 516 simam
333 475 444 516 illam
462 474 708 528 provinciam
727 476 780 516 ad
799 475 941 516 oceani
960 476 1117 528 pacifici
1137 477 1281 516 fluctus
1302 476 1364 517 via
1387 477 1493 517 ferro
1514 484 1634 517 strata
1661 478 1889 530 nuperrime
1911 481 2104 531 perducta
2128 489 2199 531 est,

171 538 346 592 licetque
373 537 574 579 Britannis
602 551 672 590 per
699 537 935 590 ampliorem
964 539 1168 591 quandam
1198 539 1447 579 Britanniam
1476 539 1629 580 fortiter
1657 541 1842 593 progredi
1868 543 1951 581 ‘vel
1979 543 2202 584 occidentis

172 616 301 656 usque
317 604 373 644 ad
391 601 578 644 ultimum
597 601 731 642 sinum
744 603 783 642 '¹.
842 601 971 643 Vobis
990 609 1204 655 praesento
1223 602 1400 653 equitem
1420 602 1624 652 illustrem,
1648 604 1862 644 CAROLUM
1882 605 2071 644 TUPPER.

281 690 398 746 (105)
418 690 628 731 Proximus
646 691 804 732 accedit
822 691 880 731 vir
899 691 1117 732 litterarum
1137 690 1421 732 humaniorum
1442 691 1584 732 studiis
1604 691 1706 732 inter
1725 692 1976 733 Oxonienses
1996 706 2090 733 suos
2105 693 2201 734 olim

172 753 349 807 insignis,
371 753 440 806 qui
460 754 549 806 plus
569 766 690 805 quarn
710 753 869 805 triginta
888 753 1079 806 deinceps
1098 767 1227 794 annos
1247 753 1288 793 in
1309 754 1480 806 publicis
1507 754 1676 807 negotiis
1700 754 1884 795 maximis
1909 762 2097 805 versatus,
2119 769 2201 796 non

174 818 298 858 modo
319 817 438 858 maris
458 816 564 857 Ionii
583 816 732 857 insulas
752 816 901 868 ingenii
921 817 981 857 sui
1002 816 1154 857 lumine
1173 816 1391 866 illustravit,
1414 818 1485 857 sed
1506 817 1627 858 etiam
1647 824 1788 869 postea
1815 831 1897 858 non
1925 819 2057 858 minus
2080 832 2202 871 quam

173 878 353 932 quinque
367 893 391 920 e
405 878 573 920 coloniis
589 878 734 919 nostris
749 892 907 918 summa
925 878 1148 931 prudentia,
1167 892 1325 919 summa
1340 878 1541 928 comitate,
1556 892 1715 919 summa
1729 878 1922 931 dignitate
1936 880 2171 931 gubernavit
2178 881 2202 921 ⁹.

172 941 323 995 Vergili
346 942 478 984 verbis
504 955 629 995 prope
651 949 787 994 posset
806 955 966 994 rogare:
999 945 1125 994 ‘quae
1149 941 1256 994 regio
1276 942 1317 982 in
1338 944 1450 982 terris
1470 943 1595 983 nostri
1614 957 1698 983 non
1717 944 1837 995 plena
1856 943 2053 985 laboris?
2059 945 2098 968 ³·
2087 959 2098 995 3
2128 945 2203 986 nisi

172 1007 286 1083 forte,
307 1006 472 1047 Ithacae
492 1019 587 1046 suae
607 1018 773 1054 memor,
793 1019 909 1045 versu
931 1004 1154 1046 Homerico
1178 1007 1329 1045 mavult
1352 1006 1529 1046 laudari:
1558 1008 1717 1046 πολλῶν
1745 1005 1953 1057 α’νθρανιι-ων
1979 1006 2109 1047 ἴδεν*
2083 1024 2206 1048 αστεα

173 1068 238 1108 καῖ’
274 1066 362 1108 νόον
397 1066 526 1122 ἔγνω“.
584 1066 713 1108 Vobis
751 1074 962 1120 praesento
994 1069 1122 1108 virum
1156 1067 1269 1109 omni
1305 1081 1451 1120 genere
1487 1067 1616 1109 laudis
1655 1069 1927 1119 excellentem,
1968 1070 2204 1111 GEORGIUM

173 1132 407 1174 Francuson
437 1134 609 1173 BowEN.

283 1214 397 1268 (ωδ)
426 1214 557 1256 Maria
574 1227 708 1255 rursus
727 1220 976 1256 transeamus
994 1215 1048 1255 ad
1067 1215 1292 1256 Australiae
1311 1214 1559 1268 provinciam
1582 1216 1691 1256 illam
1711 1216 1888 1259 mediam
1907 1230 2011 1270 quae
2030 1217 2205 1258 Australi

173 1277 228 1319 ab
245 1290 402 1319 oceano
420 1276 610 1318 Indicum
629 1277 682 1317 ad
701 1290 810 1317 mare
829 1276 1020 1318 latissime
1035 1284 1156 1330 patet.
1216 1279 1327 1318 Inter
1341 1276 1570 1330 provinciae
1585 1278 1690 1319 illius
1706 1279 1897 1320 miracula
1911 1279 2064 1320 vidistis
2078 1293 2205 1332 nuper

174 1347 384 1398 tropaeum
417 1340 626 1393 quoddam
659 1345 790 1380 totum
824 1353 873 1380 ex
905 1353 996 1380 aere
1028 1353 1130 1392 puro
1159 1339 1397 1381 conditum¹⁵
1408 1354 1420 1389 ;
1458 1339 1598 1380 talium
1631 1354 1725 1382 vero
1758 1341 1905 1382 civium
1940 1355 1962 1382 e
1995 1341 2205 1382 virtutibus

174 1404 358 1446 coloniae
394 1404 451 1445 illi
484 1407 815 1445 ‘monumentum
845 1417 936 1444 aere
969 1402 1226 1456 perennius’⁶
1255 1403 1432 1456 positum
1471 1416 1558 1444 esse
1596 1403 1775 1445 dixerim.
1832 1405 1962 1445 Vobis
1994 1413 2205 1458 praesento

175 1467 353 1521 equitem
382 1468 587 1517 illustrem,
618 1469 795 1508 SAMUEL
825 1468 1099 1507 DAVENPORT.

286 1546 404 1602 (107)
431 1548 500 1588 Ad
525 1548 666 1587 Novae
693 1545 933 1586 Zealandiae
959 1545 1130 1586 insulam
1154 1545 1381 1586 ulteriorem
1408 1545 1633 1595 transvecti,
1659 1546 1776 1586 litora
1798 1547 2009 1599 tangimus,
2034 1560 2207 1599 quorum

176 1625 260 1653 non
286 1612 411 1652 modo
435 1611 597 1652 arbores
621 1610 890 1662 animaliaque
916 1610 987 1650 sed
1016 1609 1137 1650 etiam
1161 1608 1248 1660 ipsa
1276 1622 1370 1648 saxa
1393 1608 1463 1648 viri
1492 1608 1660 1649 huiusce
1685 1609 1888 1650 laboribus
1912 1610 2068 1651 notiora
2090 1610 2209 1651 nobis

176 1674 334 1716 reddita
352 1681 456 1714 sunt.
515 1674 647 1722 Illum,
670 1672 739 1724 qui
759 1671 828 1725 (ne
848 1671 999 1712 maiora
1018 1671 1103 1712 eius
1123 1671 1263 1712 merita
1282 1671 1616 1724 commemorem)
1639 1673 1785 1712 Museo
1805 1680 1942 1713 nostro
1962 1672 2102 1725 prioris
2121 1672 2208 1713 aevi

176 1751 292 1778 avem
315 1735 556 1778 rarissimam
581 1735 701 1783 illam,
730 1748 834 1786 quae
860 1734 1038 1785 δείνορνις
1063 1733 1303 1782 nominatur,
1331 1733 1544 1773 liberaliter
1569 1733 1744 1783 donavit,
1773 1735 1904 1786 ipsum
1934 1735 2036 1775 inter
2061 1734 2209 1775 saeculi

176 1799 298 1841 huius
328 1798 490 1852 ingenia
521 1797 667 1838 rariora
699 1796 870 1837 libenter
902 1809 1171 1836 numeramus.
1229 1795 1361 1833 πολλὰ.
1393 1795 1442 1834 τὰ
1474 1793 1576 1834 δεινὰ
1609 1795 1738 1835 κούδὲν
1770 1794 1971 1847 ἀνθρώπου
2004 1795 2210 1847 δεινότερον

174 1862 317 1904 πέλω.
372 1861 501 1902 Vobis
523 1867 736 1914 praesento
763 1859 916 1911 Regiae
941 1858 1151 1899 Societatis
1177 1858 1352 1908 Socium,
1374 1858 1502 1899 virum
1528 1859 1581 1900 de
1606 1858 1773 1900 scientia
1799 1873 1882 1900 non
1906 1874 1987 1901 una
2009 1862 2210 1912 praeclare

177 1926 376 1976 meritum,
396 1923 573 1977 equitem
593 1922 803 1975 insignem,
828 1923 990 1962 IULmM
1011 1933 1096 1961 von
1119 1923 1279 1961 HAAs'r.

287 2007 404 2062 (108)
431 2006 565 2048 Venio
589 2007 643 2047 ad
666 2001 817 2046 nomen
841 2004 912 2045 viri
938 2005 1156 2045 litterarum
1180 2012 1302 2057 atque
1324 2004 1469 2044 artium
1493 2005 1628 2045 studio
1647 2005 1823 2058 insignis,
1846 2006 1916 2058 qui
1942 2006 1983 2046 in
2007 2006 2212 2059 provincia

178 2070 447 2124 Bombayensi
468 2069 597 2122 Regio
619 2071 766 2109 Museo
785 2068 991 2120 hortisque
1011 2069 1218 2120 quondam
1238 2068 1500 2120 praepositus,
1523 2068 1730 2109 scientiam
1754 2072 1940 2123 Europae
1960 2070 2063 2111 inter
2084 2072 2211 2112 Indos

177 2133 420 2189 propagavit,
452 2132 603 2186 quique
634 2130 864 2171 Britanniae
894 2138 1035 2183 postea
1065 2130 1256 2180 redditus,
1291 2138 1395 2171 artes
1430 2130 1572 2171 Indiae
1604 2132 1792 2184 Europae
1825 2133 2024 2185 patefecit.
2082 2133 2211 2174 Vobis

177 2203 391 2252 praesento
426 2195 572 2236 artium
609 2192 862 2234 orientalium
904 2192 1216 2233 existimatorem
1260 2192 1463 2243 eximium,
1504 2192 1730 2234 medicinae
1772 2195 1993 2244 doctorem,
2033 2195 2210 2248 equitem

178 2260 384 2309 illustrem,
415 2259 652 2300 Gssokoum
683 2258 932 2297 anwoon.

288 2330 405 2386 (109)
448 2329 612 2373 claudit
649 2342 794 2381 agmen
830 2330 1018 2368 alumnus
1056 2335 1201 2378 noster,
1242 2327 1336 2368 iuris
1374 2328 1669 2378 baccalaureus,
1711 2331 1948 2371 EDVARDUS
1992 2332 2129 2380 BUCK,
2170 2331 2211 2372 in

179 2395 348 2449 imperio
377 2401 516 2436 nostro
550 2393 695 2433 Indico
724 2392 977 2444 vectigalium
1016 2399 1055 2432 et
1087 2392 1169 2444 agri
1199 2393 1378 2433 culturae
1408 2392 1636 2444 provinciae
1669 2395 1931 2447 praepositus.
1990 2397 2119 2445 Idem,
2154 2395 2212 2435 uti

180 2459 318 2509 nostis,
338 2458 483 2499 artium
504 2457 735 2497 Indicarum
757 2455 956 2496 miraculis
980 2455 1055 2495 illis
1079 2455 1372 2507 comparandis,
1394 2456 1721 2507 transmittendis,
1744 2458 2006 2510 disponendis
2029 2458 2209 2511 praefuit,

179 2534 352 2575 quorum
375 2518 716 2573 pulchritudinem
743 2525 782 2558 et
809 2519 1064 2570 splendorem
1091 2517 1231 2569 ingens
1257 2519 1539 2558 Britannorum
1567 2519 1784 2561 multitudo
1807 2520 1957 2562 cotidie
1981 2520 2210 2562 admiratur.

181 2585 293 2626 Atria
311 2584 379 2625 illa
396 2585 517 2636 longa
535 2582 675 2623 talium
694 2581 867 2622 virorum
888 2581 1065 2621 laborem
1087 2581 1284 2630 testantia,
1306 2580 1455 2634 Vergili
1475 2582 1605 2622 verbis
1625 2596 1720 2622 usus
1740 2584 2010 2624 laudaverim:

673 2661 737 2698 ‘at
765 2659 911 2699 domus
939 2656 1103 2697 interior
1130 2656 1251 2708 regali
1280 2655 1491 2708 splendida
1520 2657 1615 2696 luxu

696 2712 911 2761 instruitur,
943 2710 1167 2763 mediisque
1195 2718 1336 2762 parant
1365 2710 1548 2751 convivia
1576 2711 1715 2752 tectis:

695 2775 778 2808 arte
807 2766 1010 2807 laboratae
1037 2774 1167 2806 vestes
1196 2772 1386 2827 ostroque
1415 2766 1600 2817 superbo,

696 2822 836 2884 ingens
864 2828 1072 2873 argentum
1102 2819 1262 2881 mensis,
1284 2820 1525 2871 caelataque
1554 2820 1594 2859 in
1623 2833 1721 2860 auro

697 2875 813 2917 fortia
840 2877 945 2916 facta
973 2882 1142 2927 patrum,
1173 2874 1293 2915 series
1322 2874 1554 2926 longissima
1581 2887 1711 2914 rerum

696 2945 768 2984 per
795 2937 855 2972 tot
883 2931 1006 2971 ducta
1034 2929 1137 2969 viros
1165 2929 1331 2981 antiqua
1359 2929 1411 2970 ab
1439 2928 1591 2981 origine
1618 2929 1800 2981 gentis’⁸.

268 3029 282 3051 ²
306 3030 452 3070 Horace,
478 3030 586 3073 Epod.
609 3029 620 3062 i
647 3038 686 3071 13
1023 3025 1195 3064 eensland,
1212 3025 1301 3059 New
1316 3025 1477 3066 Zealand‚
1496 3025 1659 3063 Victoria,
1676 3026 1867 3068 Mauritius,
1886 3027 1954 3061 and
1972 3027 2080 3071 Hong
2096 3028 2210 3071 Kong.

181 3073 196 3096 ι
217 3073 338 3118 Virga
363 3075 450 3107 Ae„
472 3074 484 3106 ί
508 3072 584 3125 ⁴⁶9·
667 3039 710 3092 34
734 3072 794 3105 Od.
821 3071 832 3104 i
856 3081 888 3113 3.
929 3024 1100 3102 quThe
1114 3073 1233 3113 great‘
1246 3069 1386 3113 trophy’
1403 3070 1488 3102 from
1504 3069 1563 3102 the
1577 3080 1717 3146 coplper-
1718 3071 1826 3104 mines
1842 3071 1882 3104 os
1900 3071 2010 3106 South
2026 3073 2206 3106 Australia.

180 3117 196 3139 ⁶
218 3117 366 3156 Horace,
393 3117 507 3150 Carm.
530 3117 567 3150 iii
591 3126 701 3160 3o,1.
886 3112 902 3136 ⁷
925 3113 1123 3157 Sophocles,
1148 3115 1231 3147 Ant.
1256 3123 1330 3155 33²·
1506 3111 1520 3134 Β
1542 3113 1663 3157 Virgi,
1688 3116 1775 3148 Aen.
1800 3115 1938 3159 i637f.

291 3257 323 3287 s.
337 3257 369 3287 s.
1164 3254 1213 3295 57
2078 3246 2103 3283 3
