<?xml version="1.0" encoding="UTF-8"?>
<!DOCTYPE html PUBLIC "-//W3C//DTD XHTML 1.0 Transitional//EN"
    "http://www.w3.org/TR/xhtml1/DTD/xhtml1-transitional.dtd">
<html xmlns="http://www.w3.org/1999/xhtml" xml:lang="en" lang="en">
 <head>
  <title>
</title>
<meta http-equiv="Content-Type" content="text/html;charset=utf-8" />
  <meta name='ocr-system' content='tesseract 3.04.00' />
  <meta name='ocr-capabilities' content='ocr_page ocr_carea ocr_par ocr_line ocrx_word'/>
</head>
<body>
  <div class='ocr_page' id='page_1' title='image "./orationesetepist00sanduoft/orationesetepist00sanduoft_0264.png"; bbox 0 0 2704 3770; ppageno 0'>
   <div class='ocr_carea' id='block_1_1' title="bbox 1156 338 1768 406">
    <p class='ocr_par' dir='ltr' id='par_1_1' title="bbox 1156 338 1768 406">
     <span class='ocr_line' id='line_1_1' title="bbox 1156 338 1768 406; baseline 0.008 -19"><span class='ocrx_word' id='word_1_1' title='bbox 1156 338 1443 405; x_wconf 81' lang='lat' dir='ltr'><strong>Um‘versz&#39;ty</strong></span> <span class='ocrx_word' id='word_1_2' title='bbox 1470 342 1534 406; x_wconf 74' lang='lat' dir='ltr'><strong>qf</strong></span> <span class='ocrx_word' id='word_1_3' title='bbox 1558 341 1768 392; x_wconf 83' lang='lat' dir='ltr'><strong>Dublz‘n.</strong></span> 
     </span>
    </p>
   </div>
   <div class='ocr_carea' id='block_1_2' title="bbox 461 435 2457 454">
    <p class='ocr_par' dir='ltr' id='par_1_2' title="bbox 461 435 2457 454">
     <span class='ocr_line' id='line_1_2' title="bbox 461 435 2457 454; baseline 0 3316"><span class='ocrx_word' id='word_1_4' title='bbox 461 435 2457 454; x_wconf 95' lang='lat' dir='ltr'><strong> </strong></span> 
     </span>
    </p>
   </div>
   <div class='ocr_carea' id='block_1_3' title="bbox 781 495 2159 547">
    <p class='ocr_par' dir='ltr' id='par_1_3' title="bbox 781 495 2159 547">
     <span class='ocr_line' id='line_1_3' title="bbox 781 495 2159 547; baseline 0.004 -13"><span class='ocrx_word' id='word_1_5' title='bbox 781 495 1026 534; x_wconf 81' lang='lat' dir='ltr'><strong>Um‘versitas</strong></span> <span class='ocrx_word' id='word_1_6' title='bbox 1057 496 1387 547; x_wconf 65' lang='lat' dir='ltr'><strong>Cantabrzgzensis</strong></span> <span class='ocrx_word' id='word_1_7' title='bbox 1422 498 1685 537; x_wconf 81' lang='lat' dir='ltr'><strong>Um&#39;versz&#39;tati</strong></span> <span class='ocrx_word' id='word_1_8' title='bbox 1708 499 1949 538; x_wconf 84' lang='lat' dir='ltr'><strong>Dublinensi</strong></span> <span class='ocrx_word' id='word_1_9' title='bbox 1973 500 2014 539; x_wconf 89' lang='lat' dir='ltr'><strong>S.</strong></span> <span class='ocrx_word' id='word_1_10' title='bbox 2036 501 2082 538; x_wconf 89' lang='lat' dir='ltr'><strong>P.</strong></span> <span class='ocrx_word' id='word_1_11' title='bbox 2104 501 2159 539; x_wconf 84' lang='lat' dir='ltr'><strong>D.</strong></span> 
     </span>
    </p>
   </div>
   <div class='ocr_carea' id='block_1_4' title="bbox 454 566 2469 2119">
    <p class='ocr_par' dir='ltr' id='par_1_4' title="bbox 454 566 2469 2047">
     <span class='ocr_line' id='line_1_4' title="bbox 567 566 2469 624; baseline 0.005 -17"><span class='ocrx_word' id='word_1_12' title='bbox 567 566 680 619; x_wconf 89' lang='lat'>(544)</span> <span class='ocrx_word' id='word_1_13' title='bbox 711 569 812 607; x_wconf 84' lang='lat' dir='ltr'><strong>REM</strong></span> <span class='ocrx_word' id='word_1_14' title='bbox 843 569 959 609; x_wconf 94' lang='lat' dir='ltr'><strong>nobis</strong></span> <span class='ocrx_word' id='word_1_15' title='bbox 993 569 1279 621; x_wconf 90' lang='lat' dir='ltr'><strong>periucundam</strong></span> <span class='ocrx_word' id='word_1_16' title='bbox 1312 570 1470 620; x_wconf 88' lang='lat' dir='ltr'><strong>fecistis,</strong></span> <span class='ocrx_word' id='word_1_17' title='bbox 1501 572 1571 610; x_wconf 93' lang='lat' dir='ltr'><strong>viri</strong></span> <span class='ocrx_word' id='word_1_18' title='bbox 1602 572 1833 620; x_wconf 86' lang='lat' dir='ltr'>doctissimi,</span> <span class='ocrx_word' id='word_1_19' title='bbox 1866 574 1976 624; x_wconf 92' lang='lat' dir='ltr'><strong>quod</strong></span> <span class='ocrx_word' id='word_1_20' title='bbox 2008 573 2284 614; x_wconf 89' lang='lat' dir='ltr'><strong>Universitatis</strong></span> <span class='ocrx_word' id='word_1_21' title='bbox 2317 582 2469 616; x_wconf 86' lang='lat' dir='ltr'><strong>vestrae</strong></span> 
     </span>
     <span class='ocr_line' id='line_1_5' title="bbox 459 628 2468 687; baseline 0.006 -22"><span class='ocrx_word' id='word_1_22' title='bbox 459 628 576 667; x_wconf 92' lang='lat' dir='ltr'><strong>ludos</strong></span> <span class='ocrx_word' id='word_1_23' title='bbox 600 631 820 670; x_wconf 87' lang='lat' dir='ltr'><strong>saeculares</strong></span> <span class='ocrx_word' id='word_1_24' title='bbox 846 631 1090 678; x_wconf 84' lang='lat' dir='ltr'><strong>celebraturi,</strong></span> <span class='ocrx_word' id='word_1_25' title='bbox 1113 631 1232 671; x_wconf 88' lang='lat' dir='ltr'><strong>etiam</strong></span> <span class='ocrx_word' id='word_1_26' title='bbox 1258 640 1433 672; x_wconf 90' lang='lat' dir='ltr'><strong>nostram</strong></span> <span class='ocrx_word' id='word_1_27' title='bbox 1463 633 1772 673; x_wconf 91' lang='lat' dir='ltr'><strong>Universitatem</strong></span> <span class='ocrx_word' id='word_1_28' title='bbox 1794 634 1929 685; x_wconf 88' lang='lat' dir='ltr'><strong>gaudii</strong></span> <span class='ocrx_word' id='word_1_29' title='bbox 1952 635 2068 675; x_wconf 93' lang='lat' dir='ltr'><strong>vestri</strong></span> <span class='ocrx_word' id='word_1_30' title='bbox 2091 635 2132 674; x_wconf 93' lang='lat' dir='ltr'><strong>in</strong></span> <span class='ocrx_word' id='word_1_31' title='bbox 2156 643 2307 687; x_wconf 89' lang='lat' dir='ltr'><strong>partem</strong></span> <span class='ocrx_word' id='word_1_32' title='bbox 2326 650 2468 678; x_wconf 89' lang='lat' dir='ltr'><strong>vocare</strong></span> 
     </span>
     <span class='ocr_line' id='line_1_6' title="bbox 458 689 2468 741; baseline 0.005 -12"><span class='ocrx_word' id='word_1_33' title='bbox 458 689 647 730; x_wconf 87' lang='lat' dir='ltr'><strong>voluistis.</strong></span> <span class='ocrx_word' id='word_1_34' title='bbox 698 693 755 732; x_wconf 93' lang='lat' dir='ltr'><strong>Ut</strong></span> <span class='ocrx_word' id='word_1_35' title='bbox 770 692 877 733; x_wconf 90' lang='lat' dir='ltr'><strong>enirn</strong></span> <span class='ocrx_word' id='word_1_36' title='bbox 893 707 984 733; x_wconf 90' lang='lat' dir='ltr'><strong>cum</strong></span> <span class='ocrx_word' id='word_1_37' title='bbox 999 693 1186 733; x_wconf 90' lang='lat' dir='ltr'><strong>omnibus</strong></span> <span class='ocrx_word' id='word_1_38' title='bbox 1202 694 1406 735; x_wconf 91' lang='lat' dir='ltr'><strong>doctrinae</strong></span> <span class='ocrx_word' id='word_1_39' title='bbox 1423 695 1634 735; x_wconf 86' lang='lat' dir='ltr'><strong>domiciliis</strong></span> <span class='ocrx_word' id='word_1_40' title='bbox 1650 696 1872 736; x_wconf 90' lang='lat' dir='ltr'><strong>studiorum</strong></span> <span class='ocrx_word' id='word_1_41' title='bbox 1888 698 2163 738; x_wconf 88' lang='lat' dir='ltr'><strong>communium</strong></span> <span class='ocrx_word' id='word_1_42' title='bbox 2178 699 2468 741; x_wconf 91' lang='lat' dir='ltr'><strong>consuetudine</strong></span> 
     </span>
     <span class='ocr_line' id='line_1_7' title="bbox 458 754 2467 812; baseline 0.006 -23"><span class='ocrx_word' id='word_1_43' title='bbox 458 763 594 791; x_wconf 88' lang='lat' dir='ltr'><strong>sumus</strong></span> <span class='ocrx_word' id='word_1_44' title='bbox 632 754 861 802; x_wconf 91' lang='lat' dir='ltr'><strong>consociati,</strong></span> <span class='ocrx_word' id='word_1_45' title='bbox 894 754 948 794; x_wconf 90' lang='lat' dir='ltr'><strong>ita</strong></span> <span class='ocrx_word' id='word_1_46' title='bbox 984 755 1192 794; x_wconf 92' lang='lat' dir='ltr'><strong>vobiscum</strong></span> <span class='ocrx_word' id='word_1_47' title='bbox 1229 756 1457 806; x_wconf 89' lang='lat' dir='ltr'><strong>praesertim</strong></span> <span class='ocrx_word' id='word_1_48' title='bbox 1492 770 1542 796; x_wconf 93' lang='lat' dir='ltr'><strong>eo</strong></span> <span class='ocrx_word' id='word_1_49' title='bbox 1572 756 1714 797; x_wconf 84' lang='lat' dir='ltr'><strong>artiore</strong></span> <span class='ocrx_word' id='word_1_50' title='bbox 1747 757 1908 798; x_wconf 92' lang='lat' dir='ltr'><strong>vinculo</strong></span> <span class='ocrx_word' id='word_1_51' title='bbox 1941 772 2077 799; x_wconf 88' lang='lat' dir='ltr'><strong>sumus</strong></span> <span class='ocrx_word' id='word_1_52' title='bbox 2110 759 2325 807; x_wconf 91' lang='lat' dir='ltr'><strong>coniuncti,</strong></span> <span class='ocrx_word' id='word_1_53' title='bbox 2356 762 2467 812; x_wconf 93' lang='lat' dir='ltr'><strong>quod</strong></span> 
     </span>
     <span class='ocr_line' id='line_1_8' title="bbox 458 813 2467 869; baseline 0.005 -16"><span class='ocrx_word' id='word_1_54' title='bbox 458 813 704 854; x_wconf 90' lang='lat' dir='ltr'><strong>Universitas</strong></span> <span class='ocrx_word' id='word_1_55' title='bbox 728 816 793 856; x_wconf 92' lang='lat' dir='ltr'><strong>illa</strong></span> <span class='ocrx_word' id='word_1_56' title='bbox 819 825 955 866; x_wconf 88' lang='lat' dir='ltr'><strong>vestra,</strong></span> <span class='ocrx_word' id='word_1_57' title='bbox 977 831 1080 869; x_wconf 91' lang='lat' dir='ltr'><strong>quae</strong></span> <span class='ocrx_word' id='word_1_58' title='bbox 1103 831 1210 857; x_wconf 90' lang='lat' dir='ltr'><strong>nunc</strong></span> <span class='ocrx_word' id='word_1_59' title='bbox 1234 825 1339 858; x_wconf 92' lang='lat' dir='ltr'><strong>certe</strong></span> <span class='ocrx_word' id='word_1_60' title='bbox 1366 820 1638 858; x_wconf 88' lang='lat' dir='ltr'><strong>Professorum</strong></span> <span class='ocrx_word' id='word_1_61' title='bbox 1666 833 1827 859; x_wconf 90' lang='lat' dir='ltr'><strong>suorum</strong></span> <span class='ocrx_word' id='word_1_62' title='bbox 1854 820 1895 859; x_wconf 90' lang='lat' dir='ltr'><strong>in</strong></span> <span class='ocrx_word' id='word_1_63' title='bbox 1921 821 2061 862; x_wconf 90' lang='lat' dir='ltr'><strong>ordine</strong></span> <span class='ocrx_word' id='word_1_64' title='bbox 2084 829 2143 862; x_wconf 93' lang='lat' dir='ltr'><strong>tot</strong></span> <span class='ocrx_word' id='word_1_65' title='bbox 2168 824 2351 862; x_wconf 89' lang='lat' dir='ltr'><strong>alumnos</strong></span> <span class='ocrx_word' id='word_1_66' title='bbox 2374 835 2467 863; x_wconf 90' lang='lat' dir='ltr'><strong>suos</strong></span> 
     </span>
     <span class='ocr_line' id='line_1_9' title="bbox 457 874 2466 935; baseline 0.005 -22"><span class='ocrx_word' id='word_1_67' title='bbox 457 874 563 914; x_wconf 90' lang='lat' dir='ltr'><strong>varia</strong></span> <span class='ocrx_word' id='word_1_68' title='bbox 588 883 628 915; x_wconf 92' lang='lat' dir='ltr'><strong>et</strong></span> <span class='ocrx_word' id='word_1_69' title='bbox 656 878 865 929; x_wconf 88' lang='lat' dir='ltr'><strong>multiplici</strong></span> <span class='ocrx_word' id='word_1_70' title='bbox 893 878 1074 919; x_wconf 90' lang='lat' dir='ltr'><strong>doctrina</strong></span> <span class='ocrx_word' id='word_1_71' title='bbox 1102 879 1274 930; x_wconf 88' lang='lat' dir='ltr'><strong>insignes</strong></span> <span class='ocrx_word' id='word_1_72' title='bbox 1304 888 1496 930; x_wconf 88' lang='lat' dir='ltr'><strong>numerat,</strong></span> <span class='ocrx_word' id='word_1_73' title='bbox 1528 881 1652 920; x_wconf 90' lang='lat' dir='ltr'><strong>tribus</strong></span> <span class='ocrx_word' id='word_1_74' title='bbox 1680 881 1829 921; x_wconf 89' lang='lat' dir='ltr'><strong>abhinc</strong></span> <span class='ocrx_word' id='word_1_75' title='bbox 1857 882 2024 922; x_wconf 91' lang='lat' dir='ltr'><strong>saeculis</strong></span> <span class='ocrx_word' id='word_1_76' title='bbox 2053 890 2189 923; x_wconf 91' lang='lat' dir='ltr'><strong>nostro</strong></span> <span class='ocrx_word' id='word_1_77' title='bbox 2217 883 2466 935; x_wconf 90' lang='lat' dir='ltr'><strong>potissimum</strong></span> 
     </span>
     <span class='ocr_line' id='line_1_10' title="bbox 458 940 2468 997; baseline 0.005 -20"><span class='ocrx_word' id='word_1_78' title='bbox 458 950 480 976; x_wconf 92' lang='lat' dir='ltr'><strong>e</strong></span> <span class='ocrx_word' id='word_1_79' title='bbox 513 945 630 977; x_wconf 90' lang='lat' dir='ltr'><strong>coetu</strong></span> <span class='ocrx_word' id='word_1_80' title='bbox 664 940 842 992; x_wconf 90' lang='lat' dir='ltr'><strong>quinque</strong></span> <span class='ocrx_word' id='word_1_81' title='bbox 875 941 1064 992; x_wconf 86' lang='lat' dir='ltr'><strong>deinceps</strong></span> <span class='ocrx_word' id='word_1_82' title='bbox 1098 942 1303 981; x_wconf 86' lang='lat' dir='ltr'><strong>Praesides</strong></span> <span class='ocrx_word' id='word_1_83' title='bbox 1337 943 1478 994; x_wconf 87' lang='lat' dir='ltr'><strong>eligere</strong></span> <span class='ocrx_word' id='word_1_84' title='bbox 1509 943 1670 995; x_wconf 86' lang='lat' dir='ltr'><strong>dignata</strong></span> <span class='ocrx_word' id='word_1_85' title='bbox 1703 946 1790 983; x_wconf 88' lang='lat' dir='ltr'><strong>est¹.</strong></span> <span class='ocrx_word' id='word_1_86' title='bbox 1850 946 1912 984; x_wconf 96' lang='lat' dir='ltr'><strong>Eo</strong></span> <span class='ocrx_word' id='word_1_87' title='bbox 1945 945 2132 986; x_wconf 89' lang='lat' dir='ltr'><strong>libentius</strong></span> <span class='ocrx_word' id='word_1_88' title='bbox 2169 945 2285 997; x_wconf 90' lang='lat' dir='ltr'><strong>igitur</strong></span> <span class='ocrx_word' id='word_1_89' title='bbox 2316 954 2468 987; x_wconf 89' lang='lat' dir='ltr'><strong>vestrae</strong></span> 
     </span>
     <span class='ocr_line' id='line_1_11' title="bbox 459 1001 2467 1061; baseline 0.005 -24"><span class='ocrx_word' id='word_1_90' title='bbox 459 1001 652 1040; x_wconf 87' lang='lat' dir='ltr'><strong>voluntati</strong></span> <span class='ocrx_word' id='word_1_91' title='bbox 673 1003 865 1052; x_wconf 89' lang='lat' dir='ltr'><strong>obsecuti,</strong></span> <span class='ocrx_word' id='word_1_92' title='bbox 887 1018 909 1044; x_wconf 92' lang='lat' dir='ltr'><strong>e</strong></span> <span class='ocrx_word' id='word_1_93' title='bbox 933 1005 1080 1044; x_wconf 86' lang='lat' dir='ltr'><strong>Senatu</strong></span> <span class='ocrx_word' id='word_1_94' title='bbox 1105 1012 1241 1044; x_wconf 92' lang='lat' dir='ltr'><strong>nostro</strong></span> <span class='ocrx_word' id='word_1_95' title='bbox 1264 1006 1412 1056; x_wconf 90' lang='lat' dir='ltr'><strong>legatos</strong></span> <span class='ocrx_word' id='word_1_96' title='bbox 1437 1013 1623 1056; x_wconf 89' lang='lat' dir='ltr'><strong>quattuor</strong></span> <span class='ocrx_word' id='word_1_97' title='bbox 1647 1006 1877 1058; x_wconf 90' lang='lat' dir='ltr'><strong>delegimus,</strong></span> <span class='ocrx_word' id='word_1_98' title='bbox 1900 1007 2080 1059; x_wconf 88' lang='lat' dir='ltr'><strong>proximo</strong></span> <span class='ocrx_word' id='word_1_99' title='bbox 2099 1008 2160 1061; x_wconf 90' lang='lat' dir='ltr'><strong>(ut</strong></span> <span class='ocrx_word' id='word_1_100' title='bbox 2185 1010 2406 1060; x_wconf 89' lang='lat' dir='ltr'><strong>speramus)</strong></span> <span class='ocrx_word' id='word_1_101' title='bbox 2425 1009 2467 1049; x_wconf 91' lang='lat' dir='ltr'><strong>in</strong></span> 
     </span>
     <span class='ocr_line' id='line_1_12' title="bbox 457 1067 2468 1122; baseline 0.004 -20"><span class='ocrx_word' id='word_1_102' title='bbox 457 1075 564 1102; x_wconf 87' lang='lat' dir='ltr'><strong>anno</strong></span> <span class='ocrx_word' id='word_1_103' title='bbox 597 1072 770 1105; x_wconf 87' lang='lat' dir='ltr'><strong>vestrum</strong></span> <span class='ocrx_word' id='word_1_104' title='bbox 804 1069 982 1107; x_wconf 90' lang='lat' dir='ltr'><strong>omnium</strong></span> <span class='ocrx_word' id='word_1_105' title='bbox 1017 1067 1189 1107; x_wconf 90' lang='lat' dir='ltr'><strong>laetitiae</strong></span> <span class='ocrx_word' id='word_1_106' title='bbox 1219 1081 1302 1107; x_wconf 92' lang='lat' dir='ltr'><strong>non</strong></span> <span class='ocrx_word' id='word_1_107' title='bbox 1335 1069 1458 1108; x_wconf 93' lang='lat' dir='ltr'><strong>modo</strong></span> <span class='ocrx_word' id='word_1_108' title='bbox 1487 1076 1606 1108; x_wconf 90' lang='lat' dir='ltr'><strong>testes</strong></span> <span class='ocrx_word' id='word_1_109' title='bbox 1635 1070 1706 1109; x_wconf 92' lang='lat' dir='ltr'><strong>sed</strong></span> <span class='ocrx_word' id='word_1_110' title='bbox 1738 1070 1858 1109; x_wconf 90' lang='lat' dir='ltr'><strong>etiarn</strong></span> <span class='ocrx_word' id='word_1_111' title='bbox 1892 1070 2102 1122; x_wconf 90' lang='lat' dir='ltr'><strong>participes</strong></span> <span class='ocrx_word' id='word_1_112' title='bbox 2130 1072 2292 1111; x_wconf 88' lang='lat' dir='ltr'><strong>futuros.</strong></span> <span class='ocrx_word' id='word_1_113' title='bbox 2352 1073 2468 1112; x_wconf 89' lang='lat' dir='ltr'><strong>Iuvat</strong></span> 
     </span>
     <span class='ocr_line' id='line_1_13' title="bbox 457 1126 2467 1183; baseline 0.005 -20"><span class='ocrx_word' id='word_1_114' title='bbox 457 1126 675 1177; x_wconf 90' lang='lat' dir='ltr'><strong>legatorum</strong></span> <span class='ocrx_word' id='word_1_115' title='bbox 709 1137 934 1170; x_wconf 91' lang='lat' dir='ltr'><strong>nostrorum</strong></span> <span class='ocrx_word' id='word_1_116' title='bbox 969 1130 1134 1170; x_wconf 92' lang='lat' dir='ltr'><strong>nomina</strong></span> <span class='ocrx_word' id='word_1_117' title='bbox 1166 1130 1251 1182; x_wconf 90' lang='lat' dir='ltr'><strong>ipsa</strong></span> <span class='ocrx_word' id='word_1_118' title='bbox 1283 1144 1496 1182; x_wconf 89' lang='lat' dir='ltr'><strong>apponere.</strong></span> <span class='ocrx_word' id='word_1_119' title='bbox 1554 1133 1660 1183; x_wconf 90' lang='lat' dir='ltr'><strong>Ergo</strong></span> <span class='ocrx_word' id='word_1_120' title='bbox 1697 1132 1847 1183; x_wconf 91' lang='lat' dir='ltr'><strong>primus</strong></span> <span class='ocrx_word' id='word_1_121' title='bbox 1885 1133 1957 1172; x_wconf 92' lang='lat' dir='ltr'><strong>erit</strong></span> <span class='ocrx_word' id='word_1_122' title='bbox 1995 1133 2272 1173; x_wconf 90' lang='lat' dir='ltr'><strong>Universitatis</strong></span> <span class='ocrx_word' id='word_1_123' title='bbox 2309 1142 2467 1175; x_wconf 88' lang='lat' dir='ltr'><strong>nostrae</strong></span> 
     </span>
     <span class='ocr_line' id='line_1_14' title="bbox 458 1190 2466 1247; baseline 0.004 -20"><span class='ocrx_word' id='word_1_124' title='bbox 458 1190 805 1241; x_wconf 84' lang='lat' dir='ltr'><strong>Procancessarius,</strong></span> <span class='ocrx_word' id='word_1_125' title='bbox 829 1195 1020 1232; x_wconf 76' lang='lat' dir='ltr'><strong>IOANNES</strong></span> <span class='ocrx_word' id='word_1_126' title='bbox 1041 1196 1183 1239; x_wconf 80' lang='lat' dir='ltr'><strong>PE1LE,</strong></span> <span class='ocrx_word' id='word_1_127' title='bbox 1206 1193 1442 1233; x_wconf 87' lang='lat' dir='ltr'><strong>Litterarum</strong></span> <span class='ocrx_word' id='word_1_128' title='bbox 1465 1195 1627 1243; x_wconf 89' lang='lat' dir='ltr'><strong>Doctor,</strong></span> <span class='ocrx_word' id='word_1_129' title='bbox 1651 1195 1798 1235; x_wconf 88' lang='lat' dir='ltr'><strong>Christi</strong></span> <span class='ocrx_word' id='word_1_130' title='bbox 1819 1194 1998 1246; x_wconf 91' lang='lat' dir='ltr'><strong>Collegio</strong></span> <span class='ocrx_word' id='word_1_131' title='bbox 2018 1195 2266 1247; x_wconf 86' lang='lat' dir='ltr'><strong>praepositus</strong></span> <span class='ocrx_word' id='word_1_132' title='bbox 2278 1210 2290 1245; x_wconf 80' lang='lat'>3</span> <span class='ocrx_word' id='word_1_133' title='bbox 2318 1195 2466 1236; x_wconf 90' lang='lat' dir='ltr'><strong>deinde</strong></span> 
     </span>
     <span class='ocr_line' id='line_1_15' title="bbox 459 1252 2465 1308; baseline 0.003 -16"><span class='ocrx_word' id='word_1_134' title='bbox 459 1252 626 1304; x_wconf 90' lang='lat' dir='ltr'><strong>Collegii</strong></span> <span class='ocrx_word' id='word_1_135' title='bbox 649 1255 817 1295; x_wconf 86' lang='lat' dir='ltr'><strong>Sanctae</strong></span> <span class='ocrx_word' id='word_1_136' title='bbox 844 1264 883 1296; x_wconf 90' lang='lat' dir='ltr'><strong>et</strong></span> <span class='ocrx_word' id='word_1_137' title='bbox 904 1257 1141 1297; x_wconf 91' lang='lat' dir='ltr'><strong>Individuae</strong></span> <span class='ocrx_word' id='word_1_138' title='bbox 1160 1256 1364 1296; x_wconf 91' lang='lat' dir='ltr'><strong>Trinitatis</strong></span> <span class='ocrx_word' id='word_1_139' title='bbox 1392 1256 1591 1308; x_wconf 89' lang='lat' dir='ltr'><strong>Magister,</strong></span> <span class='ocrx_word' id='word_1_140' title='bbox 1618 1259 1845 1297; x_wconf 84' lang='lat' dir='ltr'><strong>HENRICUS</strong></span> <span class='ocrx_word' id='word_1_141' title='bbox 1874 1259 2093 1298; x_wconf 83' lang='lat' dir='ltr'>MONTAGU</span> <span class='ocrx_word' id='word_1_142' title='bbox 2120 1260 2303 1306; x_wconf 79' lang='lat' dir='ltr'><strong>BUTLER,</strong></span> <span class='ocrx_word' id='word_1_143' title='bbox 2325 1260 2465 1299; x_wconf 85' lang='lat' dir='ltr'><strong>Sacrae</strong></span> 
     </span>
     <span class='ocr_line' id='line_1_16' title="bbox 456 1314 2462 1369; baseline 0.003 -17"><span class='ocrx_word' id='word_1_144' title='bbox 456 1314 701 1366; x_wconf 89' lang='lat' dir='ltr'><strong>Theologiae</strong></span> <span class='ocrx_word' id='word_1_145' title='bbox 722 1318 923 1357; x_wconf 90' lang='lat' dir='ltr'><strong>Professor</strong></span> <span class='ocrx_word' id='word_1_146' title='bbox 938 1332 948 1365; x_wconf 80' lang='lat'><em>3</em></span> <span class='ocrx_word' id='word_1_147' title='bbox 976 1318 1165 1368; x_wconf 87' lang='lat' dir='ltr'><strong>deinceps</strong></span> <span class='ocrx_word' id='word_1_148' title='bbox 1187 1317 1289 1356; x_wconf 92' lang='lat' dir='ltr'><strong>Iuris</strong></span> <span class='ocrx_word' id='word_1_149' title='bbox 1308 1325 1347 1357; x_wconf 93' lang='lat' dir='ltr'><strong>et</strong></span> <span class='ocrx_word' id='word_1_150' title='bbox 1367 1317 1629 1358; x_wconf 87' lang='lat' dir='ltr'><strong>Scientiarum</strong></span> <span class='ocrx_word' id='word_1_151' title='bbox 1650 1320 1813 1367; x_wconf 93' lang='lat' dir='ltr'><strong>Doctor,</strong></span> <span class='ocrx_word' id='word_1_152' title='bbox 1837 1319 2056 1358; x_wconf 72' lang='lat' dir='ltr'><strong>GEoRoms</strong></span> <span class='ocrx_word' id='word_1_153' title='bbox 2077 1320 2269 1359; x_wconf 73' lang='lat' dir='ltr'>GABROEL</span> <span class='ocrx_word' id='word_1_154' title='bbox 2288 1321 2462 1369; x_wconf 78' lang='lat' dir='ltr'>STOKES,</span> 
     </span>
     <span class='ocr_line' id='line_1_17' title="bbox 458 1375 2462 1433; baseline 0.005 -20"><span class='ocrx_word' id='word_1_155' title='bbox 458 1375 703 1426; x_wconf 89' lang='lat' dir='ltr'><strong>Baronettus,</strong></span> <span class='ocrx_word' id='word_1_156' title='bbox 726 1378 923 1419; x_wconf 89' lang='lat' dir='ltr'><strong>Scientiae</strong></span> <span class='ocrx_word' id='word_1_157' title='bbox 948 1379 1258 1420; x_wconf 90' lang='lat' dir='ltr'><strong>Mathematicae</strong></span> <span class='ocrx_word' id='word_1_158' title='bbox 1281 1381 1484 1420; x_wconf 93' lang='lat' dir='ltr'><strong>Professor</strong></span> <span class='ocrx_word' id='word_1_159' title='bbox 1507 1380 1764 1430; x_wconf 89' lang='lat' dir='ltr'><strong>Lucasianus,</strong></span> <span class='ocrx_word' id='word_1_160' title='bbox 1787 1382 1955 1433; x_wconf 90' lang='lat' dir='ltr'><strong>Collegii</strong></span> <span class='ocrx_word' id='word_1_161' title='bbox 1980 1382 2286 1422; x_wconf 88' lang='lat' dir='ltr'><strong>Pembrochiani</strong></span> <span class='ocrx_word' id='word_1_162' title='bbox 2310 1382 2462 1433; x_wconf 86' lang='lat' dir='ltr'><strong>Socius,</strong></span> 
     </span>
     <span class='ocr_line' id='line_1_18' title="bbox 456 1437 2464 1496; baseline 0.004 -19"><span class='ocrx_word' id='word_1_163' title='bbox 456 1437 733 1479; x_wconf 90' lang='lat' dir='ltr'><strong>Universitatis</strong></span> <span class='ocrx_word' id='word_1_164' title='bbox 771 1449 929 1482; x_wconf 90' lang='lat' dir='ltr'><strong>nostrae</strong></span> <span class='ocrx_word' id='word_1_165' title='bbox 965 1442 1007 1481; x_wconf 91' lang='lat' dir='ltr'><strong>in</strong></span> <span class='ocrx_word' id='word_1_166' title='bbox 1044 1441 1208 1482; x_wconf 90' lang='lat' dir='ltr'><strong>nomine</strong></span> <span class='ocrx_word' id='word_1_167' title='bbox 1246 1441 1409 1482; x_wconf 88' lang='lat' dir='ltr'><strong>Senatui</strong></span> <span class='ocrx_word' id='word_1_168' title='bbox 1450 1442 1680 1483; x_wconf 90' lang='lat' dir='ltr'><strong>Britannico</strong></span> <span class='ocrx_word' id='word_1_169' title='bbox 1721 1443 1943 1494; x_wconf 89' lang='lat' dir='ltr'><strong>adscriptus</strong></span> <span class='ocrx_word' id='word_1_170' title='bbox 1957 1457 1968 1492; x_wconf 79' lang='lat'>3</span> <span class='ocrx_word' id='word_1_171' title='bbox 2014 1444 2189 1496; x_wconf 91' lang='lat' dir='ltr'><strong>denique</strong></span> <span class='ocrx_word' id='word_1_172' title='bbox 2235 1444 2464 1485; x_wconf 90' lang='lat' dir='ltr'><strong>Medicinae</strong></span> 
     </span>
     <span class='ocr_line' id='line_1_19' title="bbox 457 1499 2462 1555; baseline 0.004 -18"><span class='ocrx_word' id='word_1_173' title='bbox 457 1499 620 1547; x_wconf 88' lang='lat' dir='ltr'><strong>Doctor,</strong></span> <span class='ocrx_word' id='word_1_174' title='bbox 651 1502 919 1542; x_wconf 78' lang='lat' dir='ltr'>ALEXANDER</span> <span class='ocrx_word' id='word_1_175' title='bbox 956 1505 1244 1552; x_wconf 82' lang='lat' dir='ltr'><strong>MACALISTER‚</strong></span> <span class='ocrx_word' id='word_1_176' title='bbox 1275 1503 1443 1555; x_wconf 91' lang='lat' dir='ltr'><strong>Collegii</strong></span> <span class='ocrx_word' id='word_1_177' title='bbox 1479 1504 1571 1543; x_wconf 88' lang='lat' dir='ltr'><strong>Divi</strong></span> <span class='ocrx_word' id='word_1_178' title='bbox 1601 1504 1765 1544; x_wconf 90' lang='lat' dir='ltr'><strong>Ioannis</strong></span> <span class='ocrx_word' id='word_1_179' title='bbox 1799 1505 1950 1552; x_wconf 93' lang='lat' dir='ltr'><strong>Socius,</strong></span> <span class='ocrx_word' id='word_1_180' title='bbox 1981 1506 2221 1546; x_wconf 89' lang='lat' dir='ltr'><strong>Anatomiae</strong></span> <span class='ocrx_word' id='word_1_181' title='bbox 2249 1507 2462 1547; x_wconf 92' lang='lat' dir='ltr'><strong>Professor.</strong></span> 
     </span>
     <span class='ocr_line' id='line_1_20' title="bbox 456 1561 2465 1609; baseline 0.005 -10"><span class='ocrx_word' id='word_1_182' title='bbox 456 1561 628 1601; x_wconf 90' lang='lat' dir='ltr'><strong>Habetis</strong></span> <span class='ocrx_word' id='word_1_183' title='bbox 666 1564 829 1604; x_wconf 91' lang='lat' dir='ltr'><strong>nomina</strong></span> <span class='ocrx_word' id='word_1_184' title='bbox 866 1565 1038 1605; x_wconf 91' lang='lat' dir='ltr'><strong>virorum</strong></span> <span class='ocrx_word' id='word_1_185' title='bbox 1077 1573 1116 1606; x_wconf 91' lang='lat' dir='ltr'><strong>et</strong></span> <span class='ocrx_word' id='word_1_186' title='bbox 1153 1565 1368 1605; x_wconf 87' lang='lat' dir='ltr'><strong>litterarum</strong></span> <span class='ocrx_word' id='word_1_187' title='bbox 1412 1566 1693 1606; x_wconf 90' lang='lat' dir='ltr'><strong>humaniorum</strong></span> <span class='ocrx_word' id='word_1_188' title='bbox 1736 1575 1776 1607; x_wconf 92' lang='lat' dir='ltr'><strong>et</strong></span> <span class='ocrx_word' id='word_1_189' title='bbox 1817 1567 2006 1609; x_wconf 90' lang='lat' dir='ltr'><strong>scientiae</strong></span> <span class='ocrx_word' id='word_1_190' title='bbox 2047 1582 2130 1609; x_wconf 93' lang='lat' dir='ltr'><strong>non</strong></span> <span class='ocrx_word' id='word_1_191' title='bbox 2170 1569 2287 1608; x_wconf 89' lang='lat' dir='ltr'><strong>unius</strong></span> <span class='ocrx_word' id='word_1_192' title='bbox 2327 1582 2465 1609; x_wconf 89' lang='lat' dir='ltr'><strong>amore</strong></span> 
     </span>
     <span class='ocr_line' id='line_1_21' title="bbox 454 1621 2464 1681; baseline 0.004 -20"><span class='ocrx_word' id='word_1_193' title='bbox 454 1621 667 1673; x_wconf 88' lang='lat' dir='ltr'><strong>insignium</strong></span> <span class='ocrx_word' id='word_1_194' title='bbox 681 1639 692 1674; x_wconf 85' lang='lat'>;</span> <span class='ocrx_word' id='word_1_195' title='bbox 721 1639 822 1677; x_wconf 92' lang='lat' dir='ltr'><strong>quos</strong></span> <span class='ocrx_word' id='word_1_196' title='bbox 851 1641 900 1667; x_wconf 91' lang='lat' dir='ltr'><strong>eo</strong></span> <span class='ocrx_word' id='word_1_197' title='bbox 929 1627 1139 1679; x_wconf 89' lang='lat' dir='ltr'><strong>benignius</strong></span> <span class='ocrx_word' id='word_1_198' title='bbox 1169 1627 1253 1667; x_wconf 89' lang='lat' dir='ltr'><strong>sine</strong></span> <span class='ocrx_word' id='word_1_199' title='bbox 1282 1628 1407 1667; x_wconf 92' lang='lat' dir='ltr'><strong>dubio</strong></span> <span class='ocrx_word' id='word_1_200' title='bbox 1436 1627 1649 1680; x_wconf 84' lang='lat' dir='ltr'><strong>accipietiS,</strong></span> <span class='ocrx_word' id='word_1_201' title='bbox 1673 1630 1783 1680; x_wconf 90' lang='lat' dir='ltr'><strong>quod</strong></span> <span class='ocrx_word' id='word_1_202' title='bbox 1812 1629 1881 1669; x_wconf 93' lang='lat' dir='ltr'><strong>uni</strong></span> <span class='ocrx_word' id='word_1_203' title='bbox 1906 1643 1954 1669; x_wconf 87' lang='lat' dir='ltr'><strong>ex</strong></span> <span class='ocrx_word' id='word_1_204' title='bbox 1979 1629 2047 1678; x_wconf 85' lang='lat' dir='ltr'><strong>eis,</strong></span> <span class='ocrx_word' id='word_1_205' title='bbox 2069 1632 2274 1681; x_wconf 91' lang='lat' dir='ltr'><strong>quondam</strong></span> <span class='ocrx_word' id='word_1_206' title='bbox 2299 1644 2324 1670; x_wconf 90' lang='lat' dir='ltr'><strong>a</strong></span> <span class='ocrx_word' id='word_1_207' title='bbox 2351 1630 2464 1671; x_wconf 90' lang='lat' dir='ltr'><strong>vobis</strong></span> 
     </span>
     <span class='ocr_line' id='line_1_22' title="bbox 455 1684 2464 1744; baseline 0.004 -20"><span class='ocrx_word' id='word_1_208' title='bbox 455 1684 617 1725; x_wconf 88' lang='lat' dir='ltr'><strong>honoris</strong></span> <span class='ocrx_word' id='word_1_209' title='bbox 645 1700 765 1727; x_wconf 90' lang='lat' dir='ltr'><strong>causa</strong></span> <span class='ocrx_word' id='word_1_210' title='bbox 794 1689 895 1728; x_wconf 91' lang='lat' dir='ltr'><strong>Iuris</strong></span> <span class='ocrx_word' id='word_1_211' title='bbox 929 1689 1095 1728; x_wconf 91' lang='lat' dir='ltr'><strong>Doctori</strong></span> <span class='ocrx_word' id='word_1_212' title='bbox 1123 1689 1342 1737; x_wconf 86' lang='lat' dir='ltr'><strong>nominato,</strong></span> <span class='ocrx_word' id='word_1_213' title='bbox 1373 1689 1459 1741; x_wconf 89' lang='lat' dir='ltr'><strong>ipsa</strong></span> <span class='ocrx_word' id='word_1_214' title='bbox 1486 1690 1684 1730; x_wconf 90' lang='lat' dir='ltr'><strong>Hibernia</strong></span> <span class='ocrx_word' id='word_1_215' title='bbox 1712 1690 1837 1742; x_wconf 88' lang='lat' dir='ltr'><strong>patria</strong></span> <span class='ocrx_word' id='word_1_216' title='bbox 1865 1691 2006 1731; x_wconf 89' lang='lat' dir='ltr'><strong>natalis</strong></span> <span class='ocrx_word' id='word_1_217' title='bbox 2034 1691 2107 1731; x_wconf 90' lang='lat' dir='ltr'><strong>fuit</strong></span> <span class='ocrx_word' id='word_1_218' title='bbox 2119 1706 2131 1741; x_wconf 79' lang='lat'><em>3</em></span> <span class='ocrx_word' id='word_1_219' title='bbox 2168 1693 2278 1744; x_wconf 91' lang='lat' dir='ltr'><strong>quod</strong></span> <span class='ocrx_word' id='word_1_220' title='bbox 2310 1694 2408 1732; x_wconf 89' lang='lat' dir='ltr'><strong>alter</strong></span> <span class='ocrx_word' id='word_1_221' title='bbox 2439 1705 2464 1733; x_wconf 84' lang='lat' dir='ltr'><strong>a</strong></span> 
     </span>
     <span class='ocr_line' id='line_1_23' title="bbox 455 1745 2463 1804; baseline 0.005 -20"><span class='ocrx_word' id='word_1_222' title='bbox 455 1745 675 1787; x_wconf 91' lang='lat' dir='ltr'><strong>Caledonia</strong></span> <span class='ocrx_word' id='word_1_223' title='bbox 697 1749 916 1791; x_wconf 90' lang='lat' dir='ltr'><strong>Hiberniae</strong></span> <span class='ocrx_word' id='word_1_224' title='bbox 936 1752 1120 1799; x_wconf 91' lang='lat' dir='ltr'><strong>donatus,</strong></span> <span class='ocrx_word' id='word_1_225' title='bbox 1141 1764 1165 1790; x_wconf 91' lang='lat' dir='ltr'><strong>a</strong></span> <span class='ocrx_word' id='word_1_226' title='bbox 1183 1750 1296 1790; x_wconf 91' lang='lat' dir='ltr'><strong>vobis</strong></span> <span class='ocrx_word' id='word_1_227' title='bbox 1319 1752 1510 1803; x_wconf 90' lang='lat' dir='ltr'><strong>deinceps</strong></span> <span class='ocrx_word' id='word_1_228' title='bbox 1532 1751 1718 1804; x_wconf 92' lang='lat' dir='ltr'><strong>auspiciis</strong></span> <span class='ocrx_word' id='word_1_229' title='bbox 1741 1752 1902 1804; x_wconf 90' lang='lat' dir='ltr'><strong>optimis</strong></span> <span class='ocrx_word' id='word_1_230' title='bbox 1926 1752 2154 1793; x_wconf 89' lang='lat' dir='ltr'><strong>Britanniae</strong></span> <span class='ocrx_word' id='word_1_231' title='bbox 2176 1753 2354 1794; x_wconf 91' lang='lat' dir='ltr'><strong>redditus</strong></span> <span class='ocrx_word' id='word_1_232' title='bbox 2379 1762 2463 1804; x_wconf 84' lang='lat' dir='ltr'><strong>est3</strong></span> 
     </span>
     <span class='ocr_line' id='line_1_24' title="bbox 454 1809 2460 1867; baseline 0.005 -22"><span class='ocrx_word' id='word_1_233' title='bbox 454 1809 564 1858; x_wconf 93' lang='lat' dir='ltr'><strong>quod</strong></span> <span class='ocrx_word' id='word_1_234' title='bbox 593 1823 615 1849; x_wconf 92' lang='lat' dir='ltr'><strong>e</strong></span> <span class='ocrx_word' id='word_1_235' title='bbox 645 1810 913 1861; x_wconf 90' lang='lat' dir='ltr'><strong>Collegiorum</strong></span> <span class='ocrx_word' id='word_1_236' title='bbox 942 1811 1116 1862; x_wconf 91' lang='lat' dir='ltr'><strong>denique</strong></span> <span class='ocrx_word' id='word_1_237' title='bbox 1146 1812 1359 1852; x_wconf 88' lang='lat' dir='ltr'><strong>Praefectis</strong></span> <span class='ocrx_word' id='word_1_238' title='bbox 1389 1820 1554 1864; x_wconf 90' lang='lat' dir='ltr'><strong>uterque</strong></span> <span class='ocrx_word' id='word_1_239' title='bbox 1581 1813 1765 1866; x_wconf 90' lang='lat' dir='ltr'><strong>Angliam</strong></span> <span class='ocrx_word' id='word_1_240' title='bbox 1790 1814 1917 1865; x_wconf 90' lang='lat' dir='ltr'><strong>ipsam</strong></span> <span class='ocrx_word' id='word_1_241' title='bbox 1944 1814 2109 1866; x_wconf 90' lang='lat' dir='ltr'><strong>patriam</strong></span> <span class='ocrx_word' id='word_1_242' title='bbox 2133 1828 2220 1856; x_wconf 91' lang='lat' dir='ltr'><strong>esse</strong></span> <span class='ocrx_word' id='word_1_243' title='bbox 2244 1817 2460 1867; x_wconf 87' lang='lat' dir='ltr'><strong>profitetur,</strong></span> 
     </span>
     <span class='ocr_line' id='line_1_25' title="bbox 455 1871 2461 1928; baseline 0.004 -19"><span class='ocrx_word' id='word_1_244' title='bbox 455 1883 556 1921; x_wconf 91' lang='lat' dir='ltr'><strong>quae</strong></span> <span class='ocrx_word' id='word_1_245' title='bbox 576 1871 730 1923; x_wconf 89' lang='lat' dir='ltr'><strong>imperii</strong></span> <span class='ocrx_word' id='word_1_246' title='bbox 750 1873 968 1914; x_wconf 91' lang='lat' dir='ltr'><strong>Britannici</strong></span> <span class='ocrx_word' id='word_1_247' title='bbox 987 1882 1139 1925; x_wconf 89' lang='lat' dir='ltr'><strong>partem</strong></span> <span class='ocrx_word' id='word_1_248' title='bbox 1160 1875 1344 1914; x_wconf 91' lang='lat' dir='ltr'><strong>eximiam</strong></span> <span class='ocrx_word' id='word_1_249' title='bbox 1359 1875 1530 1915; x_wconf 91' lang='lat' dir='ltr'><strong>insulam</strong></span> <span class='ocrx_word' id='word_1_250' title='bbox 1545 1876 1651 1916; x_wconf 91' lang='lat' dir='ltr'><strong>illam</strong></span> <span class='ocrx_word' id='word_1_251' title='bbox 1673 1890 1759 1917; x_wconf 92' lang='lat' dir='ltr'><strong>esse</strong></span> <span class='ocrx_word' id='word_1_252' title='bbox 1773 1877 1970 1928; x_wconf 88' lang='lat' dir='ltr'><strong>gloriatur,</strong></span> <span class='ocrx_word' id='word_1_253' title='bbox 1988 1877 2057 1917; x_wconf 92' lang='lat' dir='ltr'><strong>ubi</strong></span> <span class='ocrx_word' id='word_1_254' title='bbox 2077 1885 2204 1918; x_wconf 89' lang='lat' dir='ltr'><strong>vestra</strong></span> <span class='ocrx_word' id='word_1_255' title='bbox 2216 1877 2461 1919; x_wconf 86' lang='lat' dir='ltr'><strong>Universitas</strong></span> 
     </span>
     <span class='ocr_line' id='line_1_26' title="bbox 454 1932 2461 1992; baseline 0.004 -20"><span class='ocrx_word' id='word_1_256' title='bbox 454 1932 571 1972; x_wconf 90' lang='lat' dir='ltr'><strong>trium</strong></span> <span class='ocrx_word' id='word_1_257' title='bbox 610 1936 857 1976; x_wconf 89' lang='lat' dir='ltr'><strong>saeculorum</strong></span> <span class='ocrx_word' id='word_1_258' title='bbox 892 1950 961 1988; x_wconf 91' lang='lat' dir='ltr'><strong>per</strong></span> <span class='ocrx_word' id='word_1_259' title='bbox 994 1936 1099 1976; x_wconf 90' lang='lat' dir='ltr'><strong>vices</strong></span> <span class='ocrx_word' id='word_1_260' title='bbox 1132 1951 1199 1976; x_wconf 88' lang='lat' dir='ltr'><strong>arx</strong></span> <span class='ocrx_word' id='word_1_261' title='bbox 1232 1945 1270 1977; x_wconf 93' lang='lat' dir='ltr'><strong>et</strong></span> <span class='ocrx_word' id='word_1_262' title='bbox 1302 1940 1454 1989; x_wconf 89' lang='lat' dir='ltr'><strong>asylum</strong></span> <span class='ocrx_word' id='word_1_263' title='bbox 1489 1939 1694 1979; x_wconf 89' lang='lat' dir='ltr'><strong>doctrinae</strong></span> <span class='ocrx_word' id='word_1_264' title='bbox 1726 1947 1766 1979; x_wconf 91' lang='lat' dir='ltr'><strong>et</strong></span> <span class='ocrx_word' id='word_1_265' title='bbox 1802 1940 1993 1980; x_wconf 87' lang='lat' dir='ltr'><strong>libertatis</strong></span> <span class='ocrx_word' id='word_1_266' title='bbox 2030 1940 2182 1992; x_wconf 90' lang='lat' dir='ltr'><strong>legibus</strong></span> <span class='ocrx_word' id='word_1_267' title='bbox 2219 1948 2461 1992; x_wconf 90' lang='lat' dir='ltr'><strong>temperatae</strong></span> 
     </span>
     <span class='ocr_line' id='line_1_27' title="bbox 454 1998 1193 2047; baseline 0.005 -13"><span class='ocrx_word' id='word_1_268' title='bbox 454 1999 795 2047; x_wconf 88' lang='lat' dir='ltr'><strong>propugnaculum</strong></span> <span class='ocrx_word' id='word_1_269' title='bbox 826 1998 982 2038; x_wconf 86' lang='lat' dir='ltr'><strong>exstitit.</strong></span> <span class='ocrx_word' id='word_1_270' title='bbox 1040 2000 1193 2039; x_wconf 89' lang='lat' dir='ltr'><strong>Valete.</strong></span> 
     </span>
    </p>

    <p class='ocr_par' dir='ltr' id='par_1_5' title="bbox 562 2068 1016 2119">
     <span class='ocr_line' id='line_1_28' title="bbox 562 2068 1016 2119; baseline 0.007 -14"><span class='ocrx_word' id='word_1_271' title='bbox 562 2068 718 2107; x_wconf 83' lang='lat' dir='ltr'><strong>Datum</strong></span> <span class='ocrx_word' id='word_1_272' title='bbox 743 2070 1016 2119; x_wconf 60' lang='lat' dir='ltr'><strong>Cantabrzgiae</strong></span> 
     </span>
    </p>
   </div>
   <div class='ocr_carea' id='block_1_5' title="bbox 667 2122 1140 2217">
    <p class='ocr_par' dir='ltr' id='par_1_6' title="bbox 667 2122 1140 2217">
     <span class='ocr_line' id='line_1_29' title="bbox 667 2122 1080 2162; baseline 0.005 -2"><span class='ocrx_word' id='word_1_273' title='bbox 667 2123 728 2160; x_wconf 87' lang='lat' dir='ltr'><strong>die</strong></span> <span class='ocrx_word' id='word_1_274' title='bbox 746 2122 842 2161; x_wconf 87' lang='lat' dir='ltr'><strong>xvii⁰</strong></span> <span class='ocrx_word' id='word_1_275' title='bbox 861 2125 1080 2162; x_wconf 85' lang='lat' dir='ltr'><strong>Decembris</strong></span> 
     </span>
     <span class='ocr_line' id='line_1_30' title="bbox 774 2177 1140 2217; baseline 0.005 -2"><span class='ocrx_word' id='word_1_276' title='bbox 774 2178 825 2215; x_wconf 84' lang='lat' dir='ltr'><strong>A.</strong></span> <span class='ocrx_word' id='word_1_277' title='bbox 849 2177 888 2215; x_wconf 90' lang='lat' dir='ltr'><strong>S.</strong></span> <span class='ocrx_word' id='word_1_278' title='bbox 914 2188 1140 2217; x_wconf 86' lang='lat' dir='ltr'>MDCCCXCI.</span> 
     </span>
    </p>
   </div>
   <div class='ocr_carea' id='block_1_6' title="bbox 1282 2295 1648 2335">
    <p class='ocr_par' dir='ltr' id='par_1_7' title="bbox 1282 2295 1648 2335">
     <span class='ocr_line' id='line_1_31' title="bbox 1282 2295 1648 2335; baseline 0.005 -3"><span class='ocrx_word' id='word_1_279' title='bbox 1282 2295 1371 2333; x_wconf 82' lang='lat' dir='ltr'><strong>Viro</strong></span> <span class='ocrx_word' id='word_1_280' title='bbox 1397 2295 1648 2335; x_wconf 64' lang='lat' dir='ltr'><strong>lVobiltksimo</strong></span> 
     </span>
    </p>
   </div>
   <div class='ocr_carea' id='block_1_7' title="bbox 964 2372 1947 2482">
    <p class='ocr_par' dir='ltr' id='par_1_8' title="bbox 964 2372 1947 2482">
     <span class='ocr_line' id='line_1_32' title="bbox 964 2372 1947 2415; baseline 0.004 -4"><span class='ocrx_word' id='word_1_281' title='bbox 964 2372 1237 2412; x_wconf 73' lang='lat' dir='ltr'><strong>SPENol-:R</strong></span> <span class='ocrx_word' id='word_1_282' title='bbox 1273 2372 1571 2414; x_wconf 82' lang='grc' dir='ltr'>ΟΟΜΡΤΟΝ</span> <span class='ocrx_word' id='word_1_283' title='bbox 1609 2373 1947 2415; x_wconf 72' lang='grc' dir='ltr'>ΟΑνΕΝΟΙὸΗ</span> 
     </span>
     <span class='ocr_line' id='line_1_33' title="bbox 1290 2442 1622 2482; baseline 0.006 -2"><span class='ocrx_word' id='word_1_284' title='bbox 1290 2442 1400 2481; x_wconf 85' lang='lat' dir='ltr'><strong><em>Ducz&#39;</em></strong></span> <span class='ocrx_word' id='word_1_285' title='bbox 1422 2443 1622 2482; x_wconf 75' lang='lat' dir='ltr'><strong>Deveniae</strong></span> 
     </span>
    </p>
   </div>
   <div class='ocr_carea' id='block_1_8' title="bbox 513 2510 2401 2566">
    <p class='ocr_par' dir='ltr' id='par_1_9' title="bbox 513 2510 2401 2566">
     <span class='ocr_line' id='line_1_34' title="bbox 513 2510 2401 2566; baseline 0.004 -19"><span class='ocrx_word' id='word_1_286' title='bbox 513 2510 743 2548; x_wconf 84' lang='lat' dir='ltr'><strong>Academiae</strong></span> <span class='ocrx_word' id='word_1_287' title='bbox 776 2510 1012 2550; x_wconf 81' lang='lat' dir='ltr'><strong>Cancellario</strong></span> <span class='ocrx_word' id='word_1_288' title='bbox 1041 2512 1255 2562; x_wconf 64' lang='lat' dir='ltr'><strong>Deszgrnato</strong></span> <span class='ocrx_word' id='word_1_289' title='bbox 1284 2512 1323 2551; x_wconf 88' lang='lat' dir='ltr'><strong>S.</strong></span> <span class='ocrx_word' id='word_1_290' title='bbox 1348 2513 1404 2552; x_wconf 89' lang='lat' dir='ltr'><strong>D.</strong></span> <span class='ocrx_word' id='word_1_291' title='bbox 1435 2514 1767 2553; x_wconf 80' lang='lat' dir='ltr'><strong>Procancellarius</strong></span> <span class='ocrx_word' id='word_1_292' title='bbox 1794 2515 2033 2565; x_wconf 77' lang='lat' dir='ltr'><strong>senatusque</strong></span> <span class='ocrx_word' id='word_1_293' title='bbox 2064 2516 2401 2566; x_wconf 67' lang='lat' dir='ltr'><strong>Cantaangiensis.</strong></span> 
     </span>
    </p>
   </div>
   <div class='ocr_carea' id='block_1_9' title="bbox 452 2586 2459 3014">
    <p class='ocr_par' dir='ltr' id='par_1_10' title="bbox 452 2586 2459 3014">
     <span class='ocr_line' id='line_1_35' title="bbox 560 2586 2459 2644; baseline 0.005 -19"><span class='ocrx_word' id='word_1_294' title='bbox 560 2586 673 2637; x_wconf 82' lang='lat'>(545)</span> <span class='ocrx_word' id='word_1_295' title='bbox 718 2589 858 2626; x_wconf 78' lang='grc' dir='ltr'><strong>ΕΤῙΑΜ</strong></span> <span class='ocrx_word' id='word_1_296' title='bbox 898 2588 1014 2628; x_wconf 93' lang='lat' dir='ltr'><strong>nobis</strong></span> <span class='ocrx_word' id='word_1_297' title='bbox 1051 2589 1172 2629; x_wconf 93' lang='lat' dir='ltr'><strong>hodie</strong></span> <span class='ocrx_word' id='word_1_298' title='bbox 1210 2597 1354 2639; x_wconf 91' lang='lat' dir='ltr'><strong>tecum,</strong></span> <span class='ocrx_word' id='word_1_299' title='bbox 1394 2590 1452 2630; x_wconf 90' lang='lat' dir='ltr'><strong>vir</strong></span> <span class='ocrx_word' id='word_1_300' title='bbox 1488 2591 1892 2644; x_wconf 21' lang='lat' dir='ltr'><strong>illustrissime,⁴licet</strong></span> <span class='ocrx_word' id='word_1_301' title='bbox 1930 2593 2042 2643; x_wconf 89' lang='lat' dir='ltr'><strong>quasi</strong></span> <span class='ocrx_word' id='word_1_302' title='bbox 2079 2593 2284 2633; x_wconf 90' lang='lat' dir='ltr'><strong>communi</strong></span> <span class='ocrx_word' id='word_1_303' title='bbox 2321 2594 2459 2635; x_wconf 89' lang='lat' dir='ltr'><strong>dolore</strong></span> 
     </span>
     <span class='ocr_line' id='line_1_36' title="bbox 453 2650 2455 2709; baseline 0.004 -22"><span class='ocrx_word' id='word_1_304' title='bbox 453 2657 659 2700; x_wconf 90' lang='lat' dir='ltr'><strong>propterea</strong></span> <span class='ocrx_word' id='word_1_305' title='bbox 693 2650 923 2699; x_wconf 90' lang='lat' dir='ltr'><strong>consociari,</strong></span> <span class='ocrx_word' id='word_1_306' title='bbox 956 2653 1065 2702; x_wconf 90' lang='lat' dir='ltr'><strong>quod</strong></span> <span class='ocrx_word' id='word_1_307' title='bbox 1099 2652 1140 2690; x_wconf 90' lang='lat' dir='ltr'><strong>in</strong></span> <span class='ocrx_word' id='word_1_308' title='bbox 1174 2660 1283 2703; x_wconf 91' lang='lat' dir='ltr'><strong>patre</strong></span> <span class='ocrx_word' id='word_1_309' title='bbox 1314 2660 1395 2701; x_wconf 92' lang='lat' dir='ltr'><strong>tuo,</strong></span> <span class='ocrx_word' id='word_1_310' title='bbox 1426 2655 1508 2693; x_wconf 91' lang='lat' dir='ltr'><strong>viro</strong></span> <span class='ocrx_word' id='word_1_311' title='bbox 1541 2667 1631 2694; x_wconf 93' lang='lat' dir='ltr'><strong>vere</strong></span> <span class='ocrx_word' id='word_1_312' title='bbox 1662 2655 1886 2704; x_wconf 90' lang='lat' dir='ltr'><strong>venerabili,</strong></span> <span class='ocrx_word' id='word_1_313' title='bbox 1919 2670 1943 2695; x_wconf 90' lang='lat' dir='ltr'><strong>a</strong></span> <span class='ocrx_word' id='word_1_314' title='bbox 1975 2656 2092 2696; x_wconf 92' lang='lat' dir='ltr'><strong>nobis</strong></span> <span class='ocrx_word' id='word_1_315' title='bbox 2125 2670 2251 2708; x_wconf 93' lang='lat' dir='ltr'><strong>nuper</strong></span> <span class='ocrx_word' id='word_1_316' title='bbox 2279 2656 2455 2709; x_wconf 90' lang='lat' dir='ltr'><strong>abrepto,</strong></span> 
     </span>
     <span class='ocr_line' id='line_1_37' title="bbox 453 2711 2458 2767; baseline 0.004 -18"><span class='ocrx_word' id='word_1_317' title='bbox 453 2711 695 2750; x_wconf 89' lang='lat' dir='ltr'><strong>Academiae</strong></span> <span class='ocrx_word' id='word_1_318' title='bbox 728 2719 940 2762; x_wconf 90' lang='lat' dir='ltr'><strong>patronum</strong></span> <span class='ocrx_word' id='word_1_319' title='bbox 974 2712 1168 2763; x_wconf 88' lang='lat' dir='ltr'><strong>insignem</strong></span> <span class='ocrx_word' id='word_1_320' title='bbox 1202 2714 1417 2763; x_wconf 91' lang='lat' dir='ltr'><strong>amisimus,</strong></span> <span class='ocrx_word' id='word_1_321' title='bbox 1453 2715 1521 2766; x_wconf 90' lang='lat' dir='ltr'><strong>qui</strong></span> <span class='ocrx_word' id='word_1_322' title='bbox 1554 2717 1644 2755; x_wconf 94' lang='lat' dir='ltr'><strong>loco</strong></span> <span class='ocrx_word' id='word_1_323' title='bbox 1678 2717 1890 2767; x_wconf 89' lang='lat' dir='ltr'><strong>splendido</strong></span> <span class='ocrx_word' id='word_1_324' title='bbox 1921 2725 2036 2757; x_wconf 91' lang='lat' dir='ltr'><strong>natus</strong></span> <span class='ocrx_word' id='word_1_325' title='bbox 2067 2725 2106 2757; x_wconf 88' lang='lat' dir='ltr'><strong>et</strong></span> <span class='ocrx_word' id='word_1_326' title='bbox 2135 2718 2388 2758; x_wconf 90' lang='lat' dir='ltr'><strong>Academicis</strong></span> <span class='ocrx_word' id='word_1_327' title='bbox 2417 2719 2458 2759; x_wconf 94' lang='lat' dir='ltr'><strong>in</strong></span> 
     </span>
     <span class='ocr_line' id='line_1_38' title="bbox 453 2773 2459 2829; baseline 0.005 -18"><span class='ocrx_word' id='word_1_328' title='bbox 453 2773 593 2812; x_wconf 90' lang='lat' dir='ltr'><strong>studiis</strong></span> <span class='ocrx_word' id='word_1_329' title='bbox 631 2775 802 2813; x_wconf 93' lang='lat' dir='ltr'><strong>honores</strong></span> <span class='ocrx_word' id='word_1_330' title='bbox 840 2775 1104 2825; x_wconf 90' lang='lat' dir='ltr'><strong>amplissimos</strong></span> <span class='ocrx_word' id='word_1_331' title='bbox 1142 2777 1323 2828; x_wconf 90' lang='lat' dir='ltr'><strong>adeptus,</strong></span> <span class='ocrx_word' id='word_1_332' title='bbox 1358 2779 1438 2818; x_wconf 87' lang='lat' dir='ltr'><strong>fere</strong></span> <span class='ocrx_word' id='word_1_333' title='bbox 1476 2778 1633 2829; x_wconf 91' lang='lat' dir='ltr'><strong>triginta</strong></span> <span class='ocrx_word' id='word_1_334' title='bbox 1668 2792 1796 2819; x_wconf 88' lang='lat' dir='ltr'><strong>annos</strong></span> <span class='ocrx_word' id='word_1_335' title='bbox 1830 2780 2064 2821; x_wconf 89' lang='lat' dir='ltr'><strong>Cancellarii</strong></span> <span class='ocrx_word' id='word_1_336' title='bbox 2102 2794 2266 2821; x_wconf 88' lang='lat' dir='ltr'><strong>munere</strong></span> <span class='ocrx_word' id='word_1_337' title='bbox 2302 2794 2459 2822; x_wconf 86' lang='lat' dir='ltr'><strong>summa</strong></span> 
     </span>
     <span class='ocr_line' id='line_1_39' title="bbox 453 2834 2456 2885; baseline 0.004 -12"><span class='ocrx_word' id='word_1_338' title='bbox 453 2834 654 2885; x_wconf 89' lang='lat' dir='ltr'><strong>dignitate,</strong></span> <span class='ocrx_word' id='word_1_339' title='bbox 691 2849 846 2875; x_wconf 88' lang='lat' dir='ltr'><strong>summa</strong></span> <span class='ocrx_word' id='word_1_340' title='bbox 877 2836 1110 2877; x_wconf 88' lang='lat' dir='ltr'><strong>liberalitate</strong></span> <span class='ocrx_word' id='word_1_341' title='bbox 1143 2838 1301 2878; x_wconf 90' lang='lat' dir='ltr'><strong>functus</strong></span> <span class='ocrx_word' id='word_1_342' title='bbox 1340 2846 1409 2878; x_wconf 89' lang='lat' dir='ltr'><strong>est.</strong></span> <span class='ocrx_word' id='word_1_343' title='bbox 1468 2839 1552 2878; x_wconf 91' lang='lat' dir='ltr'><strong>Viri</strong></span> <span class='ocrx_word' id='word_1_344' title='bbox 1585 2840 1684 2879; x_wconf 90' lang='lat' dir='ltr'><strong>tanti</strong></span> <span class='ocrx_word' id='word_1_345' title='bbox 1716 2848 1850 2880; x_wconf 90' lang='lat' dir='ltr'><strong>autem</strong></span> <span class='ocrx_word' id='word_1_346' title='bbox 1884 2841 2196 2881; x_wconf 91' lang='lat' dir='ltr'><strong>munificentiam</strong></span> <span class='ocrx_word' id='word_1_347' title='bbox 2229 2842 2456 2882; x_wconf 88' lang='lat' dir='ltr'><strong>aedificium</strong></span> 
     </span>
     <span class='ocr_line' id='line_1_40' title="bbox 452 2897 2457 2957; baseline 0.005 -22"><span class='ocrx_word' id='word_1_348' title='bbox 452 2897 587 2936; x_wconf 90' lang='lat' dir='ltr'><strong>nobile</strong></span> <span class='ocrx_word' id='word_1_349' title='bbox 617 2897 868 2938; x_wconf 90' lang='lat' dir='ltr'><strong>scientiarum</strong></span> <span class='ocrx_word' id='word_1_350' title='bbox 902 2899 1078 2939; x_wconf 89' lang='lat' dir='ltr'><strong>terminis</strong></span> <span class='ocrx_word' id='word_1_351' title='bbox 1109 2901 1354 2950; x_wconf 90' lang='lat' dir='ltr'><strong>proferendis</strong></span> <span class='ocrx_word' id='word_1_352' title='bbox 1386 2902 1438 2941; x_wconf 90' lang='lat' dir='ltr'><strong>ab</strong></span> <span class='ocrx_word' id='word_1_353' title='bbox 1467 2902 1554 2953; x_wconf 92' lang='lat' dir='ltr'><strong>ipso</strong></span> <span class='ocrx_word' id='word_1_354' title='bbox 1583 2902 1824 2951; x_wconf 90' lang='lat' dir='ltr'><strong>dedicatum,</strong></span> <span class='ocrx_word' id='word_1_355' title='bbox 1855 2912 1894 2943; x_wconf 93' lang='lat' dir='ltr'><strong>et</strong></span> <span class='ocrx_word' id='word_1_356' title='bbox 1928 2904 2038 2944; x_wconf 92' lang='lat' dir='ltr'><strong>omni</strong></span> <span class='ocrx_word' id='word_1_357' title='bbox 2070 2913 2281 2956; x_wconf 88' lang='lat' dir='ltr'><strong>apparatus</strong></span> <span class='ocrx_word' id='word_1_358' title='bbox 2312 2919 2457 2957; x_wconf 88' lang='lat' dir='ltr'><strong>genere</strong></span> 
     </span>
     <span class='ocr_line' id='line_1_41' title="bbox 452 2961 2457 3014; baseline 0.004 -15"><span class='ocrx_word' id='word_1_359' title='bbox 452 2961 503 2999; x_wconf 90' lang='lat' dir='ltr'><strong>ab</strong></span> <span class='ocrx_word' id='word_1_360' title='bbox 540 2962 684 3000; x_wconf 92' lang='lat' dir='ltr'><strong>eodem</strong></span> <span class='ocrx_word' id='word_1_361' title='bbox 722 2961 968 3011; x_wconf 91' lang='lat' dir='ltr'><strong>instructum,</strong></span> <span class='ocrx_word' id='word_1_362' title='bbox 1004 2962 1045 3001; x_wconf 94' lang='lat' dir='ltr'><strong>in</strong></span> <span class='ocrx_word' id='word_1_363' title='bbox 1083 2970 1318 3014; x_wconf 89' lang='lat' dir='ltr'><strong>perpetuum</strong></span> <span class='ocrx_word' id='word_1_364' title='bbox 1356 2964 1602 3004; x_wconf 76' lang='lat' dir='ltr'><strong>celebrabit⁹.</strong></span> <span class='ocrx_word' id='word_1_365' title='bbox 1660 2964 1744 3004; x_wconf 91' lang='lat' dir='ltr'><strong>Viri</strong></span> <span class='ocrx_word' id='word_1_366' title='bbox 1781 2966 1880 3005; x_wconf 89' lang='lat' dir='ltr'><strong>tanti</strong></span> <span class='ocrx_word' id='word_1_367' title='bbox 1913 2966 2103 3006; x_wconf 90' lang='lat' dir='ltr'><strong>memoria</strong></span> <span class='ocrx_word' id='word_1_368' title='bbox 2136 2981 2218 3007; x_wconf 91' lang='lat' dir='ltr'><strong>non</strong></span> <span class='ocrx_word' id='word_1_369' title='bbox 2256 2969 2379 3008; x_wconf 89' lang='lat' dir='ltr'><strong>modo</strong></span> <span class='ocrx_word' id='word_1_370' title='bbox 2415 2968 2457 3008; x_wconf 89' lang='lat' dir='ltr'><strong>in</strong></span> 
     </span>
    </p>
   </div>
   <div class='ocr_carea' id='block_1_10' title="bbox 453 3053 2459 3185">
    <p class='ocr_par' dir='ltr' id='par_1_11' title="bbox 453 3053 2459 3185">
     <span class='ocr_line' id='line_1_42' title="bbox 540 3053 2459 3105; baseline 0.005 -19"><span class='ocrx_word' id='word_1_371' title='bbox 540 3053 552 3074; x_wconf 83' lang='lat'>¹</span> <span class='ocrx_word' id='word_1_372' title='bbox 577 3055 688 3086; x_wconf 87' lang='lat' dir='ltr'><strong>Adam</strong></span> <span class='ocrx_word' id='word_1_373' title='bbox 712 3056 828 3088; x_wconf 83' lang='lat' dir='ltr'><strong>Loftus</strong></span> <span class='ocrx_word' id='word_1_374' title='bbox 846 3055 1014 3098; x_wconf 83' lang='lat' dir='ltr'><strong>(Trinity),</strong></span> <span class='ocrx_word' id='word_1_375' title='bbox 1039 3057 1168 3089; x_wconf 89' lang='lat' dir='ltr'><strong>Walter</strong></span> <span class='ocrx_word' id='word_1_376' title='bbox 1190 3058 1331 3090; x_wconf 88' lang='lat' dir='ltr'><strong>Travers</strong></span> <span class='ocrx_word' id='word_1_377' title='bbox 1356 3058 1526 3100; x_wconf 74' lang='lat' dir='ltr'><strong>(Trinsty),</strong></span> <span class='ocrx_word' id='word_1_378' title='bbox 1551 3059 1671 3101; x_wconf 88' lang='lat' dir='ltr'><strong>Henry</strong></span> <span class='ocrx_word' id='word_1_379' title='bbox 1693 3059 1801 3101; x_wconf 90' lang='lat' dir='ltr'><strong>Alvey</strong></span> <span class='ocrx_word' id='word_1_380' title='bbox 1826 3060 1878 3101; x_wconf 90' lang='lat' dir='ltr'><strong>(St</strong></span> <span class='ocrx_word' id='word_1_381' title='bbox 1897 3059 2042 3103; x_wconf 85' lang='lat' dir='ltr'><strong>John‘s),</strong></span> <span class='ocrx_word' id='word_1_382' title='bbox 2067 3061 2121 3095; x_wconf 88' lang='lat' dir='ltr'><strong>Sir</strong></span> <span class='ocrx_word' id='word_1_383' title='bbox 2143 3062 2293 3094; x_wconf 80' lang='lat' dir='ltr'><strong>William</strong></span> <span class='ocrx_word' id='word_1_384' title='bbox 2316 3062 2459 3105; x_wconf 89' lang='lat' dir='ltr'><strong>Temple</strong></span> 
     </span>
     <span class='ocr_line' id='line_1_43' title="bbox 453 3097 2456 3146; baseline 0.004 -17"><span class='ocrx_word' id='word_1_385' title='bbox 453 3097 614 3139; x_wconf 86' lang='lat' dir='ltr'><strong>(King’s),</strong></span> <span class='ocrx_word' id='word_1_386' title='bbox 634 3099 783 3130; x_wconf 90' lang='lat' dir='ltr'><strong>William</strong></span> <span class='ocrx_word' id='word_1_387' title='bbox 800 3100 916 3132; x_wconf 91' lang='lat' dir='ltr'><strong>Bedell</strong></span> <span class='ocrx_word' id='word_1_388' title='bbox 934 3099 1113 3142; x_wconf 88' lang='lat' dir='ltr'><strong>(Christ’s).</strong></span> <span class='ocrx_word' id='word_1_389' title='bbox 1160 3100 1299 3134; x_wconf 89' lang='lat' dir='ltr'><strong>Fuller’s</strong></span> <span class='ocrx_word' id='word_1_390' title='bbox 1319 3103 1451 3134; x_wconf 75' lang='lat' dir='ltr'><strong>Churclz</strong></span> <span class='ocrx_word' id='word_1_391' title='bbox 1468 3103 1618 3144; x_wconf 71' lang='lat' dir='ltr'><strong>ffi&#39;story,</strong></span> <span class='ocrx_word' id='word_1_392' title='bbox 1639 3103 1690 3135; x_wconf 93' lang='lat' dir='ltr'><strong>ed.</strong></span> <span class='ocrx_word' id='word_1_393' title='bbox 1712 3103 1856 3141; x_wconf 86' lang='lat' dir='ltr'><strong>Brewer,</strong></span> <span class='ocrx_word' id='word_1_394' title='bbox 1873 3115 1894 3135; x_wconf 92' lang='lat' dir='ltr'><strong>v</strong></span> <span class='ocrx_word' id='word_1_395' title='bbox 1913 3113 1970 3146; x_wconf 86' lang='lat'><strong>175</strong></span> <span class='ocrx_word' id='word_1_396' title='bbox 1984 3104 2006 3137; x_wconf 89' lang='lat' dir='ltr'><strong>f.</strong></span> <span class='ocrx_word' id='word_1_397' title='bbox 2140 3103 2154 3124; x_wconf 78' lang='lat'><strong>²</strong></span> <span class='ocrx_word' id='word_1_398' title='bbox 2177 3106 2250 3138; x_wconf 91' lang='lat' dir='ltr'><strong>The</strong></span> <span class='ocrx_word' id='word_1_399' title='bbox 2266 3106 2456 3138; x_wconf 81' lang='lat' dir='ltr'><strong>Cavendish</strong></span> 
     </span>
     <span class='ocr_line' id='line_1_44' title="bbox 455 3141 969 3185; baseline 0.006 -13"><span class='ocrx_word' id='word_1_400' title='bbox 455 3141 661 3183; x_wconf 83' lang='lat' dir='ltr'><strong>Laboratory</strong></span> <span class='ocrx_word' id='word_1_401' title='bbox 677 3143 745 3182; x_wconf 93' lang='lat' dir='ltr'><strong>(no.</strong></span> <span class='ocrx_word' id='word_1_402' title='bbox 765 3152 826 3184; x_wconf 82' lang='lat'><strong>533</strong></span> <span class='ocrx_word' id='word_1_403' title='bbox 842 3144 969 3185; x_wconf 61' lang='lat' dir='ltr'><strong>supra).</strong></span> 
     </span>
    </p>
   </div>
   <div class='ocr_carea' id='block_1_11' title="bbox 1409 3230 1485 3266">
    <p class='ocr_par' dir='ltr' id='par_1_12' title="bbox 1409 3230 1485 3266">
     <span class='ocr_line' id='line_1_45' title="bbox 1409 3230 1485 3266; baseline -0.013 0"><span class='ocrx_word' id='word_1_404' title='bbox 1409 3230 1485 3266; x_wconf 83' lang='lat'><strong>244</strong></span> 
     </span>
    </p>
   </div>
   <div class='ocr_carea' id='block_1_12' title="bbox 2652 0 2704 183">
    <p class='ocr_par' dir='ltr' id='par_1_13' title="bbox 2652 0 2704 183">
     <span class='ocr_line' id='line_1_46' title="bbox 2652 0 2704 183; baseline 0 3587"><span class='ocrx_word' id='word_1_405' title='bbox 2652 0 2704 183; x_wconf 95' lang='lat' dir='ltr'><strong> </strong></span> 
     </span>
    </p>
   </div>
  </div>
 </body>
</html>
