2704 3770
631 339 793 388 Patael
825 338 996 403 Sz‘nglz.
1070 337 1263 403 Ashley
1296 338 1351 385 E
1351 338 1455 387 den.
1541 337 1612 387 W.
1642 338 1700 403 J.
1744 336 1939 387 Clarke.
2016 337 2067 387 C.
2116 338 2167 386 T
2159 344 2320 402 upper.

462 485 618 524 Salvete
646 484 772 536 igitur,
803 484 1027 525 Britanniae
1055 485 1176 525 totius
1204 484 1365 533 alumni,
1392 498 1493 536 quos
1521 484 1562 524 in
1591 484 1702 525 terris
1730 484 1832 524 inter
1860 497 1948 524 sese
1975 491 2056 524 tam
2085 484 2249 525 diversis
2277 485 2473 526 immensa

463 546 714 587 Britannicae
732 546 841 598 pacis
861 546 1044 586 maiestas
1065 548 1170 586 velut
1190 546 1363 586 numinis
1383 546 1590 586 cuiusdam
1610 546 1681 586 alis
1699 546 1960 598 amplectitur.
2011 546 2269 598 Ubicumque
2283 554 2472 587 terrarum

465 607 638 647 nominis
658 608 781 648 nostri
800 609 947 648 famam
966 607 1240 648 intemeratam
1260 608 1512 658 conservatis,
1530 615 1804 648 conservatam
1819 607 1948 648 indies
1962 607 2078 647 latius
2094 608 2316 657 extenditis,
2332 622 2473 649 omnes

464 683 511 709 ex
541 669 676 709 animo
705 669 889 709 iubemus
917 670 1076 709 salvere.
1135 671 1231 709 Non
1264 682 1476 721 possumus
1507 677 1613 709 certe
1638 668 1820 710 aedificia
1849 676 1931 708 tam
1961 670 2103 720 ampla,
2131 676 2213 709 tam
2245 669 2361 719 varia,
2391 677 2473 710 tam

464 745 593 772 rerum
613 739 775 772 naturae
795 740 833 772 et
852 733 995 772 artium
1015 732 1132 772 donis
1152 732 1425 784 pulcherrimis
1444 733 1595 781 referta,
1617 731 1739 771 hodie
1758 730 1871 771 vobis
1897 732 2118 779 ostendere,
2141 744 2261 782 quam
2286 732 2383 771 atria
2408 731 2475 772 illa

464 807 606 845 magna
628 794 670 833 in
692 794 778 846 ipsa
801 793 1033 845 μητροπόλει
1060 794 1232 842 condita,
1254 806 1357 845 quae
1382 794 1519 834 vestris
1542 793 1744 833 laboribus
1770 793 1931 844 repleta,
1953 799 2101 832 vestras
2128 794 2309 833 omnium
2335 795 2473 834 laudes

463 858 722 908 loquuntur¹:
760 865 897 909 patent
923 866 1056 897 tamen
1082 856 1195 896 vobis
1222 856 1409 896 omnibus
1438 858 1580 896 Musea
1606 863 1740 896 nostra
1752 871 1763 905 3
1794 862 1931 906 patent
1958 854 2136 906 Collegia
2158 863 2292 896 nostra
2317 855 2452 896 omnia
2464 869 2476 906 3

463 926 601 970 patent
626 919 808 959 omniurn
834 920 966 960 corda.
1026 919 1075 957 In
1100 917 1286 969 Collegiis
1310 917 1398 966 illis,
1420 931 1500 957 una
1518 917 1558 957 in
1580 917 1848 958 Universitate
1876 915 2040 956 feliciter
2064 916 2313 965 consociatis,
2334 917 2477 958 videtis

463 981 704 1033 reipublicae
732 995 899 1033 magnae
925 981 967 1021 in
992 995 1117 1021 unum
1144 982 1369 1021 foederatae
1399 982 1608 1032 exemplar.
1666 982 1834 1020 Vosmet
1861 979 1935 1031 ipsi
1955 979 2072 1031 igitur
2091 993 2163 1031 pro
2182 980 2280 1020 virili
2299 987 2409 1032 parte
2434 980 2475 1021 in

465 1056 590 1082 unum
629 1043 865 1091 laborantes,
901 1043 1007 1083 diem
1045 1042 1156 1082 illurn
1194 1043 1366 1082 faustum
1406 1044 1569 1093 propius
1601 1042 1799 1089 adducite,
1836 1054 1917 1092 quo
1954 1041 2127 1081 nominis
2166 1042 2379 1082 Britannici
2417 1049 2477 1082 tot

464 1106 676 1157 provinciis
698 1106 878 1146 maximis
898 1108 1058 1147 foedere
1078 1106 1255 1157 quodam
1275 1105 1417 1144 artiore
1436 1105 1538 1144 inter
1556 1117 1643 1144 sese
1663 1112 1702 1145 et
1721 1117 1813 1144 cum
1833 1103 1920 1155 ipsa
1943 1103 2145 1143 Britannia
2167 1104 2416 1151 consociatis,
2436 1107 2477 1145 e't

465 1168 543 1207 vita
563 1182 667 1208 nova
685 1182 755 1220 per
773 1177 833 1209 tot
852 1169 1027 1220 corporis
1046 1167 1229 1208 immensi
1248 1174 1378 1219 partes
1397 1169 1475 1207 late
1495 1167 1647 1215 diffusa,
1666 1173 1797 1207 vetera
1815 1166 1881 1206 illa
1901 1166 2079 1207 Maronis
2098 1167 2218 1207 verba
2237 1181 2354 1208 sensu
2370 1180 2476 1208 novo

466 1243 557 1270 vera
577 1232 815 1271 reddentur:

899 1305 909 1323 ‘
924 1303 1082 1354 spiritus
1110 1303 1216 1342 intus
1244 1302 1313 1342 alit
1342 1309 1547 1354 totamque
1577 1303 1700 1342 effusa
1727 1316 1798 1354 per
1825 1310 1931 1342 artus

923 1371 1036 1397 mens
1065 1357 1185 1408 agitat
1213 1357 1362 1396 molem
1390 1363 1430 1396 et
1458 1369 1603 1407 magno
1633 1370 1674 1396 se
1703 1369 1869 1407 corpore
1898 1356 2088 1397 miscet'2.

576 1433 791 1484 Reliquum
821 1439 890 1480 est,
924 1439 967 1471 ut
995 1439 1126 1471 vestro
1159 1445 1182 1470 e
1215 1444 1381 1470 numero
1418 1432 1644 1479 nonnullos,
1680 1432 1787 1470 velut
1820 1430 1990 1482 exempli
2018 1444 2148 1479 causa,
2188 1431 2303 1471 titulo
2340 1438 2477 1471 nostro

466 1494 654 1547 deinceps
683 1508 879 1542 ornemuS,
911 1507 1032 1544 quem
1061 1494 1255 1533 honorem
1284 1506 1366 1531 non
1394 1493 1517 1532 modo
1542 1492 1617 1531 illis
1641 1492 1736 1543 ipsis
1762 1492 1870 1531 laudi
1892 1505 1978 1532 esse
2002 1493 2072 1532 sed
2096 1492 2216 1532 etiam
2242 1506 2334 1532 cum
2364 1492 2477 1533 vobis

466 1559 653 1598 omnibus
673 1558 785 1609 quasi
805 1556 1092 1597 communicari
1111 1563 1150 1595 et
1170 1555 1394 1607 participari
1413 1556 1608 1594 volumus.

576 1665 690 1718 (101)
725 1665 879 1705 Primus
912 1663 1093 1704 omnium
1127 1662 1277 1702 incedit
1309 1661 1535 1713 provinciae
1568 1663 1608 1700 in
1637 1661 1732 1712 ipsis
1764 1660 1905 1700 Indiae
1933 1660 2200 1712 penetralibus
2228 1660 2383 1712 positae
2410 1675 2476 1702 rex

466 1727 760 1775 illustrissimus,
783 1726 852 1777 qui
871 1739 964 1765 cum
984 1724 1151 1775 imperio
1172 1723 1402 1763 Britannico
1421 1723 1617 1762 amicitiae
1637 1722 1803 1762 vinculis
1823 1722 2072 1770 coniunctus,
2093 1722 2230 1762 relicto
2250 1735 2371 1773 regno
2391 1736 2475 1771 suo,

467 1788 604 1828 relicto
624 1791 712 1828 lacu
732 1788 800 1827 illo
820 1786 979 1839 placido
999 1785 1068 1837 qui
1087 1785 1221 1837 palatii
1242 1785 1301 1825 sui
1321 1785 1492 1824 turribus
1512 1785 1700 1832 subiacet,
1723 1785 1845 1823 maria
1864 1797 2007 1834 magna
2028 1797 2148 1823 ausus
2171 1791 2230 1823 est
2253 1784 2478 1836 nuperrime

469 1852 642 1900 transire,
674 1858 717 1891 ut
751 1850 995 1890 Britanniam
1026 1849 1153 1900 ipsam
1183 1848 1322 1887 melius
1351 1855 1619 1898 cognosceret.
1679 1847 1810 1895 Quem
1840 1845 1881 1884 in
1910 1846 1995 1897 ipsa
2025 1846 2142 1886 India
2170 1846 2331 1886 honoris
2360 1859 2479 1886 causa

469 1916 611 1954 salutat
628 1916 795 1954 Martius
815 1914 881 1953 ille
900 1914 1027 1964 fragor
1042 1911 1232 1951 undecies
1248 1909 1467 1962 repetitus⁸,
1486 1911 1659 1950 eundem
1675 1909 1796 1948 hodie
1811 1915 1964 1948 vosmet
1981 1908 2056 1959 ipsi
2073 1908 2352 1948 Britannorum
2369 1921 2479 1949 more

469 1977 673 2027 plausibus
704 1975 841 2015 vestris
874 1974 1053 2026 excipite.
1111 1971 1256 2022 αἴρεσθ’
1289 1973 1388 2023 αὐτῷ
1419 1971 1519 2010 πολὺ
1552 1971 1595 2009 τὸ
1623 1970 1760 2021 ῥόθιον,
1794 1969 2057 2020 παραπέμψατ’
2090 1969 2151 2019 ἐφ’
2184 1969 2312 2009 ἕνδεκα
2341 1969 2479 2011 κώπαις

469 2037 637 2088 θόρυβον
663 2036 832 2088 χρηστὸν
860 2034 1069 2086 ληναΐτηνί
1127 2034 1254 2074 Vobis
1283 2040 1493 2085 praesento
1524 2032 1664 2071 PATAL
1693 2034 1841 2080 S1NGH,
1868 2033 2021 2082 Regem
2052 2030 2422 2083 Nursingurensem.

578 2147 692 2200 (102)
712 2147 897 2199 Sequitur
916 2146 1105 2197 deinceps
1125 2145 1182 2185 vir
1201 2145 1241 2184 in
1261 2144 1430 2196 negotiis
1445 2146 1497 2184 ad
1512 2143 1721 2195 imperium
1737 2150 1916 2183 nostrum
1931 2142 2033 2182 inter
2049 2142 2173 2181 Indos
2189 2141 2478 2193 pertinentibus

470 2211 702 2258 indefessus,
742 2208 897 2260 imperii
936 2208 1065 2247 Indici
1104 2207 1274 2247 concilio
1313 2206 1542 2246 Britannico
1579 2219 1705 2257 nuper
1743 2205 1882 2245 merito
1920 2205 2151 2256 adscriptus,
2191 2204 2260 2256 qui
2307 2205 2478 2256 primum

473 2271 747 2319 Burmanensi,
777 2271 924 2311 deinde
954 2269 1192 2321 Bengalensi
1221 2268 1447 2320 provinciae
1476 2267 1647 2307 maxima
1676 2281 1768 2306 curn
1801 2267 1920 2306 laude
1949 2267 2208 2318 praepositus,
2238 2265 2279 2304 in
2313 2273 2479 2318 utraque

471 2335 674 2386 provincia
692 2336 891 2386 praeclare
910 2333 1085 2374 ostendit
1104 2332 1243 2384 populi
1262 2334 1429 2372 salutem
1450 2344 1675 2382 supremam
1695 2344 1781 2370 esse
1800 2328 1960 2381 legem⁵.
2009 2328 2110 2368 Iuris
2130 2328 2246 2380 igitur
2263 2330 2477 2369 Doctorem

471 2396 640 2436 libenter
659 2395 912 2436 nominamus
932 2396 1058 2434 virum
1078 2393 1365 2441 honorabilem,
1387 2394 1563 2444 equitem
1582 2392 1789 2443 insignem,
1812 2393 1984 2430 ASHLEY
2004 2391 2139 2429 EDEN.

581 2512 694 2562 (103)
716 2512 765 2549 In
785 2508 1024 2549 Australiam
1045 2508 1273 2559 transgressi
1292 2507 1419 2547 virum
1438 2509 1665 2555 salutamus,
1684 2506 1752 2558 qui
1768 2504 1947 2556 Reginae
1968 2503 2120 2544 Elissae
2138 2517 2162 2543 a
2181 2504 2340 2544 saeculo
2358 2516 2480 2544 aureo

471 2586 596 2624 genus
617 2586 732 2612 suum
753 2574 916 2620 ducens,
937 2571 1022 2622 ipse
1041 2571 1143 2611 inter
1162 2570 1387 2623 provinciae
1406 2570 1510 2610 illius
1533 2583 1675 2610 aureae
1699 2570 1843 2609 decora
1866 2575 1925 2608 est
1951 2580 2054 2619 quae
2081 2567 2259 2618 Reginae
2281 2567 2481 2607 Victoriae

473 2634 636 2673 nornine
654 2634 849 2685 gloriatur.
910 2634 1013 2684 Ipsis
1034 2633 1273 2683 Argonautis
1293 2633 1419 2671 multo
1439 2632 1631 2671 feliciores
1652 2631 1739 2670 illos
1760 2643 1846 2670 esse
1866 2628 2044 2677 dixerim,
2057 2629 2126 2679 qui
2145 2628 2186 2667 in
2201 2628 2267 2667 illa
2278 2627 2481 2680 provincia

473 2698 615 2736 vellere
639 2709 759 2735 aureo
783 2709 865 2735 non
891 2708 972 2735 uno
998 2694 1123 2746 potiti,
1147 2708 1290 2745 magna
1312 2708 1403 2745 erga
1429 2694 1534 2734 cives
1558 2707 1651 2734 suos
1672 2692 1944 2733 munificentia
1965 2691 2142 2742 Reginae
2161 2690 2283 2741 ipsius
2306 2691 2477 2730 favorem

474 2766 566 2797 sunt
584 2757 730 2809 adepti.
788 2757 915 2797 Vobis
934 2763 1143 2808 praesento
1165 2757 1416 2796 baronettum
1436 2756 1639 2802 illustrem,
1663 2757 1907 2793 WlLELMUM
1929 2754 2130 2792 IOANNEM
2152 2752 2340 2793 CLARKE.

581 2873 697 2924 (104)
745 2874 957 2912 Laetamur
993 2871 1114 2911 hodie
1152 2884 1234 2910 non
1272 2871 1412 2911 abesse
1449 2869 1675 2921 provinciae
1712 2868 1815 2908 illius
1853 2867 2100 2908 Canadensis
2137 2868 2322 2918 legatum,
2359 2879 2479 2918 quam

475 2934 725 2974 occidentem
759 2947 893 2973 versus
927 2934 1052 2973 solem
1085 2932 1239 2984 imperii
1273 2931 1490 2972 Britannici
1523 2931 1736 2971 terminum
1767 2943 1853 2969 esse
1886 2930 2070 2977 dicerem,
2102 2928 2179 2968 nisi
2212 2928 2480 2968 meminissem

475 2996 641 3048 imperio
661 2996 892 3036 Britannico
912 2996 1005 3036 solis
1031 3008 1219 3035 occasum
1239 3008 1325 3035 esse
1350 2994 1541 3046 ignotum.
1599 2993 1758 3033 Talium
1784 2993 1955 3032 virorum
1984 2991 2169 3044 auspiciis
2194 2999 2300 3031 trans
2325 2991 2481 3044 amplis-

570 3114 583 3134 1
606 3115 681 3147 The
704 3116 857 3148 Colonial
881 3117 946 3148 and
972 3116 1093 3148 Indian
1117 3115 1324 3148 Exhibition.
1455 3114 1469 3134 ²
1495 3115 1613 3158 virgil,
1638 3116 1723 3147 Aen.
1747 3114 1779 3146 vi
1804 3113 1877 3156 526.
2022 3112 2036 3134 ⁸
2058 3113 2133 3146 The
2153 3113 2275 3156 legally
2290 3112 2480 3146 authorised

475 3158 581 3191 salute
596 3158 633 3190 of
645 3159 761 3191 eleven
776 3169 871 3201 guns.
1003 3158 1017 3178 ⁴
1038 3160 1292 3202 Aristophanes,
1317 3160 1384 3201 Eq.
1409 3158 1472 3200 546
1487 3159 1509 3191 f.
1658 3157 1671 3178 ⁵
1695 3158 1825 3198 Cicero,
1842 3158 1896 3190 De
1912 3157 2064 3199 Legibus,
2082 3156 2118 3189 iii
2134 3157 2167 3189 8.

1455 3232 1505 3282 56
