2704 3770
836 309 1123 374 Unz'versz'ty
1158 310 1223 374 of
1249 310 1458 374 Oxford.
1541 309 1830 374 University
1863 310 1928 373 of
1952 309 2158 374 Sydney.

808 465 1070 505 Unt'verst'tati
1101 466 1317 506 Oxom‘ensi
1341 466 1382 506 S.
1404 466 1452 505 P.
1473 467 1529 505 D.
1571 465 1813 506 Universitas
1846 464 2186 515 Cantabnjgienszk.

597 543 711 598 (565)
759 545 859 586 CUM
899 559 1025 597 nuper
1062 545 1178 586 nobis
1220 546 1446 586 nuntiatum
1485 545 1544 594 sit,
1586 543 1898 586 Universitatem
1935 550 2105 584 vestram
2142 542 2333 584 illustrem
2370 557 2498 586 annos

488 614 686 647 trecentos
721 606 994 647 Bibliothecae
1024 607 1267 648 Bodleianae
1297 622 1345 648 ex
1378 606 1527 658 origine
1560 606 1725 647 feliciter
1754 613 1913 646 exactos
1943 604 2176 656 propediem
2206 619 2294 646 esse
2326 606 2497 647 celebra-

488 676 628 717 turam‚
650 667 762 708 vobis
782 668 979 717 omnibus,
1002 668 1072 708 viri
1091 668 1302 709 nobiscum
1323 668 1539 708 litterarum
1559 667 1700 708 studiis
1720 665 2048 714 coniunctissimi,
2068 666 2122 706 ob
2146 680 2229 707 rem
2250 674 2331 707 tam
2353 668 2497 708 laetam

488 729 657 769 libenter
692 730 942 781 gratulamur,
978 737 1017 770 et
1050 730 1154 769 hanc
1187 729 1395 781 epistolam
1428 729 1618 781 gaudium
1655 736 1834 769 nostrum
1873 734 2085 767 testantem
2120 741 2145 767 a
2181 727 2318 780 legatis
2355 728 2500 770 nostris

488 791 650 831 honoris
687 805 807 831 causa
843 793 895 831 ad
932 805 1002 832 vos
1040 793 1314 843 perferendam
1352 792 1575 831 tradimus¹.
1635 791 1908 831 Bibliothecae
1949 798 2083 830 autem
2124 797 2276 831 vestrae
2316 790 2500 832 conditor

487 853 662 907 insignis,
676 854 733 894 vir
752 854 938 906 singulari
953 856 1130 906 quodam
1149 854 1365 895 litterarum
1381 868 1515 894 amore
1530 854 1743 906 praeditus,
1760 861 1978 906 propterea,
1994 852 2027 892 si
2041 852 2129 904 quis
2148 852 2259 902 alius,
2274 854 2499 895 laudandus

488 923 558 964 est,
595 917 717 967 quod,
752 917 860 956 velut
892 918 990 956 alter
1023 915 1163 965 Pollio,
1202 916 1509 956 ‘bibliothecam
1541 915 1715 956 dicando
1748 915 1907 967 ingenia
1939 913 2148 954 hominum
2182 928 2264 955 rem
2297 915 2500 967 publicam

487 978 632 1019 fecit’2.
692 980 808 1020 Idem
840 993 923 1019 non
957 980 1080 1019 modo
1112 978 1164 1018 ab
1195 978 1352 1031 hospite
1382 986 1524 1027 vestro,
1561 979 1815 1026 Casaubono,
1849 977 1932 1017 iure
1970 976 2124 1028 optimo
2159 979 2281 1028 ‘opus
2313 979 2376 1018 vel
2407 991 2498 1031 rege

486 1040 663 1092 dignum,
678 1043 828 1082 nedum
848 1041 1011 1082 homine
1030 1041 1183 1093 privato
1196 1042 1205 1060 '
1225 1041 1399 1093 exegisse
1419 1041 1591 1090 dicitur³,
1609 1042 1681 1081 sed
1701 1040 1820 1081 etiam
1840 1041 1892 1080 ab
1911 1041 2075 1079 alumno
2095 1047 2234 1088 vestro,
2251 1042 2498 1082 Athenarum

487 1111 703 1144 vestrarum
727 1098 917 1157 scriptore
940 1103 1257 1156 diligentissimo,
1277 1103 1426 1144 idcirco
1452 1104 1555 1144 inter
1576 1103 1793 1144 litterarum
1816 1102 1967 1143 lumina
1991 1109 2117 1142 vestra
2140 1102 2280 1143 merito
2303 1104 2495 1152 laudatur,

486 1167 607 1217 quod,
630 1166 791 1219 ingenio
811 1166 935 1207 nobili
956 1168 1134 1218 quodam
1154 1174 1193 1207 et
1212 1166 1364 1207 liberali
1383 1166 1597 1218 praeditus,
1619 1166 1829 1218 scriptores
1849 1165 2031 1218 publicos
2051 1165 2243 1217 plurimos
2258 1166 2495 1216 excitaverit,

485 1234 525 1268 et
544 1228 761 1268 litterarum
781 1227 1069 1279 rempublicam
1089 1241 1330 1279 magnopere
1353 1228 1576 1269 adiuverit⁴.
1634 1229 1962 1269 Consentaneum
1985 1228 2164 1279 profecto
2189 1235 2249 1268 est
2273 1241 2323 1268 eo
2344 1228 2499 1279 potissi-

485 1303 595 1329 mum
626 1290 665 1330 in
700 1304 807 1331 anno
838 1291 1105 1330 bibliothecae
1137 1298 1287 1331 vestrae
1321 1304 1432 1330 sacra
1463 1292 1678 1331 saecularia
1706 1291 1906 1338 celebrari,
1937 1304 2018 1342 quo
2048 1290 2350 1330 Procancellarii
2380 1290 2498 1332 vestri

484 1365 629 1391 munus
649 1359 812 1392 exornat
827 1351 884 1391 vir
902 1351 1040 1391 litteris
1061 1351 1362 1391 humanioribus
1382 1352 1671 1392 eruditissimus
1679 1353 1702 1401 ¹⁵,
1720 1351 1789 1403 qui
1804 1365 1930 1403 nuper
1949 1351 2168 1392 carminum
2189 1352 2496 1393 Homericorum

483 1414 660 1454 fortunas
697 1414 777 1454 iam
815 1415 910 1454 inde
947 1413 1139 1453 Pisistrati
1178 1414 1334 1465 tyranni
1372 1428 1420 1454 ex
1457 1421 1648 1466 tempore,
1689 1414 1759 1465 qui
1805 1413 1949 1453 ‘libros
1991 1413 2161 1453 Athenis
2199 1413 2496 1466 disciplinarum

482 1476 705 1517 liberalium
734 1477 895 1528 publice
923 1478 976 1517 ad
1003 1477 1219 1528 legendum
1245 1477 1498 1528 praebendos
1524 1476 1674 1529 primus
1700 1475 1880 1528 posuisse
1906 1475 2100 1525 dicitur’ss,
2123 1489 2249 1527 usque
2276 1478 2330 1517 ad
2358 1477 2498 1518 biblio-

482 1541 623 1580 thecae
670 1540 964 1580 Alexandrinae
1011 1541 1215 1580 saeculum
1263 1541 1484 1580 luculenter
1526 1539 1751 1580 enarravit⁷.
1809 1538 1947 1579 Hodie
1989 1551 2083 1578 vero
2121 1538 2219 1578 nihil
2256 1539 2497 1591 auspicatius

483 1603 729 1655 comprecari
758 1617 983 1655 possumus,
1014 1617 1135 1655 quam
1161 1610 1205 1643 ut
1231 1603 1476 1644 bibliotheca
1504 1611 1632 1643 vestra
1662 1602 1928 1651 celeberrima,
1959 1614 2080 1653 quam
2105 1601 2224 1641 etiam
2252 1602 2346 1642 belli
2373 1602 2498 1643 civilis

482 1665 584 1706 inter
612 1667 793 1707 flammas
822 1667 993 1719 partium
1022 1674 1279 1717 utrarumque
1307 1667 1431 1706 duces
1460 1667 1601 1706 eadem
1630 1665 1858 1713 reverentia,
1889 1665 2029 1704 eadem
2059 1663 2302 1713 liberalitate,
2333 1664 2495 1717 dignam

481 1740 569 1767 esse
597 1727 881 1777 existimarunt,
907 1740 1109 1778 quamque
1137 1727 1325 1767 incendio
1354 1727 1406 1766 ab
1435 1727 1546 1767 omni
1575 1734 1701 1767 tutam
1730 1725 1825 1766 anni
1851 1724 2017 1766 trecenti
2041 1725 2094 1764 ad
2119 1732 2291 1766 aetatem
2319 1734 2495 1766 nostram

482 1791 631 1829 salvam
661 1791 935 1843 sospitemque
963 1791 1221 1839 tradiderunt,
1248 1790 1369 1830 etiam
1398 1789 1439 1829 in
1467 1797 1672 1841 posterum
1701 1789 1892 1841 plurimos
1920 1801 1990 1839 per
2014 1800 2142 1827 annos
2167 1787 2379 1829 incolumis
2403 1801 2496 1829 con·

481 1860 643 1903 servata,
669 1854 905 1894 doctissimo
934 1854 1080 1906 cuique
1108 1853 1297 1906 plurimas
1323 1867 1393 1905 per
1418 1854 1534 1893 horas
1563 1852 1710 1893 cotidie
1738 1859 1896 1903 pateat;
1924 1850 2140 1890 litterarum
2169 1849 2369 1891 studiosos
2393 1850 2496 1892 inter

481 1928 659 1955 recessus
679 1929 773 1956 suos
792 1915 1109 1963 amoenissimos,
1130 1915 1232 1955 inter
1252 1916 1419 1966 angulos
1439 1914 1527 1954 illos
1547 1914 1766 1965 sapientiae
1780 1921 1820 1953 et
1839 1911 1996 1952 silentio
2012 1919 2273 1959 consecratos,
2287 1911 2496 1964 diligenter

479 1977 713 2026 lectitantes,
747 1978 938 2018 librorum
976 1978 1221 2029 optimorum
1255 1977 1371 2028 copia
1404 1977 1625 2017 identidem
1659 1976 1820 2016 adiuvet
1833 1989 1844 2024 3
1883 1982 1922 2014 et
1960 1973 2077 2013 bonis
2115 1973 2264 2013 artibus
2301 1974 2493 2016 continuo

480 2040 673 2089 fovendis,
703 2041 958 2090 Academiae,
989 2040 1148 2093 patriae,
1178 2040 1395 2080 litterarum
1430 2039 1606 2091 denique
1638 2037 1880 2090 reipublicae
1913 2035 2120 2076 universae
2150 2036 2203 2076 ad
2235 2049 2491 2078 communem

479 2102 664 2150 fructum,
693 2101 735 2141 in
762 2110 998 2154 perpetuum
1027 2104 1176 2142 floreat.
1234 2103 1386 2141 Valete.

586 2182 742 2220 Datum
767 2181 1042 2232 Cantabrigiae

695 2236 825 2274 IVonis
843 2236 975 2275 Iuniis

803 2290 855 2328 A.
879 2290 921 2330 S.
942 2300 1082 2329 MCMu.

799 2415 1058 2455 Universitati
1084 2415 1313 2466 Sydnet'enst'
1338 2416 1378 2455 S.
1400 2415 1447 2453 P.
1469 2415 1526 2453 D.
1566 2413 1808 2453 Universitas
1840 2410 2177 2460 Cantabrigienstk.

588 2490 701 2543 (566)
729 2493 931 2532 L1TTERrs
959 2492 1109 2539 vestris,
1140 2491 1211 2531 viri
1240 2490 1473 2540 doctissimi,
1504 2491 1556 2531 ad
1585 2503 1659 2530 nos
1688 2490 1798 2529 haud
1826 2487 1881 2527 ita
1908 2485 2064 2538 pridem
2092 2485 2262 2538 perlatis,
2293 2500 2376 2527 non
2403 2486 2490 2529 sine

477 2554 624 2606 gaudio
660 2554 937 2603 intelleximus,
976 2554 1287 2595 Universitatem
1330 2561 1499 2594 vestram
1541 2567 1693 2593 annum
1732 2550 2106 2603 quinquagesimum
2144 2549 2196 2589 ab
2233 2549 2382 2601 origine
2418 2564 2490 2591 sua

478 2615 642 2656 feliciter
678 2623 860 2656 exactum
896 2623 990 2656 ante
1029 2617 1234 2656 Kalendas
1274 2616 1471 2657 Octobres
1509 2628 1595 2655 esse
1633 2614 1929 2655 celebraturam.
1990 2611 2195 2663 Quicquid
2232 2611 2490 2652 Universitati

478 2685 641 2726 vestrae,
662 2677 855 2729 quicquid
874 2677 988 2718 vobis
1008 2677 1208 2726 omnibus,
1230 2677 1299 2729 qui
1319 2679 1542 2718 Australiae
1561 2676 1683 2717 totius
1703 2674 1948 2728 provinciam
1968 2673 2285 2725 antiquissimam
2304 2673 2488 2725 incolitis,

478 2754 595 2781 curae
624 2755 711 2781 esse
744 2749 911 2790 constat,
943 2741 1052 2782 idem
1085 2741 1204 2781 etiam
1235 2748 1394 2781 nosmet
1427 2741 1535 2792 ipsos
1568 2740 1776 2792 ipsamque
1811 2736 2056 2797 Britanniam
2087 2735 2211 2788 tangit
2224 2751 2236 2786 ς
2272 2749 2403 2789 neque
2434 2738 2488 2777 ad

478 2803 690 2844 Britannos
717 2804 916 2856 pertinent
941 2804 1061 2844 verba
1087 2803 1154 2843 illa
1180 2803 1376 2855 Scipionis
1399 2803 1441 2843 in
1466 2803 1633 2844 Somnio
1657 2816 1681 2842 a
1706 2804 1809 2843 duce
1832 2803 2021 2841 Romano
2045 2800 2252 2851 quondam
2273 2798 2488 2840 audita:—

479 2864 694 2905 ‘Australis
713 2865 778 2905 ille
798 2865 904 2905 orbis
925 2872 1114 2905 terrarum
1135 2865 1327 2916 cingulus,
1350 2865 1391 2904 in
1415 2878 1496 2916 quo
1520 2864 1588 2916 qui
1611 2864 1799 2904 insistunt
1821 2864 1986 2904 adversa
2008 2861 2122 2902 vobis
2148 2868 2288 2913 urgent
2310 2861 2484 2913 vestigia,

476 2925 575 2965 nihil
593 2928 646 2967 ad
664 2934 838 2967 vestrum
857 2940 982 2978 genus
995 2927 1033 2967 '⁸.
1093 2927 1350 2978 Quamquam
1373 2926 1481 2967 enim
1504 2925 1670 2977 vestigia
1691 2932 1820 2965 vestra
1841 2923 1985 2964 nostris
2005 2922 2178 2975 vestigiis
2197 2929 2290 2963 sunt
2308 2923 2484 2973 adversa,

562 3020 575 3041 ¹
598 3022 649 3053 Dr
665 3022 813 3064 Jackson
831 3021 1024 3063 (Chairman
1041 3022 1078 3054 os
1098 3022 1154 3054 the
1177 3022 1371 3064 University
1392 3022 1535 3063 Library
1555 3019 1760 3062 Synfficate),
1779 3021 1835 3052 Mr
1848 3020 1880 3061 J.
1901 3019 1955 3051 W.
1975 3018 2079 3052 Clark
2097 3016 2327 3060 (Registrary),
2345 3017 2412 3050 and
2428 3017 2485 3050 Mr

476 3065 516 3097 F.
528 3065 561 3107 J.
579 3065 627 3097 H.
641 3065 827 3107 Jenkinson
844 3064 1058 3107 (Librarian).
1211 3064 1226 3087 2
1249 3066 1357 3107 Pliny,
1375 3065 1422 3097 N.
1437 3066 1483 3097 H.
1503 3075 1593 3097 xxxv
1613 3074 1661 3096 ιο.
1792 3061 1806 3083 ⁸
1829 3064 1893 3105 Ep.
1915 3064 1968 3105 98,
1985 3073 2019 3105 p.
2039 3061 2115 3100 826,
2133 3062 2186 3094 ed.
2207 3061 2310 3103 1638;
2332 3071 2388 3093 no.
2405 3061 2482 3104 899,

474 3119 509 3151 p.
525 3117 585 3149 557
598 3108 626 3147 b,
640 3109 694 3140 ed.
714 3118 807 3150 1709.
895 3108 910 3128 4
931 3109 1094 3150 Anthony
1106 3109 1247 3141 Wood's
1262 3110 1413 3141 Athenae
1430 3108 1635 3147 oxonienses,
1655 3107 1678 3139 ii
1699 3117 1769 3147 124,
1785 3107 1836 3139 ed.
1856 3106 1953 3139 Bliss.
2040 3104 2054 3124 ⁵
2077 3106 2123 3137 D.
2137 3105 2176 3137 B.
2190 3105 2324 3144 Monte,
2342 3104 2482 3137 Provost

475 3152 513 3184 of
525 3151 629 3228 {fieb
787 3150 801 3171 ⁶
824 3151 932 3188 Aulus
947 3152 1088 3190 Gellius,
1104 3152 1149 3185 vii
1169 3160 1219 3194 17.
1359 3151 1372 3172 ⁷
1395 3151 1577 3194 Appendix
1592 3158 1627 3183 to
1647 3151 1795 3192 Odyssey,
1814 3149 1993 3190 xii—xxiv,
2012 3149 2063 3182 ed.
2088 3158 2182 3193 1901.
2313 3145 2328 3168 ⁸
2349 3146 2479 3187 Cicero,

472 3196 527 3229 De
571 3199 620 3237 cp.
636 3194 669 3229 vi
687 3204 737 3228 αι.

1435 3268 1512 3317 258
