2704 3770
829 333 880 382 S.
919 333 997 382 M.
1038 331 1515 396 Schz‘ller-Szinessy.
1587 332 1641 380 E
1642 330 1782 380 irz‘kr
1813 332 2134 396 Magudsson.

587 482 701 531 Quos
721 481 822 521 inter
840 480 1006 529 labores,
1024 481 1122 521 dum
1138 479 1293 520 Veteris
1312 479 1540 532 praesertim
1559 479 1808 520 Testamenti
1826 479 1948 520 libros
1967 481 2095 531 legere
2114 486 2234 531 atque
2253 477 2480 530 intellegere

482 544 625 592 studet,
655 551 810 583 tantum
838 543 951 583 abest
980 550 1023 582 ut
1051 543 1231 594 neglegat
1261 541 1376 590 Novi,
1405 549 1449 582 ut
1477 543 1551 582 hos
1579 541 1699 582 etiam
1727 540 1859 591 libros,
1890 549 2029 593 utpote
2056 541 2159 581 inter
2187 542 2360 581 Iudaeos
2388 547 2428 581 et
2455 553 2480 580 a

482 605 641 646 Iudaeis
670 605 847 657 scriptos,
871 606 1112 645 Iudaeorum
1141 603 1328 644 institutis
1354 611 1393 644 et
1420 603 1612 655 loquendi
1640 604 1766 643 forma
1794 604 1932 644 solitus
1960 603 2009 643 sit
2036 603 2239 651 illustrare,
2261 616 2341 654 qua
2367 601 2410 642 in
2437 615 2478 642 re

479 669 679 719 exemplar
716 668 791 708 sibi
829 680 984 719 semper
1021 666 1226 719 proposuit
1268 666 1361 706 clari
1399 666 1573 707 nominis
1610 667 1816 706 doctorem
1854 665 2235 717 Cantabrigiensem,
2275 665 2479 704 Horarum

481 730 770 770 Hebraicarum
789 730 1049 782 scriptorem1,
1071 729 1183 769 euius
1202 742 1350 768 nomen
1377 736 1416 768 et
1441 730 1529 780 plus
1549 741 1669 780 quam
1695 741 1844 767 nomen
1870 727 1972 767 inter
1996 740 2069 767 nos
2095 727 2136 766 in
2163 726 2350 767 dominae
2376 726 2481 765 Mar·

478 799 634 843 garetae
653 794 800 833 lectore
818 791 1065 844 Theologico
1084 799 1174 843 post
1194 792 1389 831 ducentos
1408 805 1534 831 annos
1554 791 1673 831 etiam
1693 804 1801 830 nunc
1821 797 2017 841 superstes
2037 789 2159 829 vivit2.

589 855 707 894 Duco
727 855 778 894 ad
797 868 867 894 vos
887 855 1155 894 SOLOMONEM
1177 855 1374 894 MARCUM
1394 855 1831 894 Scu1LLER-Szmssssv.

588 974 647 1026 (2)
686 976 779 1014 Plus
799 987 918 1026 quam
939 973 1170 1014 millesimus
1184 974 1310 1026 agitur
1328 988 1456 1014 annus
1472 988 1519 1015 ex
1534 988 1615 1027 quo
1629 974 1700 1014 viri
1714 974 1900 1027 intrepidi
1915 988 1997 1015 non
2012 989 2035 1016 e
2049 973 2313 1015 Scandinavia
2324 980 2479 1014 tantum

479 1036 550 1076 sed
588 1050 610 1076 e
647 1045 867 1077 nostrarum
906 1036 1024 1076 etiam
1061 1036 1278 1076 insularum
1315 1036 1611 1089 septentrionali
1643 1044 1754 1089 parte
1791 1038 1967 1089 profecti,
1999 1038 2100 1078 inter
2136 1039 2307 1078 Arctoos
2337 1037 2480 1077 fluctus

479 1098 767 1146 absconditam,
790 1106 829 1138 et
848 1106 1076 1150 coopertam
1095 1099 1219 1150 glacie
1239 1100 1346 1140 unde
1366 1113 1514 1140 nornen
1540 1100 1738 1140 Islandiae
1761 1108 1899 1152 postea
1924 1101 2106 1142 habitura
2130 1108 2224 1151 erat,
2245 1100 2481 1140 invenerunt

479 1160 648 1201 insulam
662 1176 673 1210 3
702 1174 749 1201 ex
769 1175 858 1213 qua,
880 1161 1090 1202 millesimo
1110 1162 1190 1202 fere
1215 1169 1306 1213 post
1326 1162 1528 1203 Christum
1549 1170 1687 1202 natum
1706 1176 1825 1212 anno,
1846 1164 1912 1203 alii
1935 1164 2082 1205 deinde
2105 1163 2335 1204 remotiores
2359 1162 2479 1203 etiam

480 1235 568 1262 oras
590 1225 778 1264 audacter
803 1225 1114 1275 exploraverunt,
1136 1225 1278 1264 eadem
1303 1224 1426 1264 animi
1450 1224 1680 1265 fortitudine
1706 1225 1873 1276 praediti
1896 1239 1975 1277 qua
1999 1234 2194 1266 nostrates
2219 1239 2346 1278 nuper
2370 1232 2480 1265 tanta

479 1285 630 1337 frigora,
651 1293 711 1325 tot
730 1285 905 1338 pericula
923 1285 1099 1337 perpessi
1119 1300 1141 1326 e
1160 1287 1387 1339 regionibus
1407 1288 1483 1327 sub
1502 1289 1623 1327 Arcto
1642 1287 1781 1338 positis
1800 1301 1884 1328 non
1903 1288 1987 1328 sine
2005 1288 2128 1340 gloria
2147 1287 2358 1328 redierunt.

589 1349 638 1387 In
671 1348 736 1388 illa
769 1348 885 1400 igitur
917 1357 998 1388 tam
1032 1356 1184 1389 remota
1220 1349 1359 1399 insula,
1394 1351 1611 1390 floruerunt
1648 1351 1726 1390 iam
1763 1350 1918 1402 pridem
1955 1350 2171 1390 litterarum
2208 1357 2335 1399 artes3
2376 1356 2479 1390 artes

479 1410 673 1452 oratoriae
692 1410 762 1452 diu
782 1411 1073 1459 intermortuae,
1090 1411 1271 1453 libertate
1285 1412 1431 1453 civium
1447 1426 1573 1464 nuper
1584 1412 1697 1452 novis
1711 1412 1865 1464 legibus
1879 1419 2054 1460 exaucta,
2069 1413 2204 1453 denuo
2219 1411 2480 1462 reviviscunt3

477 1486 587 1514 nunc
605 1474 759 1523 iterum,
780 1481 824 1514 ut
842 1474 1033 1514 audacius
1053 1474 1197 1521 dicam,

944 1552 1019 1591 ‘de
1047 1552 1314 1592 conducendo
1341 1551 1516 1604 loquitur
1543 1551 1622 1591 iarn
1651 1552 1808 1592 rhetore
1836 1551 2019 1592 Thule’⁸.

587 1631 651 1671 Ibi
677 1630 826 1671 scilicet
851 1630 908 1670 vir
933 1631 999 1671 hic
1021 1631 1237 1672 litterarum
1262 1633 1381 1672 laude
1406 1632 1569 1684 insignis
1593 1639 1709 1672 natus
1729 1640 1810 1673 erat
1823 1647 1834 1682 3
1863 1632 1947 1684 ipse
1966 1632 2075 1681 vidit,
2097 1645 2171 1672 nos
2194 1633 2299 1672 fama
2323 1639 2479 1673 tantum

479 1693 749 1744 cognovimus,
781 1693 898 1733 miras
927 1693 1012 1734 illas
1039 1707 1231 1746 aquarum
1260 1696 1467 1734 columnas
1495 1688 1769 1735 ebullientium
1802 1702 1922 1746 atque
1950 1696 2028 1735 alte
2058 1694 2321 1735 exsilientium
2334 1710 2346 1745 3
2382 1693 2481 1735 vidit

478 1765 634 1797 montes
662 1757 750 1797 illos
776 1757 918 1808 partim
945 1765 1135 1809 perpetua
1158 1758 1247 1798 nive
1275 1765 1412 1806 tectos,
1435 1757 1576 1808 partim
1604 1758 1762 1809 ignibus
1787 1758 2098 1805 exardescentes,
2121 1758 2229 1797 unde
2257 1759 2266 1777 ‘
2281 1756 2478 1797 montium

477 1819 631 1870 regina’
650 1827 752 1859 terra
770 1819 836 1858 illa
855 1832 1159 1871 nonnumquam
1179 1827 1431 1871 nuncupatur
1442 1834 1454 1869 3
1482 1832 1585 1870 quae
1604 1833 1724 1871 quam
1745 1833 1834 1859 cara
1859 1819 1940 1859 suis
1966 1819 2026 1868 sit,
2049 1819 2142 1859 satis
2168 1827 2331 1860 testatur
2355 1832 2479 1872 popu-

478 1883 559 1921 lare
578 1881 676 1922 illud
695 1894 878 1921 carmen:

853 1953 970 2000 salve,
1001 1951 1135 1991 stricta
1161 1953 1251 2003 gelu
1280 1953 1407 2001 tellus,
1438 1952 1637 1992 carissima
1665 1953 1770 1992 salve

854 2006 990 2058 patria,
1020 2007 1149 2066 prisca
1177 2019 1343 2057 parens3
1372 2006 1474 2046 natis
1502 2006 1648 2046 dilecta
1676 2005 1855 2046 manebis

855 2073 981 2111 usque
1010 2067 1099 2107 tu1s,
1129 2061 1226 2099 dum
1255 2060 1375 2111 spirat
1402 2074 1524 2108 amor,
1556 2062 1615 2100 sol
1644 2062 1825 2112 splendet
1853 2059 1894 2099 in
1923 2061 2011 2099 altis

855 2113 1058 2153 montibus
1087 2126 1341 2165 oceanusque
1370 2114 1571 2166 ingentem
1600 2113 1850 2166 amplectitur
1877 2113 2028 2153 orbem.

587 2196 710 2236 Sedes
743 2202 824 2234 tam
855 2195 1019 2235 dilectas
1050 2195 1194 2246 quibus
1227 2195 1356 2235 causis
1388 2196 1585 2235 adductus
1619 2196 1676 2235 vir
1708 2195 1773 2235 hic
1803 2195 2028 2244 deseruerit,
2064 2196 2228 2235 fortasse
2259 2195 2478 2247 requiritis:

476 2265 635 2310 propter
660 2258 786 2309 ipsam
811 2257 960 2309 patriae
985 2257 1186 2297 caritatem
1213 2257 1379 2309 patriam
1407 2258 1593 2309 reliquit⁴.
1653 2258 1831 2309 Reliquit
1856 2258 2018 2298 iubente
2043 2257 2233 2309 episcopo
2258 2270 2343 2306 suo,
2366 2266 2410 2298 ut
2435 2257 2478 2298 in

478 2320 622 2372 Anglia
642 2327 785 2368 nostra,
806 2320 928 2360 verbo
953 2320 1030 2359 Dei
1054 2320 1096 2359 in
1119 2333 1231 2359 suam
1257 2319 1431 2371 linguam
1458 2319 1537 2359 iam
1563 2320 1717 2371 pridem
1742 2320 1794 2360 ab
1816 2320 1901 2359 aliis
1922 2319 2089 2367 reddito,
2110 2326 2293 2360 accurate
2318 2320 2478 2361 edendo

478 2395 639 2433 operam
659 2383 769 2421 daret
782 2396 793 2431 3
822 2388 865 2420 ut
885 2381 1008 2420 nostri
1027 2381 1219 2422 sermonis
1238 2389 1417 2421 exactam
1440 2381 1645 2422 scientiam
1670 2382 1746 2422 sibi
1770 2382 1989 2434 acquireret
2002 2395 2013 2430 3
2043 2390 2085 2421 ut
2113 2382 2351 2434 philologiae
2375 2396 2479 2435 quae

479 2444 623 2485 dicitur
641 2443 931 2495 comparativae
950 2444 1049 2484 fines
1068 2452 1277 2484 conaretur
1296 2446 1507 2485 extendere
1520 2459 1530 2494 3
1559 2452 1602 2484 ut
1627 2458 1781 2485 sacrum
1805 2444 1944 2497 prioris
1966 2444 2052 2485 aevi
2078 2458 2237 2485 carmen
2265 2445 2411 2484 Lilium
2436 2445 2478 2485 in

479 2507 638 2546 laudem
658 2505 829 2557 Virginis
851 2505 1000 2546 Mariae
1020 2514 1293 2558 nuncupatum
1318 2507 1467 2559 primus
1493 2514 1713 2548 recenseret
1739 2514 1778 2547 et
1803 2514 1979 2547 nostram
2005 2506 2045 2546 in
2071 2506 2247 2559 linguam
2272 2508 2455 2548 redderet
2467 2521 2479 2556 ;

479 2576 523 2609 ut
560 2568 713 2609 socium
752 2568 897 2608 laboris
934 2568 994 2608 sui
1031 2575 1171 2608 nactus
1208 2569 1407 2621 egregium
1444 2569 1633 2610 terrestris
1671 2569 1840 2621 paradisi
1878 2575 2050 2621 poetam,
2085 2569 2267 2609 historias
2303 2569 2389 2609 illas
2426 2570 2478 2610 de

476 2631 642 2683 antiquo
661 2632 827 2671 heroum
847 2633 1006 2671 saeculo
1026 2639 1222 2672 enarraret
1236 2634 1344 2672 unde
1358 2632 1424 2672 ille
1442 2634 1539 2672 alter
1558 2632 1659 2672 intra
1678 2634 1752 2672 hos
1771 2645 1919 2684 paucos
1939 2631 2024 2672 dies
2044 2644 2189 2671 novam
2209 2631 2284 2671 sibi
2302 2633 2476 2671 lauream

480 2693 671 2742 rettulit⁵3
699 2700 742 2733 ut
762 2707 856 2734 suae
874 2694 1002 2745 gentis
1021 2693 1173 2746 lepidas
1192 2694 1277 2734 illas
1297 2694 1450 2734 fabulas
1470 2695 1522 2735 de
1541 2694 1737 2734 montium
1757 2694 1954 2746 marisque
1974 2693 2170 2742 monstris,
2191 2694 2243 2733 de
2267 2692 2477 2733 fluviorum

478 2757 727 2807 fontiumque
753 2756 950 2808 nymphis,
971 2764 1145 2796 nostram
1174 2758 1215 2797 in
1244 2758 1489 2808 voluptatem
1518 2757 1835 2809 interpretaretur
1847 2771 1858 2805 ;
1889 2764 1932 2796 ut
1958 2763 2262 2796 monumentum
2290 2754 2478 2807 pristinae

478 2818 579 2858 inter
598 2831 690 2858 suos
710 2826 984 2870 nostratesque
1008 2819 1219 2864 societatis,
1239 2819 1360 2859 vitam
1385 2819 1519 2859 Sancti
1544 2821 1727 2859 Thomae
1751 2817 2047 2860 Cantuariensis
2070 2817 2218 2857 abhinc
2241 2830 2368 2857 annos
2387 2819 2477 2869 plus

478 2894 597 2931 quam
618 2888 824 2920 sexcentos
845 2882 1043 2921 Islandice
1063 2883 1260 2933 scriptam,
1282 2881 1445 2932 publico
1464 2888 1626 2932 sumptu
1645 2882 1802 2928 ederet;
1828 2880 2002 2931 denique
2026 2887 2069 2919 ut
2092 2881 2258 2919 lustrum
2281 2886 2410 2919 totum
2434 2879 2476 2919 in

477 2944 551 2981 hac
568 2942 784 2982 Academia
803 2943 960 2990 viveret,
977 2950 1016 2983 et
1032 2945 1197 2983 multam
1213 2945 1425 2983 multarum
1446 2944 1666 2995 linguarum
1679 2942 1947 2995 cognitionem
1964 2950 2002 2982 et
2014 2943 2274 2993 plurimorum
2286 2942 2476 2982 librorum

478 3004 757 3055 experientiam
778 3004 938 3045 aliunde
958 3005 1235 3056 conquisitam,
1256 3012 1413 3045 nostrae
1433 3005 1699 3046 bibliothecae
1718 3005 1760 3044 in
1778 3017 1895 3044 usum
1914 3005 2173 3056 impenderet.

563 3104 575 3126 1
595 3105 685 3147 John
702 3106 883 3147 Lightfoot.
985 3105 1000 3125 ²
1018 3106 1146 3149 Joseph
1162 3107 1287 3139 Barber
1302 3106 1485 3148 Lightfoot.
1591 3106 1606 3126 ³
1625 3106 1778 3148 Juvenal,
1795 3118 1838 3139 xv
1856 3116 1926 3139 112.
2032 3105 2047 3125 ⁴
2069 3104 2197 3145 Cicero,
2209 3110 2274 3147 pro
2288 3105 2400 3145 Sestio,
2421 3114 2473 3146 53.

476 3148 490 3169 ⁶
513 3148 660 3180 William
677 3149 807 3188 Mortis,
826 3149 938 3183 whose
954 3150 1051 3193 Story
1065 3150 1241 3192 cffSigurd
1252 3150 1306 3183 the
1325 3151 1550 3192 Volsungwas
1565 3149 1634 3182 first
1651 3150 1782 3192 printed
1797 3150 1832 3182 in
1852 3149 1945 3191 1876.

1467 3234 1489 3260 2
