<?xml version="1.0" encoding="UTF-8"?>
<!DOCTYPE html PUBLIC "-//W3C//DTD XHTML 1.0 Transitional//EN"
    "http://www.w3.org/TR/xhtml1/DTD/xhtml1-transitional.dtd">
<html xmlns="http://www.w3.org/1999/xhtml" xml:lang="en" lang="en">
 <head>
  <title>
</title>
<meta http-equiv="Content-Type" content="text/html;charset=utf-8" />
  <meta name='ocr-system' content='tesseract 3.04.00' />
  <meta name='ocr-capabilities' content='ocr_page ocr_carea ocr_par ocr_line ocrx_word'/>
</head>
<body>
  <div class='ocr_page' id='page_1' title='image "./orationesetepist00sanduoft/orationesetepist00sanduoft_0132.png"; bbox 0 0 2704 3770; ppageno 0'>
   <div class='ocr_carea' id='block_1_1' title="bbox 604 333 2226 404">
    <p class='ocr_par' dir='ltr' id='par_1_1' title="bbox 604 333 2226 404">
     <span class='ocr_line' id='line_1_1' title="bbox 604 333 2226 404; baseline -0.005 -15"><span class='ocrx_word' id='word_1_1' title='bbox 604 340 836 404; x_wconf 80' lang='lat' dir='ltr'>Meetz’ng</span> <span class='ocrx_word' id='word_1_2' title='bbox 866 339 929 404; x_wconf 76' lang='lat' dir='ltr'>qf</span> <span class='ocrx_word' id='word_1_3' title='bbox 953 339 1034 387; x_wconf 78' lang='lat' dir='ltr'>tlze</span> <span class='ocrx_word' id='word_1_4' title='bbox 1069 337 1235 401; x_wconf 82' lang='lat' dir='ltr'><em>Royal</em></span> <span class='ocrx_word' id='word_1_5' title='bbox 1264 335 1632 401; x_wconf 74' lang='lat' dir='ltr'>Agm‘cultural</span> <span class='ocrx_word' id='word_1_6' title='bbox 1663 334 1850 399; x_wconf 77' lang='lat' dir='ltr'>Socz’ety</span> <span class='ocrx_word' id='word_1_7' title='bbox 1883 334 1947 398; x_wconf 91' lang='lat' dir='ltr'>of</span> <span class='ocrx_word' id='word_1_8' title='bbox 1970 334 2024 382; x_wconf 92' lang='lat' dir='ltr'><em>E</em></span> <span class='ocrx_word' id='word_1_9' title='bbox 2025 333 2226 398; x_wconf 80' lang='lat' dir='ltr'>ngland.</span> 
     </span>
    </p>
   </div>
   <div class='ocr_carea' id='block_1_2' title="bbox 412 478 2424 1417">
    <p class='ocr_par' dir='ltr' id='par_1_2' title="bbox 412 478 2424 1285">
     <span class='ocr_line' id='line_1_2' title="bbox 412 478 2419 536; baseline -0.004 -11"><span class='ocrx_word' id='word_1_10' title='bbox 412 484 614 536; x_wconf 85' lang='lat' dir='ltr'>dispositis</span> <span class='ocrx_word' id='word_1_11' title='bbox 644 486 864 525; x_wconf 87' lang='lat' dir='ltr'><strong>luculenter</strong></span> <span class='ocrx_word' id='word_1_12' title='bbox 891 483 1076 532; x_wconf 87' lang='lat' dir='ltr'>ostendit,</span> <span class='ocrx_word' id='word_1_13' title='bbox 1106 482 1284 535; x_wconf 90' lang='lat' dir='ltr'>gentium</span> <span class='ocrx_word' id='word_1_14' title='bbox 1313 494 1545 533; x_wconf 88' lang='lat' dir='ltr'>magnarum</span> <span class='ocrx_word' id='word_1_15' title='bbox 1578 480 1618 520; x_wconf 90' lang='lat' dir='ltr'>in</span> <span class='ocrx_word' id='word_1_16' title='bbox 1649 479 1812 520; x_wconf 86' lang='lat' dir='ltr'>historia</span> <span class='ocrx_word' id='word_1_17' title='bbox 1841 479 1958 519; x_wconf 89' lang='lat' dir='ltr'>maris</span> <span class='ocrx_word' id='word_1_18' title='bbox 1986 478 2194 530; x_wconf 89' lang='lat' dir='ltr'>imperium</span> <span class='ocrx_word' id='word_1_19' title='bbox 2225 485 2419 530; x_wconf 88' lang='lat' dir='ltr'>quantum</span> 
     </span>
     <span class='ocr_line' id='line_1_3' title="bbox 412 540 2420 592; baseline -0.003 -6"><span class='ocrx_word' id='word_1_20' title='bbox 412 546 606 586; x_wconf 82' lang='lat' dir='ltr'>valuerit1.</span> <span class='ocrx_word' id='word_1_21' title='bbox 667 548 776 586; x_wconf 91' lang='lat' dir='ltr'>Dum</span> <span class='ocrx_word' id='word_1_22' title='bbox 814 546 902 586; x_wconf 88' lang='lat' dir='ltr'>talis</span> <span class='ocrx_word' id='word_1_23' title='bbox 939 545 1010 585; x_wconf 90' lang='lat' dir='ltr'>viri</span> <span class='ocrx_word' id='word_1_24' title='bbox 1039 544 1160 585; x_wconf 90' lang='lat' dir='ltr'>libros</span> <span class='ocrx_word' id='word_1_25' title='bbox 1191 543 1269 584; x_wconf 90' lang='lat' dir='ltr'>stili</span> <span class='ocrx_word' id='word_1_26' title='bbox 1298 543 1420 583; x_wconf 90' lang='lat' dir='ltr'>lucidi</span> <span class='ocrx_word' id='word_1_27' title='bbox 1451 542 1602 583; x_wconf 90' lang='lat' dir='ltr'>lumine</span> <span class='ocrx_word' id='word_1_28' title='bbox 1634 541 1846 581; x_wconf 87' lang='lat' dir='ltr'>illustratos</span> <span class='ocrx_word' id='word_1_29' title='bbox 1878 540 2126 592; x_wconf 88' lang='lat' dir='ltr'>perlegimus,</span> <span class='ocrx_word' id='word_1_30' title='bbox 2158 546 2250 579; x_wconf 86' lang='lat' dir='ltr'>ante</span> <span class='ocrx_word' id='word_1_31' title='bbox 2281 541 2420 580; x_wconf 90' lang='lat' dir='ltr'>oculos</span> 
     </span>
     <span class='ocr_line' id='line_1_4' title="bbox 413 601 2421 661; baseline -0.004 -12"><span class='ocrx_word' id='word_1_32' title='bbox 413 616 570 650; x_wconf 90' lang='lat' dir='ltr'>nostros</span> <span class='ocrx_word' id='word_1_33' title='bbox 594 609 741 661; x_wconf 87' lang='lat' dir='ltr'>gloriae</span> <span class='ocrx_word' id='word_1_34' title='bbox 767 617 924 650; x_wconf 90' lang='lat' dir='ltr'>nostrae</span> <span class='ocrx_word' id='word_1_35' title='bbox 950 608 1098 648; x_wconf 87' lang='lat' dir='ltr'>navalis</span> <span class='ocrx_word' id='word_1_36' title='bbox 1123 607 1255 658; x_wconf 87' lang='lat' dir='ltr'>imago</span> <span class='ocrx_word' id='word_1_37' title='bbox 1277 608 1384 646; x_wconf 86' lang='lat' dir='ltr'>velut</span> <span class='ocrx_word' id='word_1_38' title='bbox 1406 619 1454 645; x_wconf 88' lang='lat' dir='ltr'>ex</span> <span class='ocrx_word' id='word_1_39' title='bbox 1476 604 1571 657; x_wconf 89' lang='lat' dir='ltr'>ipsis</span> <span class='ocrx_word' id='word_1_40' title='bbox 1596 604 1714 645; x_wconf 91' lang='lat' dir='ltr'>undis</span> <span class='ocrx_word' id='word_1_41' title='bbox 1739 604 1949 655; x_wconf 90' lang='lat' dir='ltr'>splendida</span> <span class='ocrx_word' id='word_1_42' title='bbox 1973 602 2136 654; x_wconf 86' lang='lat' dir='ltr'>resurgit</span> <span class='ocrx_word' id='word_1_43' title='bbox 2149 617 2160 652; x_wconf 84' lang='lat'>3</span> <span class='ocrx_word' id='word_1_44' title='bbox 2188 602 2228 641; x_wconf 93' lang='lat' dir='ltr'>in</span> <span class='ocrx_word' id='word_1_45' title='bbox 2253 601 2421 653; x_wconf 90' lang='lat' dir='ltr'>imperio</span> 
     </span>
     <span class='ocr_line' id='line_1_5' title="bbox 414 663 2420 719; baseline -0.004 -8"><span class='ocrx_word' id='word_1_46' title='bbox 414 678 550 711; x_wconf 90' lang='lat' dir='ltr'>nostro</span> <span class='ocrx_word' id='word_1_47' title='bbox 572 671 783 719; x_wconf 86' lang='lat' dir='ltr'>maritimo,</span> <span class='ocrx_word' id='word_1_48' title='bbox 804 684 887 711; x_wconf 91' lang='lat' dir='ltr'>non</span> <span class='ocrx_word' id='word_1_49' title='bbox 914 672 1036 710; x_wconf 91' lang='lat' dir='ltr'>modo</span> <span class='ocrx_word' id='word_1_50' title='bbox 1059 667 1287 709; x_wconf 88' lang='lat' dir='ltr'>commercii</span> <span class='ocrx_word' id='word_1_51' title='bbox 1313 666 1435 707; x_wconf 87' lang='lat' dir='ltr'>nostri</span> <span class='ocrx_word' id='word_1_52' title='bbox 1464 668 1542 706; x_wconf 91' lang='lat' dir='ltr'>late</span> <span class='ocrx_word' id='word_1_53' title='bbox 1565 665 1697 707; x_wconf 84' lang='lat' dir='ltr'>diffusi</span> <span class='ocrx_word' id='word_1_54' title='bbox 1719 678 1880 705; x_wconf 89' lang='lat' dir='ltr'>causam</span> <span class='ocrx_word' id='word_1_55' title='bbox 1904 671 1944 704; x_wconf 89' lang='lat' dir='ltr'>et</span> <span class='ocrx_word' id='word_1_56' title='bbox 1966 663 2156 715; x_wconf 89' lang='lat' dir='ltr'>originem</span> <span class='ocrx_word' id='word_1_57' title='bbox 2176 663 2420 715; x_wconf 89' lang='lat' dir='ltr'>respicimus,</span> 
     </span>
     <span class='ocr_line' id='line_1_6' title="bbox 413 725 2421 782; baseline -0.003 -10"><span class='ocrx_word' id='word_1_58' title='bbox 413 734 485 772; x_wconf 91' lang='lat' dir='ltr'>sed</span> <span class='ocrx_word' id='word_1_59' title='bbox 510 733 629 773; x_wconf 90' lang='lat' dir='ltr'>etiam</span> <span class='ocrx_word' id='word_1_60' title='bbox 657 733 901 774; x_wconf 89' lang='lat' dir='ltr'>coloniarum</span> <span class='ocrx_word' id='word_1_61' title='bbox 931 739 1153 772; x_wconf 87' lang='lat' dir='ltr'>nostrarum</span> <span class='ocrx_word' id='word_1_62' title='bbox 1181 732 1320 782; x_wconf 91' lang='lat' dir='ltr'>procul</span> <span class='ocrx_word' id='word_1_63' title='bbox 1347 728 1561 769; x_wconf 88' lang='lat' dir='ltr'>iacentium</span> <span class='ocrx_word' id='word_1_64' title='bbox 1585 727 1825 780; x_wconf 90' lang='lat' dir='ltr'>praesidium</span> <span class='ocrx_word' id='word_1_65' title='bbox 1848 734 1888 767; x_wconf 90' lang='lat' dir='ltr'>et</span> <span class='ocrx_word' id='word_1_66' title='bbox 1910 726 2098 767; x_wconf 86' lang='lat' dir='ltr'>auxilium</span> <span class='ocrx_word' id='word_1_67' title='bbox 2126 725 2421 778; x_wconf 83' lang='lat' dir='ltr'>agnoscimus²;</span> 
     </span>
     <span class='ocr_line' id='line_1_7' title="bbox 413 787 2422 846; baseline -0.003 -13"><span class='ocrx_word' id='word_1_68' title='bbox 413 793 526 834; x_wconf 90' lang='lat' dir='ltr'>novis</span> <span class='ocrx_word' id='word_1_69' title='bbox 545 794 719 846; x_wconf 88' lang='lat' dir='ltr'>denique</span> <span class='ocrx_word' id='word_1_70' title='bbox 739 795 907 834; x_wconf 89' lang='lat' dir='ltr'>stimulis</span> <span class='ocrx_word' id='word_1_71' title='bbox 922 793 1143 842; x_wconf 87' lang='lat' dir='ltr'>incitamur,</span> <span class='ocrx_word' id='word_1_72' title='bbox 1159 801 1203 833; x_wconf 94' lang='lat' dir='ltr'>ut</span> <span class='ocrx_word' id='word_1_73' title='bbox 1223 791 1329 832; x_wconf 91' lang='lat' dir='ltr'>orbis</span> <span class='ocrx_word' id='word_1_74' title='bbox 1349 798 1536 831; x_wconf 85' lang='lat' dir='ltr'>terrarum</span> <span class='ocrx_word' id='word_1_75' title='bbox 1551 791 1602 830; x_wconf 90' lang='lat' dir='ltr'>ad</span> <span class='ocrx_word' id='word_1_76' title='bbox 1618 803 1874 830; x_wconf 90' lang='lat' dir='ltr'>communem</span> <span class='ocrx_word' id='word_1_77' title='bbox 1890 791 2072 838; x_wconf 88' lang='lat' dir='ltr'>fructum,</span> <span class='ocrx_word' id='word_1_78' title='bbox 2088 788 2197 840; x_wconf 91' lang='lat' dir='ltr'>pacis</span> <span class='ocrx_word' id='word_1_79' title='bbox 2216 787 2422 828; x_wconf 86' lang='lat' dir='ltr'>universae</span> 
     </span>
     <span class='ocr_line' id='line_1_8' title="bbox 413 850 2424 906; baseline -0.003 -10"><span class='ocrx_word' id='word_1_80' title='bbox 413 858 466 896; x_wconf 90' lang='lat' dir='ltr'>ad</span> <span class='ocrx_word' id='word_1_81' title='bbox 486 869 742 897; x_wconf 90' lang='lat' dir='ltr'>communem</span> <span class='ocrx_word' id='word_1_82' title='bbox 763 856 984 904; x_wconf 86' lang='lat' dir='ltr'>utilitatem,</span> <span class='ocrx_word' id='word_1_83' title='bbox 1006 854 1170 906; x_wconf 86' lang='lat' dir='ltr'>gloriam</span> <span class='ocrx_word' id='word_1_84' title='bbox 1189 854 1296 893; x_wconf 89' lang='lat' dir='ltr'>illam</span> <span class='ocrx_word' id='word_1_85' title='bbox 1317 867 1339 893; x_wconf 91' lang='lat' dir='ltr'>e</span> <span class='ocrx_word' id='word_1_86' title='bbox 1362 852 1546 892; x_wconf 90' lang='lat' dir='ltr'>manibus</span> <span class='ocrx_word' id='word_1_87' title='bbox 1561 851 1704 892; x_wconf 89' lang='lat' dir='ltr'>nostris</span> <span class='ocrx_word' id='word_1_88' title='bbox 1724 865 1775 891; x_wconf 89' lang='lat' dir='ltr'>ne</span> <span class='ocrx_word' id='word_1_89' title='bbox 1794 851 1970 891; x_wconf 90' lang='lat' dir='ltr'>sinamus</span> <span class='ocrx_word' id='word_1_90' title='bbox 1989 850 2115 902; x_wconf 49' lang='lat' dir='ltr'>eripi&amp;</span> <span class='ocrx_word' id='word_1_91' title='bbox 2171 851 2424 901; x_wconf 84' lang='lat' dir='ltr'>Auguramur</span> 
     </span>
     <span class='ocr_line' id='line_1_9' title="bbox 414 911 2421 970; baseline -0.003 -13"><span class='ocrx_word' id='word_1_92' title='bbox 414 917 534 957; x_wconf 89' lang='lat' dir='ltr'>etiam</span> <span class='ocrx_word' id='word_1_93' title='bbox 564 918 604 957; x_wconf 93' lang='lat' dir='ltr'>in</span> <span class='ocrx_word' id='word_1_94' title='bbox 630 925 833 970; x_wconf 92' lang='lat' dir='ltr'>posterum</span> <span class='ocrx_word' id='word_1_95' title='bbox 862 919 998 956; x_wconf 85' lang='lat' dir='ltr'>fratres</span> <span class='ocrx_word' id='word_1_96' title='bbox 1027 923 1182 956; x_wconf 92' lang='lat' dir='ltr'>nostros</span> <span class='ocrx_word' id='word_1_97' title='bbox 1211 914 1491 955; x_wconf 86' lang='lat' dir='ltr'>transmarinos</span> <span class='ocrx_word' id='word_1_98' title='bbox 1519 913 1664 965; x_wconf 90' lang='lat' dir='ltr'>gloriae</span> <span class='ocrx_word' id='word_1_99' title='bbox 1692 913 1795 953; x_wconf 92' lang='lat' dir='ltr'>illius</span> <span class='ocrx_word' id='word_1_100' title='bbox 1822 912 2032 964; x_wconf 89' lang='lat' dir='ltr'>participes</span> <span class='ocrx_word' id='word_1_101' title='bbox 2059 913 2211 952; x_wconf 89' lang='lat' dir='ltr'>futuros</span> <span class='ocrx_word' id='word_1_102' title='bbox 2224 927 2236 962; x_wconf 77' lang='lat'><em>3</em></span> <span class='ocrx_word' id='word_1_103' title='bbox 2263 911 2421 952; x_wconf 89' lang='lat' dir='ltr'>interim</span> 
     </span>
     <span class='ocr_line' id='line_1_10' title="bbox 412 974 2417 1031; baseline -0.003 -12"><span class='ocrx_word' id='word_1_104' title='bbox 412 979 611 1031; x_wconf 91' lang='lat' dir='ltr'>utrimque</span> <span class='ocrx_word' id='word_1_105' title='bbox 643 980 821 1019; x_wconf 88' lang='lat' dir='ltr'>eiusdem</span> <span class='ocrx_word' id='word_1_106' title='bbox 857 978 1068 1030; x_wconf 88' lang='lat' dir='ltr'>sanguinis,</span> <span class='ocrx_word' id='word_1_107' title='bbox 1095 977 1273 1018; x_wconf 91' lang='lat' dir='ltr'>eiusdem</span> <span class='ocrx_word' id='word_1_108' title='bbox 1300 976 1467 1027; x_wconf 89' lang='lat' dir='ltr'>linguae,</span> <span class='ocrx_word' id='word_1_109' title='bbox 1498 976 1676 1015; x_wconf 90' lang='lat' dir='ltr'>eiusdem</span> <span class='ocrx_word' id='word_1_110' title='bbox 1707 974 1853 1026; x_wconf 89' lang='lat' dir='ltr'>gloriae</span> <span class='ocrx_word' id='word_1_111' title='bbox 1883 974 2043 1022; x_wconf 91' lang='lat' dir='ltr'>conscii,</span> <span class='ocrx_word' id='word_1_112' title='bbox 2075 981 2181 1014; x_wconf 89' lang='lat' dir='ltr'>trans</span> <span class='ocrx_word' id='word_1_113' title='bbox 2209 987 2417 1020; x_wconf 82' lang='lat' dir='ltr'>oceanum,</span> 
     </span>
     <span class='ocr_line' id='line_1_11' title="bbox 412 1035 2420 1090; baseline -0.003 -8"><span class='ocrx_word' id='word_1_114' title='bbox 412 1055 493 1082; x_wconf 92' lang='lat' dir='ltr'>non</span> <span class='ocrx_word' id='word_1_115' title='bbox 520 1042 599 1081; x_wconf 87' lang='lat' dir='ltr'>iam</span> <span class='ocrx_word' id='word_1_116' title='bbox 622 1049 666 1082; x_wconf 93' lang='lat' dir='ltr'>ut</span> <span class='ocrx_word' id='word_1_117' title='bbox 692 1042 787 1082; x_wconf 91' lang='lat' dir='ltr'>olim</span> <span class='ocrx_word' id='word_1_118' title='bbox 813 1040 1136 1087; x_wconf 79' lang='lat' dir='ltr'>dissociabilem⁴‚</span> <span class='ocrx_word' id='word_1_119' title='bbox 1167 1038 1340 1090; x_wconf 89' lang='lat' dir='ltr'>hospitio</span> <span class='ocrx_word' id='word_1_120' title='bbox 1369 1038 1409 1078; x_wconf 92' lang='lat' dir='ltr'>in</span> <span class='ocrx_word' id='word_1_121' title='bbox 1438 1045 1672 1089; x_wconf 91' lang='lat' dir='ltr'>perpetuum</span> <span class='ocrx_word' id='word_1_122' title='bbox 1698 1037 1758 1089; x_wconf 92' lang='lat' dir='ltr'>(ut</span> <span class='ocrx_word' id='word_1_123' title='bbox 1786 1035 2005 1088; x_wconf 84' lang='lat' dir='ltr'>speramus)</span> <span class='ocrx_word' id='word_1_124' title='bbox 2035 1037 2233 1085; x_wconf 90' lang='lat' dir='ltr'>duraturo,</span> <span class='ocrx_word' id='word_1_125' title='bbox 2263 1037 2420 1077; x_wconf 87' lang='lat' dir='ltr'>dextras</span> 
     </span>
     <span class='ocr_line' id='line_1_12' title="bbox 412 1103 1019 1145; baseline -0.002 -2"><span class='ocrx_word' id='word_1_126' title='bbox 412 1103 581 1145; x_wconf 88' lang='lat' dir='ltr'>invicem</span> <span class='ocrx_word' id='word_1_127' title='bbox 612 1105 781 1145; x_wconf 88' lang='lat' dir='ltr'>libenter</span> <span class='ocrx_word' id='word_1_128' title='bbox 808 1103 1019 1144; x_wconf 89' lang='lat' dir='ltr'>tendimus.</span> 
     </span>
     <span class='ocr_line' id='line_1_13' title="bbox 790 1173 1934 1230; baseline -0.008 -9"><span class='ocrx_word' id='word_1_129' title='bbox 790 1181 904 1230; x_wconf 89' lang='lat' dir='ltr'>Quos</span> <span class='ocrx_word' id='word_1_130' title='bbox 933 1177 1139 1230; x_wconf 88' lang='lat' dir='ltr'>coniungit</span> <span class='ocrx_word' id='word_1_131' title='bbox 1166 1190 1287 1223; x_wconf 86' lang='lat' dir='ltr'>amor,</span> <span class='ocrx_word' id='word_1_132' title='bbox 1318 1174 1561 1227; x_wconf 88' lang='lat' dir='ltr'>nequiquam</span> <span class='ocrx_word' id='word_1_133' title='bbox 1590 1173 1731 1215; x_wconf 87' lang='lat' dir='ltr'>dividit</span> <span class='ocrx_word' id='word_1_134' title='bbox 1758 1186 1934 1225; x_wconf 80' lang='lat' dir='ltr'>aequ0r3</span> 
     </span>
     <span class='ocr_line' id='line_1_14' title="bbox 895 1228 1966 1285; baseline -0.007 -12"><span class='ocrx_word' id='word_1_135' title='bbox 895 1233 1096 1285; x_wconf 86' lang='lat' dir='ltr'>iungimus</span> <span class='ocrx_word' id='word_1_136' title='bbox 1124 1230 1332 1271; x_wconf 88' lang='lat' dir='ltr'>unanimes</span> <span class='ocrx_word' id='word_1_137' title='bbox 1361 1237 1467 1269; x_wconf 89' lang='lat' dir='ltr'>trans</span> <span class='ocrx_word' id='word_1_138' title='bbox 1495 1230 1593 1269; x_wconf 90' lang='lat' dir='ltr'>freta</span> <span class='ocrx_word' id='word_1_139' title='bbox 1621 1241 1764 1280; x_wconf 86' lang='lat' dir='ltr'>magna</span> <span class='ocrx_word' id='word_1_140' title='bbox 1793 1228 1966 1267; x_wconf 78' lang='lat' dir='ltr'>manus⁸.</span> 
     </span>
    </p>

    <p class='ocr_par' dir='ltr' id='par_1_3' title="bbox 522 1300 2421 1356">
     <span class='ocr_line' id='line_1_15' title="bbox 522 1300 2421 1356; baseline -0.002 -10"><span class='ocrx_word' id='word_1_141' title='bbox 522 1307 640 1347; x_wconf 93' lang='lat' dir='ltr'>Duco</span> <span class='ocrx_word' id='word_1_142' title='bbox 665 1309 718 1348; x_wconf 92' lang='lat' dir='ltr'>ad</span> <span class='ocrx_word' id='word_1_143' title='bbox 736 1321 806 1348; x_wconf 92' lang='lat' dir='ltr'>vos</span> <span class='ocrx_word' id='word_1_144' title='bbox 835 1307 960 1347; x_wconf 91' lang='lat' dir='ltr'>virum</span> <span class='ocrx_word' id='word_1_145' title='bbox 989 1304 1150 1356; x_wconf 88' lang='lat' dir='ltr'>hospitii</span> <span class='ocrx_word' id='word_1_146' title='bbox 1175 1304 1258 1344; x_wconf 91' lang='lat' dir='ltr'>iure</span> <span class='ocrx_word' id='word_1_147' title='bbox 1283 1302 1481 1343; x_wconf 88' lang='lat' dir='ltr'>Britannis</span> <span class='ocrx_word' id='word_1_148' title='bbox 1507 1300 1888 1350; x_wconf 89' lang='lat' dir='ltr'>coniunctissimum,</span> <span class='ocrx_word' id='word_1_149' title='bbox 1909 1300 1964 1341; x_wconf 92' lang='lat' dir='ltr'>rei</span> <span class='ocrx_word' id='word_1_150' title='bbox 1986 1301 2135 1341; x_wconf 84' lang='lat' dir='ltr'>navalis</span> <span class='ocrx_word' id='word_1_151' title='bbox 2159 1301 2421 1342; x_wconf 88' lang='lat' dir='ltr'>Americanae</span> 
     </span>
    </p>

    <p class='ocr_par' dir='ltr' id='par_1_4' title="bbox 412 1365 1634 1417">
     <span class='ocr_line' id='line_1_16' title="bbox 412 1365 1634 1417; baseline -0.004 -10"><span class='ocrx_word' id='word_1_152' title='bbox 412 1367 515 1408; x_wconf 87' lang='lat' dir='ltr'>inter</span> <span class='ocrx_word' id='word_1_153' title='bbox 533 1369 678 1409; x_wconf 88' lang='lat' dir='ltr'>decora</span> <span class='ocrx_word' id='word_1_154' title='bbox 697 1377 963 1417; x_wconf 88' lang='lat' dir='ltr'>numeratum,</span> <span class='ocrx_word' id='word_1_155' title='bbox 982 1369 1232 1407; x_wconf 84' lang='lat' dir='ltr'><strong>ALUREDUM</strong></span> <span class='ocrx_word' id='word_1_156' title='bbox 1252 1367 1435 1404; x_wconf 78' lang='lat' dir='ltr'>THAYER</span> <span class='ocrx_word' id='word_1_157' title='bbox 1455 1365 1634 1403; x_wconf 73' lang='lat' dir='ltr'>MAHAN.</span> 
     </span>
    </p>
   </div>
   <div class='ocr_carea' id='block_1_3' title="bbox 605 1591 2223 1786">
    <p class='ocr_par' dir='ltr' id='par_1_5' title="bbox 605 1591 2223 1786">
     <span class='ocr_line' id='line_1_17' title="bbox 768 1591 1613 1666; baseline -0.004 -24"><span class='ocrx_word' id='word_1_158' title='bbox 768 1661 772 1666; x_wconf 23' lang='grc' dir='ltr'>ι</span> <span class='ocrx_word' id='word_1_159' title='bbox 1221 1605 1282 1654; x_wconf 91' lang='lat'>27</span> <span class='ocrx_word' id='word_1_160' title='bbox 1308 1591 1449 1658; x_wconf 80' lang='lat' dir='ltr'>June</span> <span class='ocrx_word' id='word_1_161' title='bbox 1488 1592 1613 1651; x_wconf 88' lang='lat'>1894</span> 
     </span>
     <span class='ocr_line' id='line_1_18' title="bbox 605 1714 2223 1786; baseline -0.003 -17"><span class='ocrx_word' id='word_1_162' title='bbox 605 1721 835 1786; x_wconf 78' lang='lat' dir='ltr'>Meetz‘ng</span> <span class='ocrx_word' id='word_1_163' title='bbox 867 1722 932 1785; x_wconf 87' lang='lat' dir='ltr'>of</span> <span class='ocrx_word' id='word_1_164' title='bbox 955 1720 1036 1768; x_wconf 75' lang='lat' dir='ltr'>the</span> <span class='ocrx_word' id='word_1_165' title='bbox 1070 1719 1240 1783; x_wconf 83' lang='lat' dir='ltr'>Royal</span> <span class='ocrx_word' id='word_1_166' title='bbox 1267 1715 1637 1782; x_wconf 77' lang='lat' dir='ltr'>Agrz&#39;cultural</span> <span class='ocrx_word' id='word_1_167' title='bbox 1665 1714 1856 1779; x_wconf 82' lang='lat' dir='ltr'>Socz‘ety</span> <span class='ocrx_word' id='word_1_168' title='bbox 1888 1715 1954 1778; x_wconf 85' lang='lat' dir='ltr'>of</span> <span class='ocrx_word' id='word_1_169' title='bbox 1975 1715 2223 1779; x_wconf 80' lang='lat' dir='ltr'>England</span> 
     </span>
    </p>
   </div>
   <div class='ocr_carea' id='block_1_4' title="bbox 412 1840 2421 1959">
    <p class='ocr_par' dir='ltr' id='par_1_6' title="bbox 412 1840 2421 1959">
     <span class='ocr_line' id='line_1_19' title="bbox 523 1840 2421 1894; baseline -0.001 -9"><span class='ocrx_word' id='word_1_170' title='bbox 523 1847 781 1886; x_wconf 72' lang='lat' dir='ltr'>DIGNISSIME</span> <span class='ocrx_word' id='word_1_171' title='bbox 809 1845 984 1893; x_wconf 92' lang='lat' dir='ltr'>domine,</span> <span class='ocrx_word' id='word_1_172' title='bbox 1016 1844 1192 1884; x_wconf 84' lang='lat' dir='ltr'>Domine</span> <span class='ocrx_word' id='word_1_173' title='bbox 1221 1841 1491 1891; x_wconf 79' lang='lat' dir='ltr'>Cancellarie3</span> <span class='ocrx_word' id='word_1_174' title='bbox 1520 1841 1724 1892; x_wconf 90' lang='lat' dir='ltr'>Principes</span> <span class='ocrx_word' id='word_1_175' title='bbox 1752 1840 2002 1881; x_wconf 90' lang='lat' dir='ltr'>illustrissimi</span> <span class='ocrx_word' id='word_1_176' title='bbox 2015 1855 2026 1890; x_wconf 73' lang='grc' dir='ltr'><strong><em>ς</em></strong></span> <span class='ocrx_word' id='word_1_177' title='bbox 2056 1841 2256 1894; x_wconf 88' lang='lat' dir='ltr'>ceterique</span> <span class='ocrx_word' id='word_1_178' title='bbox 2280 1855 2421 1883; x_wconf 61' lang='lat' dir='ltr'>omnes</span> 
     </span>
     <span class='ocr_line' id='line_1_20' title="bbox 412 1907 957 1959; baseline -0.004 -11"><span class='ocrx_word' id='word_1_179' title='bbox 412 1914 610 1959; x_wconf 92' lang='lat' dir='ltr'>quotquot</span> <span class='ocrx_word' id='word_1_180' title='bbox 638 1907 760 1948; x_wconf 93' lang='lat' dir='ltr'>hodie</span> <span class='ocrx_word' id='word_1_181' title='bbox 787 1907 957 1947; x_wconf 89' lang='lat' dir='ltr'>adestis:</span> 
     </span>
    </p>
   </div>
   <div class='ocr_carea' id='block_1_5' title="bbox 411 1973 2433 2647">
    <p class='ocr_par' dir='ltr' id='par_1_7' title="bbox 411 1973 2433 2647">
     <span class='ocr_line' id='line_1_21' title="bbox 521 1973 2419 2031; baseline -0.003 -11"><span class='ocrx_word' id='word_1_182' title='bbox 521 1979 714 2031; x_wconf 89' lang='lat' dir='ltr'>Principis</span> <span class='ocrx_word' id='word_1_183' title='bbox 748 1979 903 2028; x_wconf 84' lang='lat' dir='ltr'>nostri⁶,</span> <span class='ocrx_word' id='word_1_184' title='bbox 933 1981 1022 2031; x_wconf 91' lang='lat' dir='ltr'>plus</span> <span class='ocrx_word' id='word_1_185' title='bbox 1055 1991 1175 2029; x_wconf 89' lang='lat' dir='ltr'>quam</span> <span class='ocrx_word' id='word_1_186' title='bbox 1209 1977 1332 2017; x_wconf 89' lang='lat' dir='ltr'>semel</span> <span class='ocrx_word' id='word_1_187' title='bbox 1366 1975 1561 2015; x_wconf 90' lang='lat' dir='ltr'>Praesidis</span> <span class='ocrx_word' id='word_1_188' title='bbox 1595 1974 1667 2024; x_wconf 84' lang='lat' dir='ltr'>sui,</span> <span class='ocrx_word' id='word_1_189' title='bbox 1697 1974 1887 2026; x_wconf 84' lang='lat' dir='ltr'>auspicio,</span> <span class='ocrx_word' id='word_1_190' title='bbox 1917 1973 2152 2015; x_wconf 87' lang='lat' dir='ltr'>Cancellarii</span> <span class='ocrx_word' id='word_1_191' title='bbox 2174 1974 2318 2015; x_wconf 84' lang='lat' dir='ltr'>nostri⁷</span> <span class='ocrx_word' id='word_1_192' title='bbox 2343 1975 2419 2015; x_wconf 93' lang='lat' dir='ltr'>sub</span> 
     </span>
     <span class='ocr_line' id='line_1_22' title="bbox 412 2035 2418 2093; baseline -0.002 -13"><span class='ocrx_word' id='word_1_193' title='bbox 412 2041 621 2092; x_wconf 86' lang='lat' dir='ltr'>praesidio,</span> <span class='ocrx_word' id='word_1_194' title='bbox 654 2041 823 2093; x_wconf 89' lang='lat' dir='ltr'>Regiam</span> <span class='ocrx_word' id='word_1_195' title='bbox 851 2041 1124 2092; x_wconf 88' lang='lat' dir='ltr'>Agricolarum</span> <span class='ocrx_word' id='word_1_196' title='bbox 1149 2038 1408 2089; x_wconf 88' lang='lat' dir='ltr'>Anglicorum</span> <span class='ocrx_word' id='word_1_197' title='bbox 1437 2036 1676 2076; x_wconf 91' lang='lat' dir='ltr'>Societatem</span> <span class='ocrx_word' id='word_1_198' title='bbox 1704 2035 2000 2087; x_wconf 89' lang='lat' dir='ltr'>Cantabrigiam</span> <span class='ocrx_word' id='word_1_199' title='bbox 2026 2037 2161 2076; x_wconf 92' lang='lat' dir='ltr'>denuo</span> <span class='ocrx_word' id='word_1_200' title='bbox 2184 2036 2418 2076; x_wconf 88' lang='lat' dir='ltr'>invisentem</span> 
     </span>
     <span class='ocr_line' id='line_1_23' title="bbox 412 2098 2419 2150; baseline -0.002 -7"><span class='ocrx_word' id='word_1_201' title='bbox 412 2103 655 2143; x_wconf 87' lang='lat' dir='ltr'>Academiae</span> <span class='ocrx_word' id='word_1_202' title='bbox 678 2103 800 2143; x_wconf 92' lang='lat' dir='ltr'>totius</span> <span class='ocrx_word' id='word_1_203' title='bbox 826 2103 989 2143; x_wconf 88' lang='lat' dir='ltr'>nomine</span> <span class='ocrx_word' id='word_1_204' title='bbox 1015 2102 1198 2142; x_wconf 91' lang='lat' dir='ltr'>iubemus</span> <span class='ocrx_word' id='word_1_205' title='bbox 1227 2103 1385 2140; x_wconf 89' lang='lat' dir='ltr'>salvere.</span> <span class='ocrx_word' id='word_1_206' title='bbox 1446 2101 1541 2150; x_wconf 88' lang='lat' dir='ltr'>Ipso</span> <span class='ocrx_word' id='word_1_207' title='bbox 1570 2098 1703 2138; x_wconf 90' lang='lat' dir='ltr'>Tullio</span> <span class='ocrx_word' id='word_1_208' title='bbox 1728 2106 1889 2138; x_wconf 85' lang='lat' dir='ltr'>auctore</span> <span class='ocrx_word' id='word_1_209' title='bbox 1908 2098 2102 2147; x_wconf 90' lang='lat' dir='ltr'>novimus,</span> <span class='ocrx_word' id='word_1_210' title='bbox 2123 2098 2295 2150; x_wconf 91' lang='lat' dir='ltr'>primum</span> <span class='ocrx_word' id='word_1_211' title='bbox 2321 2099 2419 2139; x_wconf 91' lang='lat' dir='ltr'>nihil</span> 
     </span>
     <span class='ocr_line' id='line_1_24' title="bbox 412 2159 2420 2216; baseline -0.002 -12"><span class='ocrx_word' id='word_1_212' title='bbox 412 2164 674 2216; x_wconf 91' lang='lat' dir='ltr'>Xenophonti</span> <span class='ocrx_word' id='word_1_213' title='bbox 696 2172 777 2204; x_wconf 90' lang='lat' dir='ltr'>tam</span> <span class='ocrx_word' id='word_1_214' title='bbox 806 2166 934 2216; x_wconf 85' lang='lat' dir='ltr'>regale</span> <span class='ocrx_word' id='word_1_215' title='bbox 961 2164 1087 2204; x_wconf 91' lang='lat' dir='ltr'>visum</span> <span class='ocrx_word' id='word_1_216' title='bbox 1113 2177 1200 2203; x_wconf 91' lang='lat' dir='ltr'>esse</span> <span class='ocrx_word' id='word_1_217' title='bbox 1226 2175 1346 2214; x_wconf 90' lang='lat' dir='ltr'>quam</span> <span class='ocrx_word' id='word_1_218' title='bbox 1373 2161 1547 2201; x_wconf 86' lang='lat' dir='ltr'>studium</span> <span class='ocrx_word' id='word_1_219' title='bbox 1573 2160 1654 2212; x_wconf 88' lang='lat' dir='ltr'>agri</span> <span class='ocrx_word' id='word_1_220' title='bbox 1680 2161 1838 2200; x_wconf 90' lang='lat' dir='ltr'>colendi</span> <span class='ocrx_word' id='word_1_221' title='bbox 1851 2174 1862 2209; x_wconf 87' lang='lat'>;</span> <span class='ocrx_word' id='word_1_222' title='bbox 1891 2159 2038 2200; x_wconf 91' lang='lat' dir='ltr'>deinde</span> <span class='ocrx_word' id='word_1_223' title='bbox 2057 2160 2266 2200; x_wconf 89' lang='lat' dir='ltr'>hominum</span> <span class='ocrx_word' id='word_1_224' title='bbox 2285 2160 2420 2212; x_wconf 89' lang='lat' dir='ltr'>generi</span> 
     </span>
     <span class='ocr_line' id='line_1_25' title="bbox 412 2223 2420 2279; baseline -0.001 -13"><span class='ocrx_word' id='word_1_225' title='bbox 412 2228 596 2267; x_wconf 91' lang='lat' dir='ltr'>universo</span> <span class='ocrx_word' id='word_1_226' title='bbox 629 2228 822 2266; x_wconf 90' lang='lat' dir='ltr'>culturam</span> <span class='ocrx_word' id='word_1_227' title='bbox 853 2240 1035 2279; x_wconf 89' lang='lat' dir='ltr'>agrorum</span> <span class='ocrx_word' id='word_1_228' title='bbox 1066 2239 1152 2266; x_wconf 91' lang='lat' dir='ltr'>esse</span> <span class='ocrx_word' id='word_1_229' title='bbox 1182 2227 1392 2265; x_wconf 88' lang='lat' dir='ltr'>salutarem</span> <span class='ocrx_word' id='word_1_230' title='bbox 1405 2238 1417 2273; x_wconf 89' lang='lat'>;</span> <span class='ocrx_word' id='word_1_231' title='bbox 1450 2223 1624 2274; x_wconf 90' lang='lat' dir='ltr'>denique</span> <span class='ocrx_word' id='word_1_232' title='bbox 1650 2223 1830 2263; x_wconf 90' lang='lat' dir='ltr'>omnium</span> <span class='ocrx_word' id='word_1_233' title='bbox 1861 2237 1990 2263; x_wconf 90' lang='lat' dir='ltr'>rerum</span> <span class='ocrx_word' id='word_1_234' title='bbox 2020 2237 2068 2263; x_wconf 89' lang='lat' dir='ltr'>ex</span> <span class='ocrx_word' id='word_1_235' title='bbox 2096 2223 2241 2275; x_wconf 89' lang='lat' dir='ltr'>quibus</span> <span class='ocrx_word' id='word_1_236' title='bbox 2268 2223 2420 2276; x_wconf 88' lang='lat' dir='ltr'>aliquid</span> 
     </span>
     <span class='ocr_line' id='line_1_26' title="bbox 411 2284 2420 2339; baseline -0.001 -11"><span class='ocrx_word' id='word_1_237' title='bbox 411 2287 650 2339; x_wconf 87' lang='lat' dir='ltr'>adquiratur,</span> <span class='ocrx_word' id='word_1_238' title='bbox 681 2288 780 2327; x_wconf 91' lang='lat' dir='ltr'>nihil</span> <span class='ocrx_word' id='word_1_239' title='bbox 807 2301 893 2328; x_wconf 91' lang='lat' dir='ltr'>esse</span> <span class='ocrx_word' id='word_1_240' title='bbox 918 2287 998 2339; x_wconf 89' lang='lat' dir='ltr'>agri</span> <span class='ocrx_word' id='word_1_241' title='bbox 1024 2288 1177 2327; x_wconf 88' lang='lat' dir='ltr'>cultura</span> <span class='ocrx_word' id='word_1_242' title='bbox 1202 2286 1353 2334; x_wconf 91' lang='lat' dir='ltr'>melius,</span> <span class='ocrx_word' id='word_1_243' title='bbox 1384 2285 1483 2324; x_wconf 92' lang='lat' dir='ltr'>nihil</span> <span class='ocrx_word' id='word_1_244' title='bbox 1511 2285 1678 2333; x_wconf 91' lang='lat' dir='ltr'>dulcius,</span> <span class='ocrx_word' id='word_1_245' title='bbox 1703 2284 1803 2324; x_wconf 92' lang='lat' dir='ltr'>nihil</span> <span class='ocrx_word' id='word_1_246' title='bbox 1830 2284 1994 2325; x_wconf 89' lang='lat' dir='ltr'>homine</span> <span class='ocrx_word' id='word_1_247' title='bbox 2019 2284 2207 2336; x_wconf 82' lang='lat' dir='ltr'>dignius⁸.</span> <span class='ocrx_word' id='word_1_248' title='bbox 2264 2286 2420 2327; x_wconf 89' lang='lat' dir='ltr'>Salvete</span> 
     </span>
     <span class='ocr_line' id='line_1_27' title="bbox 412 2344 2421 2400; baseline 0 -13"><span class='ocrx_word' id='word_1_249' title='bbox 412 2348 529 2400; x_wconf 90' lang='lat' dir='ltr'>igitur</span> <span class='ocrx_word' id='word_1_250' title='bbox 547 2349 666 2390; x_wconf 90' lang='lat' dir='ltr'>studii</span> <span class='ocrx_word' id='word_1_251' title='bbox 686 2357 767 2389; x_wconf 90' lang='lat' dir='ltr'>tam</span> <span class='ocrx_word' id='word_1_252' title='bbox 787 2349 975 2400; x_wconf 86' lang='lat' dir='ltr'>praeclari</span> <span class='ocrx_word' id='word_1_253' title='bbox 987 2349 1237 2400; x_wconf 88' lang='lat' dir='ltr'>professores,</span> <span class='ocrx_word' id='word_1_254' title='bbox 1254 2347 1322 2399; x_wconf 92' lang='lat' dir='ltr'>qui</span> <span class='ocrx_word' id='word_1_255' title='bbox 1337 2347 1377 2386; x_wconf 92' lang='lat' dir='ltr'>in</span> <span class='ocrx_word' id='word_1_256' title='bbox 1396 2346 1497 2398; x_wconf 90' lang='lat' dir='ltr'>agris</span> <span class='ocrx_word' id='word_1_257' title='bbox 1512 2345 1691 2385; x_wconf 90' lang='lat' dir='ltr'>colendis</span> <span class='ocrx_word' id='word_1_258' title='bbox 1706 2344 1911 2385; x_wconf 91' lang='lat' dir='ltr'>scientiam</span> <span class='ocrx_word' id='word_1_259' title='bbox 1926 2359 2019 2386; x_wconf 90' lang='lat' dir='ltr'>cum</span> <span class='ocrx_word' id='word_1_260' title='bbox 2038 2359 2112 2386; x_wconf 91' lang='lat' dir='ltr'>usu</span> <span class='ocrx_word' id='word_1_261' title='bbox 2127 2353 2167 2386; x_wconf 92' lang='lat' dir='ltr'>et</span> <span class='ocrx_word' id='word_1_262' title='bbox 2181 2345 2421 2398; x_wconf 88' lang='lat' dir='ltr'>experientia</span> 
     </span>
     <span class='ocr_line' id='line_1_28' title="bbox 413 2409 2433 2463; baseline -0 -12"><span class='ocrx_word' id='word_1_263' title='bbox 413 2411 669 2452; x_wconf 91' lang='lat' dir='ltr'>coniunctam</span> <span class='ocrx_word' id='word_1_264' title='bbox 706 2411 975 2463; x_wconf 82' lang='lat' dir='ltr'>profitemini⁹.</span> <span class='ocrx_word' id='word_1_265' title='bbox 1033 2414 1128 2460; x_wconf 93' lang='lat' dir='ltr'>Vos,</span> <span class='ocrx_word' id='word_1_266' title='bbox 1164 2411 1306 2462; x_wconf 90' lang='lat' dir='ltr'>segetis</span> <span class='ocrx_word' id='word_1_267' title='bbox 1340 2412 1466 2450; x_wconf 84' lang='lat' dir='ltr'>laetae</span> <span class='ocrx_word' id='word_1_268' title='bbox 1502 2409 1543 2448; x_wconf 93' lang='lat' dir='ltr'>in</span> <span class='ocrx_word' id='word_1_269' title='bbox 1581 2409 1866 2461; x_wconf 85' lang='lat' dir='ltr'>expectatione,</span> <span class='ocrx_word' id='word_1_270' title='bbox 1902 2410 2050 2450; x_wconf 89' lang='lat' dir='ltr'>telluris</span> <span class='ocrx_word' id='word_1_271' title='bbox 2081 2409 2231 2462; x_wconf 90' lang='lat' dir='ltr'>gremio</span> <span class='ocrx_word' id='word_1_272' title='bbox 2268 2411 2433 2458; x_wconf 42' lang='lat' dir='ltr'>semina,</span> 
     </span>
     <span class='ocr_line' id='line_1_29' title="bbox 412 2470 2421 2523; baseline -0 -11"><span class='ocrx_word' id='word_1_273' title='bbox 412 2472 571 2513; x_wconf 89' lang='lat' dir='ltr'>creditis</span> <span class='ocrx_word' id='word_1_274' title='bbox 583 2486 595 2521; x_wconf 81' lang='lat'>3</span> <span class='ocrx_word' id='word_1_275' title='bbox 631 2486 715 2521; x_wconf 89' lang='lat' dir='ltr'>nOS‚</span> <span class='ocrx_word' id='word_1_276' title='bbox 749 2486 831 2513; x_wconf 88' lang='lat' dir='ltr'>non</span> <span class='ocrx_word' id='word_1_277' title='bbox 866 2473 1018 2513; x_wconf 92' lang='lat' dir='ltr'>minore</span> <span class='ocrx_word' id='word_1_278' title='bbox 1047 2486 1138 2512; x_wconf 92' lang='lat' dir='ltr'>cum</span> <span class='ocrx_word' id='word_1_279' title='bbox 1173 2485 1254 2523; x_wconf 93' lang='lat' dir='ltr'>spe,</span> <span class='ocrx_word' id='word_1_280' title='bbox 1285 2470 1500 2511; x_wconf 92' lang='lat' dir='ltr'>iuventutis</span> <span class='ocrx_word' id='word_1_281' title='bbox 1530 2478 1688 2511; x_wconf 89' lang='lat' dir='ltr'>nostrae</span> <span class='ocrx_word' id='word_1_282' title='bbox 1712 2470 1754 2510; x_wconf 91' lang='lat' dir='ltr'>in</span> <span class='ocrx_word' id='word_1_283' title='bbox 1785 2470 1985 2511; x_wconf 91' lang='lat' dir='ltr'>mentibus</span> <span class='ocrx_word' id='word_1_284' title='bbox 2015 2470 2219 2511; x_wconf 89' lang='lat' dir='ltr'>doctrinae</span> <span class='ocrx_word' id='word_1_285' title='bbox 2243 2471 2421 2522; x_wconf 90' lang='lat' dir='ltr'>germina</span> 
     </span>
     <span class='ocr_line' id='line_1_30' title="bbox 412 2532 2421 2587; baseline -0.001 -12"><span class='ocrx_word' id='word_1_286' title='bbox 412 2535 583 2576; x_wconf 90' lang='lat' dir='ltr'>inserere</span> <span class='ocrx_word' id='word_1_287' title='bbox 629 2550 830 2576; x_wconf 89' lang='lat' dir='ltr'>conamur.</span> <span class='ocrx_word' id='word_1_288' title='bbox 888 2539 984 2585; x_wconf 92' lang='lat' dir='ltr'>Vos,</span> <span class='ocrx_word' id='word_1_289' title='bbox 1023 2536 1065 2575; x_wconf 92' lang='lat' dir='ltr'>in</span> <span class='ocrx_word' id='word_1_290' title='bbox 1102 2549 1284 2587; x_wconf 90' lang='lat' dir='ltr'>agrorum</span> <span class='ocrx_word' id='word_1_291' title='bbox 1321 2535 1474 2574; x_wconf 84' lang='lat' dir='ltr'>cultura</span> <span class='ocrx_word' id='word_1_292' title='bbox 1510 2533 1699 2573; x_wconf 86' lang='lat' dir='ltr'>scientiae</span> <span class='ocrx_word' id='word_1_293' title='bbox 1735 2534 1871 2573; x_wconf 90' lang='lat' dir='ltr'>lumen</span> <span class='ocrx_word' id='word_1_294' title='bbox 1909 2546 1979 2584; x_wconf 91' lang='lat' dir='ltr'>per</span> <span class='ocrx_word' id='word_1_295' title='bbox 2014 2532 2182 2584; x_wconf 86' lang='lat' dir='ltr'>Angliae</span> <span class='ocrx_word' id='word_1_296' title='bbox 2218 2546 2306 2572; x_wconf 88' lang='lat' dir='ltr'>rura</span> <span class='ocrx_word' id='word_1_297' title='bbox 2342 2533 2421 2573; x_wconf 82' lang='lat' dir='ltr'>late</span> 
     </span>
     <span class='ocr_line' id='line_1_31' title="bbox 414 2593 2422 2647; baseline -0.001 -11"><span class='ocrx_word' id='word_1_298' title='bbox 414 2596 660 2647; x_wconf 86' lang='lat' dir='ltr'>diffunditis;</span> <span class='ocrx_word' id='word_1_299' title='bbox 706 2611 790 2646; x_wconf 92' lang='lat' dir='ltr'>nos,</span> <span class='ocrx_word' id='word_1_300' title='bbox 831 2597 933 2637; x_wconf 90' lang='lat' dir='ltr'>inter</span> <span class='ocrx_word' id='word_1_301' title='bbox 979 2596 1223 2637; x_wconf 91' lang='lat' dir='ltr'>Academiae</span> <span class='ocrx_word' id='word_1_302' title='bbox 1269 2603 1427 2635; x_wconf 88' lang='lat' dir='ltr'>nostrae</span> <span class='ocrx_word' id='word_1_303' title='bbox 1468 2594 1645 2643; x_wconf 90' lang='lat' dir='ltr'>numina,</span> <span class='ocrx_word' id='word_1_304' title='bbox 1684 2594 1803 2634; x_wconf 88' lang='lat' dir='ltr'>etiam</span> <span class='ocrx_word' id='word_1_305' title='bbox 1841 2593 1916 2645; x_wconf 91' lang='lat' dir='ltr'>ipsi</span> <span class='ocrx_word' id='word_1_306' title='bbox 1954 2593 2088 2635; x_wconf 85' lang='lat' dir='ltr'>Cereri</span> <span class='ocrx_word' id='word_1_307' title='bbox 2124 2595 2258 2634; x_wconf 90' lang='lat' dir='ltr'>locum</span> <span class='ocrx_word' id='word_1_308' title='bbox 2295 2607 2422 2646; x_wconf 90' lang='lat' dir='ltr'>nuper</span> 
     </span>
    </p>
   </div>
   <div class='ocr_carea' id='block_1_6' title="bbox 413 2700 2424 3178">
    <p class='ocr_par' dir='ltr' id='par_1_8' title="bbox 413 2700 2420 3009">
     <span class='ocr_line' id='line_1_32' title="bbox 454 2700 2419 2760; baseline -0.002 -23"><span class='ocrx_word' id='word_1_309' title='bbox 454 2748 460 2755; x_wconf 40' lang='lat'>¹</span> <span class='ocrx_word' id='word_1_310' title='bbox 489 2704 512 2755; x_wconf 34' lang='lat'>‘¹</span> <span class='ocrx_word' id='word_1_311' title='bbox 542 2706 576 2737; x_wconf 87' lang='lat' dir='ltr'><em>T</em></span> <span class='ocrx_word' id='word_1_312' title='bbox 569 2706 608 2737; x_wconf 73' lang='lat' dir='ltr'>he</span> <span class='ocrx_word' id='word_1_313' title='bbox 622 2706 791 2748; x_wconf 85' lang='lat' dir='ltr'>Influence</span> <span class='ocrx_word' id='word_1_314' title='bbox 802 2705 843 2754; x_wconf 70' lang='lat' dir='ltr'>of</span> <span class='ocrx_word' id='word_1_315' title='bbox 856 2705 917 2736; x_wconf 88' lang='lat' dir='ltr'>Sea</span> <span class='ocrx_word' id='word_1_316' title='bbox 931 2705 1048 2754; x_wconf 57' lang='lat' dir='ltr'>Powef</span> <span class='ocrx_word' id='word_1_317' title='bbox 1068 2709 1155 2746; x_wconf 84' lang='lat' dir='ltr'>upon</span> <span class='ocrx_word' id='word_1_318' title='bbox 1176 2703 1326 2745; x_wconf 72' lang='lat' dir='ltr'>History,</span> <span class='ocrx_word' id='word_1_319' title='bbox 1348 2704 1441 2745; x_wconf 89' lang='lat'>1890.</span> <span class='ocrx_word' id='word_1_320' title='bbox 1581 2700 1596 2722; x_wconf 78' lang='lat'>²</span> <span class='ocrx_word' id='word_1_321' title='bbox 1619 2706 1627 2720; x_wconf 89' lang='lat'>‘</span> <span class='ocrx_word' id='word_1_322' title='bbox 1639 2702 1728 2752; x_wconf 77' lang='lat' dir='ltr'>That</span> <span class='ocrx_word' id='word_1_323' title='bbox 1744 2701 1908 2760; x_wconf 72' lang='lat' dir='ltr'>maritime</span> <span class='ocrx_word' id='word_1_324' title='bbox 1923 2701 2180 2744; x_wconf 87' lang='lat' dir='ltr'>predominance</span> <span class='ocrx_word' id='word_1_325' title='bbox 2191 2701 2305 2751; x_wconf 34' lang='lat' dir='ltr'>‘which</span> <span class='ocrx_word' id='word_1_326' title='bbox 2319 2700 2347 2734; x_wconf 89' lang='lat' dir='ltr'>is</span> <span class='ocrx_word' id='word_1_327' title='bbox 2362 2700 2419 2751; x_wconf 64' lang='lat' dir='ltr'>the</span> 
     </span>
     <span class='ocr_line' id='line_1_33' title="bbox 414 2744 2420 2834; baseline -0.002 -10"><span class='ocrx_word' id='word_1_328' title='bbox 414 2744 2420 2834; x_wconf 42' lang='lat' dir='ltr'>ssffissssiffsz⁶0⁰3ffi1i⁰¹31²¹23232⁵23ffi1333552}ssssss022331110132313253123312}&amp;32313‘22555313‘5133355</span> 
     </span>
     <span class='ocr_line' id='line_1_34' title="bbox 413 2830 2420 2877; baseline -0.002 -11"><span class='ocrx_word' id='word_1_329' title='bbox 413 2833 427 2854; x_wconf 85' lang='lat'><strong>³</strong></span> <span class='ocrx_word' id='word_1_330' title='bbox 451 2837 459 2852; x_wconf 88' lang='lat'>‘</span> <span class='ocrx_word' id='word_1_331' title='bbox 472 2835 513 2866; x_wconf 91' lang='lat' dir='ltr'>In</span> <span class='ocrx_word' id='word_1_332' title='bbox 534 2835 752 2877; x_wconf 85' lang='lat' dir='ltr'>maintaining</span> <span class='ocrx_word' id='word_1_333' title='bbox 771 2835 828 2867; x_wconf 89' lang='lat' dir='ltr'>the</span> <span class='ocrx_word' id='word_1_334' title='bbox 847 2835 997 2876; x_wconf 90' lang='lat' dir='ltr'>strength</span> <span class='ocrx_word' id='word_1_335' title='bbox 1019 2834 1057 2866; x_wconf 90' lang='lat' dir='ltr'>of</span> <span class='ocrx_word' id='word_1_336' title='bbox 1075 2835 1132 2866; x_wconf 89' lang='lat' dir='ltr'>the</span> <span class='ocrx_word' id='word_1_337' title='bbox 1152 2833 1275 2866; x_wconf 89' lang='lat' dir='ltr'>British</span> <span class='ocrx_word' id='word_1_338' title='bbox 1296 2833 1396 2874; x_wconf 90' lang='lat' dir='ltr'>Navy</span> <span class='ocrx_word' id='word_1_339' title='bbox 1416 2832 1476 2865; x_wconf 91' lang='lat' dir='ltr'>lies</span> <span class='ocrx_word' id='word_1_340' title='bbox 1494 2843 1558 2864; x_wconf 87' lang='lat' dir='ltr'>one</span> <span class='ocrx_word' id='word_1_341' title='bbox 1574 2832 1613 2864; x_wconf 82' lang='lat' dir='ltr'>os</span> <span class='ocrx_word' id='word_1_342' title='bbox 1631 2832 1688 2864; x_wconf 89' lang='lat' dir='ltr'>the</span> <span class='ocrx_word' id='word_1_343' title='bbox 1702 2832 1775 2863; x_wconf 90' lang='lat' dir='ltr'>best</span> <span class='ocrx_word' id='word_1_344' title='bbox 1791 2831 1896 2874; x_wconf 88' lang='lat' dir='ltr'>hopes</span> <span class='ocrx_word' id='word_1_345' title='bbox 1910 2831 1961 2863; x_wconf 87' lang='lat' dir='ltr'>for</span> <span class='ocrx_word' id='word_1_346' title='bbox 1976 2831 2033 2863; x_wconf 89' lang='lat' dir='ltr'>the</span> <span class='ocrx_word' id='word_1_347' title='bbox 2048 2841 2150 2873; x_wconf 86' lang='lat' dir='ltr'>peace</span> <span class='ocrx_word' id='word_1_348' title='bbox 2165 2831 2203 2863; x_wconf 81' lang='lat' dir='ltr'>of</span> <span class='ocrx_word' id='word_1_349' title='bbox 2221 2831 2279 2863; x_wconf 87' lang='lat' dir='ltr'>the</span> <span class='ocrx_word' id='word_1_350' title='bbox 2293 2830 2399 2863; x_wconf 88' lang='lat' dir='ltr'>world</span> <span class='ocrx_word' id='word_1_351' title='bbox 2411 2830 2420 2845; x_wconf 89' lang='lat'>’</span> 
     </span>
     <span class='ocr_line' id='line_1_35' title="bbox 416 2874 2417 2927; baseline -0.001 -18"><span class='ocrx_word' id='word_1_352' title='bbox 416 2877 513 2927; x_wconf 76' lang='lat' dir='ltr'>(from</span> <span class='ocrx_word' id='word_1_353' title='bbox 530 2878 673 2921; x_wconf 88' lang='lat' dir='ltr'>Captain</span> <span class='ocrx_word' id='word_1_354' title='bbox 689 2877 844 2910; x_wconf 87' lang='lat' dir='ltr'>Mahan&#39;s</span> <span class='ocrx_word' id='word_1_355' title='bbox 859 2876 978 2920; x_wconf 90' lang='lat' dir='ltr'>reply).</span> <span class='ocrx_word' id='word_1_356' title='bbox 1112 2875 1127 2897; x_wconf 82' lang='lat'><strong>⁴</strong></span> <span class='ocrx_word' id='word_1_357' title='bbox 1150 2878 1296 2914; x_wconf 88' lang='lat' dir='ltr'>Horace,</span> <span class='ocrx_word' id='word_1_358' title='bbox 1316 2877 1429 2909; x_wconf 77' lang='lat' dir='ltr'>Carm-</span> <span class='ocrx_word' id='word_1_359' title='bbox 1446 2876 1457 2907; x_wconf 92' lang='lat' dir='ltr'>i</span> <span class='ocrx_word' id='word_1_360' title='bbox 1473 2886 1504 2917; x_wconf 83' lang='lat'>3,</span> <span class='ocrx_word' id='word_1_361' title='bbox 1523 2886 1573 2908; x_wconf 81' lang='lat'>22.</span> <span class='ocrx_word' id='word_1_362' title='bbox 1712 2874 1726 2894; x_wconf 79' lang='lat'>¹⁵</span> <span class='ocrx_word' id='word_1_363' title='bbox 1748 2875 1781 2906; x_wconf 94' lang='lat' dir='ltr'>A</span> <span class='ocrx_word' id='word_1_364' title='bbox 1796 2874 1972 2916; x_wconf 90' lang='lat' dir='ltr'>rendering</span> <span class='ocrx_word' id='word_1_365' title='bbox 1987 2875 2026 2907; x_wconf 89' lang='lat' dir='ltr'>of</span> <span class='ocrx_word' id='word_1_366' title='bbox 2036 2885 2101 2907; x_wconf 89' lang='lat' dir='ltr'>one</span> <span class='ocrx_word' id='word_1_367' title='bbox 2116 2874 2154 2906; x_wconf 77' lang='lat' dir='ltr'>of</span> <span class='ocrx_word' id='word_1_368' title='bbox 2164 2874 2222 2907; x_wconf 89' lang='lat' dir='ltr'>the</span> <span class='ocrx_word' id='word_1_369' title='bbox 2237 2878 2325 2906; x_wconf 85' lang='lat' dir='ltr'>most</span> <span class='ocrx_word' id='word_1_370' title='bbox 2339 2884 2417 2906; x_wconf 91' lang='lat' dir='ltr'>con-</span> 
     </span>
     <span class='ocr_line' id='line_1_36' title="bbox 413 2921 1875 3009; baseline -0.003 -13"><span class='ocrx_word' id='word_1_371' title='bbox 413 2931 566 2963; x_wconf 62' lang='lat' dir='ltr'>Spoeuous</span> <span class='ocrx_word' id='word_1_372' title='bbox 582 2927 725 2954; x_wconf 53' lang='lat' dir='ltr'>mounes</span> <span class='ocrx_word' id='word_1_373' title='bbox 740 2926 773 2953; x_wconf 64' lang='lat' dir='ltr'>at</span> <span class='ocrx_word' id='word_1_374' title='bbox 789 2921 846 2954; x_wconf 69' lang='lat' dir='ltr'>the</span> <span class='ocrx_word' id='word_1_375' title='bbox 861 2922 1073 2995; x_wconf 43' lang='lat' dir='ltr'>banqnwfigl</span> <span class='ocrx_word' id='word_1_376' title='bbox 1093 2963 1168 2995; x_wconf 92' lang='lat' dir='ltr'>love</span> <span class='ocrx_word' id='word_1_377' title='bbox 1190 2962 1308 2998; x_wconf 86' lang='lat' dir='ltr'>unites,</span> <span class='ocrx_word' id='word_1_378' title='bbox 1333 2962 1419 2994; x_wconf 93' lang='lat' dir='ltr'>wide</span> <span class='ocrx_word' id='word_1_379' title='bbox 1442 2971 1541 3003; x_wconf 87' lang='lat' dir='ltr'>space</span> <span class='ocrx_word' id='word_1_380' title='bbox 1564 2961 1693 2992; x_wconf 88' lang='lat' dir='ltr'>divides</span> <span class='ocrx_word' id='word_1_381' title='bbox 1715 2960 1750 2992; x_wconf 92' lang='lat' dir='ltr'>in</span> <span class='ocrx_word' id='word_1_382' title='bbox 1773 2960 1875 3009; x_wconf 42' lang='lat' dir='ltr'>vain,-</span> 
     </span>
    </p>

    <p class='ocr_par' dir='ltr' id='par_1_9' title="bbox 954 3003 1934 3048">
     <span class='ocr_line' id='line_1_37' title="bbox 954 3003 1934 3048; baseline -0.003 -10"><span class='ocrx_word' id='word_1_383' title='bbox 954 3007 1033 3039; x_wconf 86' lang='lat' dir='ltr'>And</span> <span class='ocrx_word' id='word_1_384' title='bbox 1056 3006 1163 3038; x_wconf 87' lang='lat' dir='ltr'>hands</span> <span class='ocrx_word' id='word_1_385' title='bbox 1187 3017 1262 3047; x_wconf 91' lang='lat' dir='ltr'>may</span> <span class='ocrx_word' id='word_1_386' title='bbox 1284 3006 1377 3048; x_wconf 90' lang='lat' dir='ltr'>clasp</span> <span class='ocrx_word' id='word_1_387' title='bbox 1399 3014 1510 3037; x_wconf 86' lang='lat' dir='ltr'>across</span> <span class='ocrx_word' id='word_1_388' title='bbox 1532 3004 1588 3036; x_wconf 91' lang='lat' dir='ltr'>the</span> <span class='ocrx_word' id='word_1_389' title='bbox 1611 3003 1789 3046; x_wconf 87' lang='lat' dir='ltr'>spreading</span> <span class='ocrx_word' id='word_1_390' title='bbox 1810 3013 1901 3036; x_wconf 87' lang='lat' dir='ltr'>mam</span> <span class='ocrx_word' id='word_1_391' title='bbox 1914 3004 1934 3035; x_wconf 88' lang='lat'>&#39;.</span> 
     </span>
    </p>

    <p class='ocr_par' dir='ltr' id='par_1_10' title="bbox 414 3045 2424 3178">
     <span class='ocr_line' id='line_1_38' title="bbox 414 3045 2424 3089; baseline -0.001 -8"><span class='ocrx_word' id='word_1_392' title='bbox 414 3047 429 3069; x_wconf 82' lang='lat'>⁶</span> <span class='ocrx_word' id='word_1_393' title='bbox 453 3050 603 3082; x_wconf 89' lang='lat' dir='ltr'><strong>H.R.H.</strong></span> <span class='ocrx_word' id='word_1_394' title='bbox 620 3050 740 3083; x_wconf 87' lang='lat' dir='ltr'>Albert</span> <span class='ocrx_word' id='word_1_395' title='bbox 757 3050 914 3089; x_wconf 88' lang='lat' dir='ltr'>Edward,</span> <span class='ocrx_word' id='word_1_396' title='bbox 934 3050 1052 3082; x_wconf 89' lang='lat' dir='ltr'>Prince</span> <span class='ocrx_word' id='word_1_397' title='bbox 1068 3049 1106 3081; x_wconf 92' lang='lat' dir='ltr'>of</span> <span class='ocrx_word' id='word_1_398' title='bbox 1116 3049 1238 3081; x_wconf 90' lang='lat' dir='ltr'>Wales.</span> <span class='ocrx_word' id='word_1_399' title='bbox 1446 3046 1460 3067; x_wconf 89' lang='lat'>⁷</span> <span class='ocrx_word' id='word_1_400' title='bbox 1484 3047 1549 3080; x_wconf 91' lang='lat' dir='ltr'>His</span> <span class='ocrx_word' id='word_1_401' title='bbox 1565 3047 1673 3079; x_wconf 83' lang='lat' dir='ltr'>Grace</span> <span class='ocrx_word' id='word_1_402' title='bbox 1690 3047 1852 3089; x_wconf 90' lang='lat' dir='ltr'>(Spencer</span> <span class='ocrx_word' id='word_1_403' title='bbox 1866 3045 2050 3088; x_wconf 84' lang='lat' dir='ltr'>compton)</span> <span class='ocrx_word' id='word_1_404' title='bbox 2066 3046 2123 3079; x_wconf 88' lang='lat' dir='ltr'>the</span> <span class='ocrx_word' id='word_1_405' title='bbox 2138 3046 2253 3088; x_wconf 86' lang='lat' dir='ltr'>eighth</span> <span class='ocrx_word' id='word_1_406' title='bbox 2269 3045 2370 3078; x_wconf 87' lang='lat' dir='ltr'>Duke</span> <span class='ocrx_word' id='word_1_407' title='bbox 2385 3045 2424 3078; x_wconf 80' lang='lat' dir='ltr'>of</span> 
     </span>
     <span class='ocr_line' id='line_1_39' title="bbox 416 3088 2419 3178; baseline -0.001 -54"><span class='ocrx_word' id='word_1_408' title='bbox 416 3092 644 3168; x_wconf 47' lang='grc' dir='ltr'>Ξὲἴᾷῃὲῗίἔὲὲ</span> <span class='ocrx_word' id='word_1_409' title='bbox 662 3092 939 3178; x_wconf 59' lang='lat' dir='ltr'>Societ;.Cicer⁰&#39;</span> <span class='ocrx_word' id='word_1_410' title='bbox 955 3094 1009 3125; x_wconf 85' lang='lat' dir='ltr'>De</span> <span class='ocrx_word' id='word_1_411' title='bbox 1022 3094 1198 3132; x_wconf 79' lang='lat' dir='ltr'>Senectute,</span> <span class='ocrx_word' id='word_1_412' title='bbox 1219 3102 1260 3135; x_wconf 88' lang='lat'>59</span> <span class='ocrx_word' id='word_1_413' title='bbox 1275 3091 1343 3124; x_wconf 85' lang='lat' dir='ltr'>and</span> <span class='ocrx_word' id='word_1_414' title='bbox 1360 3090 1420 3132; x_wconf 86' lang='lat'>56;</span> <span class='ocrx_word' id='word_1_415' title='bbox 1444 3091 1498 3123; x_wconf 83' lang='lat' dir='ltr'>De</span> <span class='ocrx_word' id='word_1_416' title='bbox 1516 3090 1648 3133; x_wconf 79' lang='lat' dir='ltr'>Officiis,</span> <span class='ocrx_word' id='word_1_417' title='bbox 1669 3089 1680 3123; x_wconf 93' lang='lat' dir='ltr'>i</span> <span class='ocrx_word' id='word_1_418' title='bbox 1699 3100 1769 3131; x_wconf 86' lang='lat'>¹51·</span> <span class='ocrx_word' id='word_1_419' title='bbox 1907 3089 1921 3110; x_wconf 81' lang='lat'>⁹</span> <span class='ocrx_word' id='word_1_420' title='bbox 1942 3090 2091 3122; x_wconf 78' lang='lat' dir='ltr'>Practice</span> <span class='ocrx_word' id='word_1_421' title='bbox 2107 3090 2189 3122; x_wconf 74' lang='lat' dir='ltr'>with</span> <span class='ocrx_word' id='word_1_422' title='bbox 2205 3089 2344 3127; x_wconf 76' lang='lat' dir='ltr'>Science,</span> <span class='ocrx_word' id='word_1_423' title='bbox 2360 3088 2419 3122; x_wconf 85' lang='lat' dir='ltr'>the</span> 
     </span>
    </p>
   </div>
   <div class='ocr_carea' id='block_1_7' title="bbox 1375 3218 1447 3244">
    <p class='ocr_par' dir='ltr' id='par_1_11' title="bbox 1375 3218 1447 3244">
     <span class='ocr_line' id='line_1_40' title="bbox 1375 3218 1447 3244; baseline -0.014 0"><span class='ocrx_word' id='word_1_424' title='bbox 1375 3218 1447 3244; x_wconf 90' lang='lat'>112</span> 
     </span>
    </p>
   </div>
   <div class='ocr_carea' id='block_1_8' title="bbox 2630 0 2704 115">
    <p class='ocr_par' dir='ltr' id='par_1_12' title="bbox 2630 0 2704 115">
     <span class='ocr_line' id='line_1_41' title="bbox 2630 0 2704 115; baseline 0 3655"><span class='ocrx_word' id='word_1_425' title='bbox 2630 0 2704 115; x_wconf 95' lang='lat' dir='ltr'> </span> 
     </span>
    </p>
   </div>
  </div>
 </body>
</html>
