2704 3770
563 282 660 332 Sir
692 282 930 331 Lovelace
966 283 1181 331 Stamer.
1242 284 1386 349 solzn
1410 285 1589 350 sames
1626 287 1870 336 Pullez'ne.

202 427 404 469 mlum
420 427 615 467 αὐιὶαίιζςῑ.
675 428 782 479 Ergo
807 441 939 468 rerum
964 435 1130 468 naturae
1155 435 1287 469 vatem
1313 436 1396 469 tam
1419 429 1632 482 egregium,
1655 430 1827 471 veritatis
1850 431 2124 484 indagatorem
2152 441 2233 474 tam

203 486 462 537 indefessum,
486 487 642 528 Artium
664 487 903 540 Magistrum
923 489 1065 529 merito
1085 503 1379 542 nuncupamus.

313 553 434 594 Duco
451 553 506 594 ad
525 566 596 593 vos
615 552 817 594 societatis
836 553 997 594 illustris
1016 567 1099 594 non
1119 553 1238 594 unius
1257 553 1425 602 socium,
1447 555 1771 596 ARCHIBALDUM
1794 557 2067 596 LIVERSIDGE.

1008 713 1037 759 8
1073 709 1262 759 March
1306 712 1431 759 1888

311 835 428 891 (126)
462 839 650 889 QUANTO
680 837 819 891 spiritu
852 836 1042 878 instincta
1075 843 1167 877 sunt
1200 836 1321 876 verba
1352 837 1418 876 illa
1450 850 1475 876 a
1507 841 1627 888 poeta
1662 838 1850 876 Romano
1886 835 1994 876 Ulixi
2027 838 2234 888 quondam

201 898 373 940 tributa:

611 956 730 994 ‘narn
758 967 885 1006 genus
913 961 954 994 et
981 966 1152 1006 proavos
1180 960 1221 993 et
1249 966 1353 1006 quae
1383 966 1465 992 non
1494 952 1663 993 fecimus
1691 951 1777 1004 ipsi,

634 1009 700 1049 vix
728 1022 776 1049 ea
804 1017 941 1049 nostra
968 1021 1071 1049 voco
1084 1008 1123 1048 '².

310 1083 407 1123 Non
425 1080 540 1122 aliter
557 1083 744 1123 alumnus
764 1082 829 1123 ille
847 1090 994 1131 noster,
1020 1095 1142 1134 quem
1161 1080 1408 1122 Academiae
1431 1079 1596 1120 nomine
1622 1081 1851 1128 salutamus,
1874 1094 2044 1132 proavos
2070 1079 2234 1132 quidem

200 1158 309 1194 suos,
341 1144 447 1186 viros
483 1145 616 1194 fortes,
657 1145 866 1187 nominare
903 1146 1025 1186 hodie
1063 1159 1139 1186 nos
1178 1144 1264 1185 sine
1302 1144 1429 1185 dubio
1466 1144 1626 1193 vetabit,
1667 1158 1786 1184 avum
1828 1153 1963 1185 tamen
2002 1153 2235 1197 patremque

200 1220 518 1248 commemorare
547 1208 714 1249 fortasse
746 1207 1155 1261 patietur,—patrem‚
1185 1207 1362 1259 inquam,
1396 1206 1563 1247 militem
1594 1207 1700 1247 bello
1729 1206 1926 1259 insignem
1935 1207 1958 1256 ⁸,
1988 1221 2108 1247 avum
2142 1220 2235 1247 vero

199 1269 311 1312 urbis
330 1270 593 1312 Dublinensis
613 1271 887 1324 magistratum
907 1285 1122 1322 summum,
1141 1271 1210 1325 qui
1232 1271 1439 1312 Hibernos
1459 1271 1556 1312 olim
1573 1273 1874 1321 tumultuantes,
1897 1285 1969 1311 sua
1988 1273 2232 1321 fortitudine,

199 1346 273 1375 sua
305 1334 592 1384 moderatione,
623 1348 696 1387 pro
724 1335 825 1375 virili
858 1343 969 1388 parte
999 1335 1279 1387 compescuit⁴.
1339 1336 1445 1387 Ipse,
1478 1348 1558 1386 qua
1589 1342 1649 1374 est
1679 1334 1887 1383 modestia,
1918 1334 2021 1374 inter
2048 1335 2234 1374 alumnos

199 1405 358 1439 nostros
390 1397 513 1438 fuisse
545 1398 682 1438 animo
713 1406 827 1451 grato
857 1400 1081 1448 confitetur,
1122 1397 1240 1439 Carni
1270 1411 1396 1450 prope
1426 1397 1532 1449 ripas
1564 1397 1713 1437 litteras
1747 1397 2004 1437 humaniores
2037 1396 2233 1443 dilexisse,

200 1458 402 1500 Trivonae
439 1459 480 1499 in
514 1459 692 1512 margine
724 1473 853 1501 annos
886 1460 1046 1513 triginta
1084 1460 1288 1500 laboribus
1319 1459 1439 1499 sacris
1469 1472 1633 1511 operam
1671 1458 1861 1499 dedisse⁶.
1921 1459 2008 1499 Illic
2042 1458 2236 1510 Episcopi

201 1521 521 1564 Lichfieldiensis
550 1523 843 1564 archidiaconis
875 1523 1111 1575 adscriptus,
1142 1523 1275 1564 eidem
1307 1536 1437 1575 nuper
1469 1522 1628 1562 adiutor
1661 1522 1780 1562 datus
1810 1529 1880 1570 est,
1913 1529 1952 1562 et
1980 1521 2236 1574 episcopatus

199 1586 355 1626 honore
387 1586 614 1626 cumulatus
652 1593 723 1627 est.
783 1587 998 1627 Laetamur
1035 1586 1216 1639 profecto
1254 1598 1346 1625 eum
1386 1584 1455 1636 qui
1491 1585 1638 1633 adhuc,
1671 1582 1943 1623 archidiaconi
1980 1583 2022 1622 in
2057 1596 2234 1632 munere,

199 1647 393 1701 episcopo
412 1661 486 1689 suo
506 1649 614 1689 velut
633 1651 775 1690 oculus
794 1649 952 1697 exstitit,
975 1649 1284 1702 provinciaeque
1304 1648 1381 1689 sibi
1396 1648 1571 1689 creditae
1591 1647 1771 1688 minister
1785 1647 1991 1699 perspicax
2005 1646 2233 1698 invigilavit,

199 1711 332 1764 ipsum
353 1713 518 1752 tandem
537 1725 726 1764 campum
746 1714 951 1765 quendam
971 1712 1207 1764 ampliorem
1228 1725 1316 1752 esse
1339 1720 1515 1761 nactum,
1537 1712 1607 1752 ubi
1631 1711 1753 1751 virtus
1777 1710 1862 1751 eius
1888 1710 2005 1751 latius
2030 1723 2236 1751 excurrere

199 1782 322 1828 atque
340 1774 462 1816 etiam
482 1774 625 1815 melius
644 1775 771 1827 possit
791 1775 973 1829 perspici.

311 1839 430 1879 Duco
474 1839 529 1879 ad
574 1851 645 1879 vos
687 1839 942 1880 baronettum
985 1838 1195 1892 insignem,
1238 1838 1367 1880 virum
1413 1840 1636 1879 admodum
1684 1840 1958 1888 reverendum,
2010 1840 2236 1878 LOVELACE

199 1901 461 1942 Teumeson
489 1902 675 1950 Summi,
708 1900 944 1954 episcopum
977 1902 1263 1955 Salopiensem.

1019 2083 1081 2129 24
1120 2068 1252 2132 May
1293 2069 1419 2117 1888

309 2190 427 2243 (127)
462 2191 609 2231 Amisr
645 2205 695 2231 ex
727 2191 899 2232 alumnis
937 2191 1082 2232 nostris
1116 2205 1232 2241 unus,
1267 2191 1337 2244 qui
1375 2191 1584 2243 quondam
1617 2189 1720 2230 inter
1757 2198 1918 2230 nosmet
1951 2188 2060 2242 ipsos
2098 2189 2236 2230 litteris

202 2252 509 2294 humanioribus
529 2253 741 2307 Musisque
756 2254 942 2308 (Thaliae
961 2255 1205 2307 praesertim,
1228 2254 1305 2295 nisi
1327 2253 1461 2307 fallor)
1479 2253 1652 2301 deditus,
1674 2253 1823 2295 deinde
1847 2253 2015 2306 Collegii
2031 2253 2239 2293 Marlburi-

200 2314 309 2357 ensis
327 2315 524 2368 magistris
543 2317 779 2369 adscriptus,
800 2325 941 2370 postea
960 2317 1002 2358 in
1021 2317 1103 2370 agri
1127 2317 1396 2359 Eboracensis
1419 2317 1552 2358 viculo
1577 2319 1767 2369 quodam,
1789 2317 1956 2358 oratoris
1981 2316 2086 2357 illius
2113 2317 2239 2357 nostri

205 2378 354 2431 Rogeri
372 2378 586 2420 Aschami‘
604 2381 692 2420 solo
711 2380 844 2429 natali,
865 2394 995 2421 annos
1015 2382 1096 2421 fere
1118 2381 1256 2433 viginti
1282 2381 1487 2421 laboribus
1516 2381 1637 2421 sacris
1666 2382 1818 2422 fortiter
1846 2381 2059 2421 incubuit⁷.
2119 2383 2236 2421 Idem

203 2453 332 2494 nuper
360 2443 527 2482 alumno
559 2450 709 2492 nostro,
741 2443 934 2496 episcopo
968 2444 1205 2496 Riponensi,
1235 2446 1321 2485 viro
1354 2444 1645 2494 disertissimo⁸,
1676 2446 1835 2486 adiutor
1867 2447 1984 2486 datus
2017 2453 2087 2494 est,
2119 2445 2238 2485 simul

201 2503 245 2544 in
262 2517 360 2557 agro
379 2506 646 2547 Dunelmensi
664 2506 743 2546 loci
763 2506 867 2547 illius
887 2515 1017 2548 rector
1035 2507 1266 2548 nominatus
1286 2507 1355 2560 qui
1375 2508 1555 2560 episcopi
1574 2509 1739 2562 insignis
1759 2524 1841 2550 non
1863 2509 1981 2550 unius
2001 2509 2236 2550 memoriam

201 2574 412 2608 conservat
423 2569 447 2607 ⁹.
507 2568 596 2608 Illic
624 2568 790 2609 habebit
815 2576 909 2610 ante
935 2571 1075 2610 oculos
1101 2571 1383 2622 episcoporum
1410 2570 1598 2622 priorum,
1621 2571 1902 2624 episcoporum
1923 2571 1991 2623 qui
2012 2585 2121 2611 nunc
2145 2578 2238 2611 sunt

201 2629 412 2672 illustrium
433 2633 659 2685 exemplar;
687 2633 852 2673 habebit
871 2632 979 2674 intus
998 2634 1181 2675 laborum
1200 2647 1225 2675 a
1244 2648 1331 2675 sese
1352 2634 1522 2675 fideliter
1540 2642 1743 2687 gestorum
1764 2635 2066 2676 conscientiam.
2126 2634 2237 2675 Nihil

202 2691 321 2744 igitur
339 2693 462 2735 hodie
476 2702 597 2735 restat
612 2708 733 2747 quam
749 2702 793 2735 ut
811 2696 977 2736 alumno
993 2704 1141 2745 nostro,
1155 2710 1272 2749 grave
1285 2710 1432 2737 munus
1447 2696 1606 2745 inituro.
1623 2697 1760 2737 omnia
1776 2699 1905 2738 fausta
1919 2710 2233 2749 comprecemur,

199 2756 387 2809 votisque
404 2759 568 2812 optimis
585 2759 627 2800 in
647 2758 894 2812 provinciam
915 2773 1061 2801 novam
1081 2761 1354 2812 profecturum
1374 2773 1675 2812 prosequamur.

293 2856 306 2878 ¹
329 2858 395 2902 Cp.
419 2859 551 2900 Cicero,
576 2861 631 2894 De
657 2861 806 2899 Oratore,
831 2862 841 2894 i
867 2873 941 2896 200.
1069 2861 1083 2882 ²
1105 2862 1208 2902 Ovid,
1227 2863 1312 2894 Met.
1329 2862 1387 2895 xiii
1408 2873 1469 2903 ¹40
1484 2862 1508 2894 s.
1639 2861 1653 2883 ⁸
1676 2862 1820 2905 Captain
1838 2862 1891 2895 Sir
1908 2862 2075 2895 Lovelace
2092 2862 2236 2895 Stamer.

206 2899 221 2921 ⁴
243 2901 299 2935 Sir
313 2902 394 2935 Wm
411 2902 553 2938 Stamer.
768 2904 782 2925 ⁶
808 2906 932 2939 Rector
947 2906 987 2939 of
999 2906 1334 2949 Stoke-upon-Trent
1351 2907 1437 2938 stom
1458 2907 1554 2948 1858.
1744 2905 1758 2926 ⁸
1783 2906 1900 2938 Public
1917 2906 2051 2943 Orator,
2074 2906 2235 2948 1546—54.

205 2942 221 2965 ⁷
245 2944 371 2978 Rector
381 2946 419 2979 of
431 2947 565 2990 Kirkby
579 2948 710 2985 Wiske,
730 2949 891 2983 1866—88.
1025 2949 1039 2971 ⁸
1062 2950 1141 2982 Wm
1159 2951 1250 2993 Boyd
1271 2951 1466 2993 Carpenter.
1616 2948 1630 2969 ⁹
1655 2950 1779 2983 Rector
1794 2950 1833 2982 of
1844 2950 2019 2992 Stanhope
2034 2950 2119 2982 from
2140 2951 2235 2983 1888.

206 2987 282 3021 'nie
304 2988 480 3032 following
499 2990 640 3024 Rectors
663 2993 703 3025 of
721 2993 852 3026 Stanho
917 2994 1058 3027 became
1082 2994 1227 3037 Bishops
1241 2994 1461 3027 :—Cuthbert
1481 2994 1635 3026 Tunstall
1661 2993 1853 3035 (1508-20),
1870 2994 1922 3036 Bp
1946 2993 1985 3026 of
2004 2994 2149 3026 London
2171 2994 2239 3026 and

207 3031 382 3071 Durhamz
403 3033 534 3076 Joseph
551 3035 668 3068 Butler
683 3003 947 3081 (¹725—40izeBp
962 3038 1001 3071 of
1020 3038 1144 3071 Bristol
1161 3038 1227 3070 and
1244 3038 1420 3077 Durham;
1446 3037 1603 3070 Edmund
1623 3038 1741 3070 Keene
1758 3036 1950 3080 (1740-71),
1970 3038 2022 3080 Bp
2039 3037 2078 3070 os
2097 3038 2239 3071 Chester

205 3075 385 3153 ffitffl„
417 3077 569 3111 Thoms
590 3079 753 3114 Thffl'lOW
777 3079 970 3124 (1771-87),
989 3082 1041 3125 Bp
1064 3082 1103 3115 of
1123 3081 1267 3115 Lincoln
1288 3082 1356 3115 and
1379 3081 1470 3124 E1y;
1498 3082 1566 3114 and
1589 3082 1709 3124 Henry
1731 3081 1898 3125 Philpotts
1921 3080 2113 3124 (1820-31),
2132 3083 2184 3125 Bp
2204 3082 2243 3114 of

321 3203 399 3232 s.s.
1198 3200 1248 3250 ⁶5
2108 3213 2133 3250 9
