2704 3770
922 321 1020 371 Sir
1050 319 1312 386 Reginald
1334 320 1564 369 Hanson.

228 477 429 524 superstes
448 469 564 518 vivet,
585 468 667 522 qui,
686 468 729 509 in
749 468 976 521 Republica
999 482 1082 508 non
1106 481 1252 520 magna
1273 475 1403 516 natus,
1425 467 1735 520 Rempublicam
1761 469 1975 508 maximam
1993 469 2141 520 gloriae
2166 482 2262 509 suae

229 532 324 574 fecit
341 531 588 586 participem,
609 538 795 584 expertus
815 531 967 572 scilicet
986 538 1120 571 vetera
1138 530 1206 570 illa
1224 530 1346 571 verba
1364 530 1487 582 qua'm
1507 543 1600 570 vera
1619 537 1752 570 essent
1766 545 1831 570 :—

668 614 678 633 ‘
693 625 815 652 omne
844 612 975 652 solum
1004 611 1097 652 forti
1125 610 1253 664 patria
1281 618 1353 658 est,
1383 617 1428 651 ut
1455 609 1633 663 piscibus
1661 622 1822 662 aequor,

747 674 791 707 ut
820 666 971 707 volucri
999 680 1127 707 vacuo
1155 665 1350 718 quicquid
1378 665 1420 706 in
1449 665 1548 706 orbe
1575 663 1738 717 patet'¹.

339 750 428 792 Filii
464 763 559 792 vero
595 751 743 791 famam
780 758 892 803 patre
924 757 1038 791 tanto
1075 763 1158 791 non
1196 749 1416 802 indignam,
1451 749 1599 801 quibus
1637 749 1892 801 potissimum
1931 749 2060 790 verbis
2098 751 2262 803 exsequi

229 817 400 868 potero?
455 814 624 857 Utinam
652 822 696 855 tu
725 814 825 855 mihi
853 814 975 856 hodie
1002 815 1176 863 adesse&

833 901 843 919 ‘
857 910 884 938 o
911 897 1126 938 testudinis
1153 911 1298 938 aureae

775 953 937 993 dulcem
967 966 1071 1004 quae
1100 952 1323 1005 strepitum,
1353 950 1470 998 Pieri,
1499 958 1697 1003 temperas
1710 965 1722 1001 3

858 1019 883 1047 o
912 1007 1034 1047 mutis
1062 1020 1228 1059 quoque
1256 1005 1435 1059 piscibus

774 1061 976 1102 donatura
1003 1061 1130 1114 cycni,
1162 1062 1194 1102 si
1222 1060 1356 1110 libeat,
1388 1061 1586 1101 sonum'2.

337 1143 466 1196 Atqui
485 1144 607 1184 Musa
624 1142 692 1183 illa
710 1150 852 1184 vocata
871 1157 955 1184 non
974 1143 1111 1194 audit3
1139 1150 1276 1196 rogata
1300 1151 1407 1185 tacet
1419 1157 1431 1193 ;
1458 1142 1669 1195 virumque
1693 1142 1910 1195 praeconio
1934 1143 2074 1185 altiore
2098 1144 2264 1197 dignum

230 1218 416 1248 sermone
462 1205 638 1258 pedestri
684 1207 934 1247 laudandum
973 1205 1173 1258 relinquit.
1247 1207 1366 1258 Ergo,
1398 1213 1619 1258 utcumque
1665 1218 1892 1257 possumuS,
1930 1205 2058 1246 virum
2096 1206 2266 1249 libenter

229 1269 453 1316 laudamus,
483 1268 564 1321 qui,
595 1281 688 1309 cum
722 1268 871 1321 ingenii
905 1269 966 1309 sui
999 1282 1077 1321 ope
1106 1268 1208 1309 aeris
1239 1270 1472 1309 thesaurum
1505 1268 1709 1320 ingentem
1740 1267 1969 1319 invenisset,
2002 1271 2265 1311 Academiam

229 1345 344 1373 suam
358 1331 587 1373 divitiarum
602 1345 764 1372 suarum
779 1332 1046 1384 amplitudine
1061 1332 1226 1382 ornavit,
1241 1331 1375 1374 iudice
1395 1346 1460 1373 me
1472 1331 1735 1384 (insusurrare
1750 1332 1849 1373 mihi
1864 1333 2020 1374 videtur
2039 1334 2264 1388 Horatius),

230 1393 365 1435 iudice
392 1407 469 1444 me,
494 1396 600 1434 ‘non
629 1394 816 1435 sordidus
844 1402 984 1435 auctor
1008 1402 1173 1436 naturae
1196 1395 1360 1447 verique
1373 1396 1410 1434 '³.
1470 1394 1583 1446 Quid
1610 1402 1747 1435 autem
1773 1395 1826 1435 de
1852 1395 2000 1436 vivario
2023 1395 2092 1437 illo
2118 1396 2263 1448 dicam,

229 1456 415 1509 aequoris
450 1455 644 1498 Atlantici
681 1470 807 1510 prope
844 1458 1065 1510 marginem
1103 1458 1332 1499 ulteriorem
1372 1458 1549 1508 condito,
1584 1457 1655 1498 ubi
1693 1458 1813 1498 maris
1850 1458 2037 1500 immensi
2075 1460 2266 1502 miracula

230 1519 497 1562 minutissima
533 1521 586 1561 ab
618 1521 698 1561 hoc
728 1520 812 1561 viro
845 1521 1143 1563 accuratissime
1174 1523 1464 1571 examinantur,
1499 1522 1569 1563 ubi
1603 1522 1743 1563 oceani
1782 1522 1906 1575 ipsius
1940 1537 1962 1564 e
1995 1525 2265 1575 penetralibus

229 1585 440 1638 profundis
465 1598 597 1626 rerum
622 1592 788 1625 naturae
812 1585 954 1626 veritas
976 1585 1063 1638 ipsa
1088 1586 1278 1627 audacter
1301 1587 1587 1638 extorquetur?
1643 1586 1746 1627 Satis
1772 1586 1845 1627 erit
1873 1587 1997 1628 hodie
2022 1589 2074 1629 de
2102 1588 2266 1630 veritate

227 1647 296 1688 illa
314 1647 448 1689 dicere
467 1648 580 1700 quod
599 1647 696 1688 olim
717 1648 768 1688 de
790 1649 1072 1688 Romanorum
1093 1647 1239 1689 virtute
1258 1647 1414 1689 dictum
1435 1655 1496 1689 est
1512 1663 1577 1689 :—

815 1733 986 1772 ‘merses
1015 1731 1219 1783 profundo
1231 1745 1243 1781 ς
1278 1730 1481 1783 pulchrior
1509 1730 1695 1771 evenit'⁴.

339 1812 460 1852 Duco
487 1812 541 1852 ad
569 1825 641 1853 vos
671 1811 847 1853 marinae
875 1812 1108 1865 praesertim
1134 1811 1340 1866 zoologiae
1367 1813 1644 1865 indagatorem
1673 1813 1930 1862 indefessum,
1953 1815 2265 1857 ALEXANDRUM

231 1875 421 1917 Amssrz.

1051 2093 1112 2126 20
1141 2078 1285 2145 June
1325 2080 1450 2140 1887

338 2202 454 2257 (118)
503 2205 622 2244 Dum
670 2205 845 2244 faustum
894 2204 1017 2244 hodie
1059 2204 1310 2244 celebramus
1323 2218 1335 2254 5
1382 2203 1633 2244 celebramus
1670 2202 1778 2244 diem
1817 2216 1899 2255 quo
1938 2203 2096 2256 Regina
2132 2212 2267 2245 nostra

228 2265 490 2309 dilectissima
519 2266 686 2307 nornine
716 2267 824 2319 regio
854 2267 1028 2319 primum
1063 2268 1234 2308 salutata
1264 2275 1335 2308 est.
1395 2266 1570 2319 Optimis
1599 2266 1717 2320 igitur
1744 2266 1932 2319 auspiciis
1960 2267 2088 2308 virum
2117 2270 2268 2309 salvere

229 2327 354 2370 hodie
371 2328 569 2378 iubemus,
591 2329 661 2382 qui
679 2329 732 2370 ab
755 2329 842 2382 ipsa
866 2329 1023 2381 Regina
1048 2331 1138 2382 plus
1161 2343 1284 2382 quam
1309 2331 1433 2371 semel
1456 2343 1585 2382 nuper
1610 2329 1726 2370 titulo
1751 2330 1976 2370 honorifico
2002 2337 2063 2371 est
2091 2338 2264 2372 ornatus.

231 2391 296 2433 Illi
320 2396 416 2433 Vero
441 2392 546 2432 tituli
574 2406 657 2433 non
686 2392 763 2446 ipsi
791 2399 948 2433 tantum
978 2392 1133 2441 honori,
1156 2394 1228 2433 sed
1257 2392 1378 2433 etiam
1408 2392 1483 2433 toti
1510 2391 1757 2434 Academiae
1787 2399 1880 2432 sunt
1911 2393 2128 2446 voluptati3
2157 2394 2266 2434 urbis

229 2455 339 2496 enim
377 2455 572 2496 maximae
609 2457 834 2508 praefectus
871 2455 1114 2505 nominatus,
1150 2455 1221 2496 filii
1259 2457 1384 2496 nostri
1417 2457 1583 2497 nomine
1614 2456 1814 2509 gloriatur.
1873 2457 2045 2497 Scholae
2079 2459 2267 2510 magnae*⁵

228 2517 460 2571 discipulus,
483 2518 653 2571 Collegii
681 2518 843 2559 maximi
868 2520 1067 2567 alumnus,
1096 2532 1225 2570 nuper
1250 2518 1466 2560 iuventutis
1495 2533 1591 2560 suae
1620 2533 1784 2569 memor,
1813 2521 1957 2560 Almae
1986 2520 2105 2560 Matri
2131 2523 2264 2562 aulam

231 2594 345 2621 suam
365 2581 604 2634 hospitalem
625 2582 843 2634 patefecit⁶.
904 2582 1069 2622 Interim
1097 2596 1219 2634 quam
1246 2582 1354 2623 varia
1377 2597 1509 2623 rerum
1530 2583 1773 2635 experientia
1792 2591 1995 2636 spectatus
2014 2592 2054 2624 et
2073 2585 2265 2637 probatus

229 2647 314 2685 est!
371 2645 481 2686 Olim
515 2645 694 2686 colonias
722 2653 879 2686 nostras
911 2645 1197 2686 remotissimas
1226 2646 1359 2686 invisit
1373 2661 1384 2696 ;
1421 2646 1580 2696 deinde,
1617 2647 1768 2700 patriae
1801 2648 1991 2697 redditus,
2023 2662 2106 2689 non
2140 2650 2265 2689 modo

229 2708 340 2758 pacis
365 2708 417 2748 de
442 2708 594 2748 artibus
620 2708 724 2748 bene
751 2709 914 2749 meritus
938 2716 1010 2756 est,
1032 2710 1104 2749 sed
1128 2708 1321 2749 militibus
1347 2722 1511 2761 quoque
1535 2709 1766 2750 voluntariis
1785 2710 2087 2751 conscribendis
2114 2711 2266 2752 fortiter

229 2770 424 2812 incubuit.
498 2773 643 2824 Neque
682 2773 855 2812 Martem
901 2779 1058 2812 tantum
1100 2779 1160 2812 est
1204 2780 1415 2813 veneratus
1428 2788 1440 2822 3
1487 2774 1558 2813 sed
1596 2773 1716 2813 etiam
1755 2773 1887 2825 ipsum
1927 2773 2184 2823 Mercurium,
2225 2781 2265 2815 et

229 2841 476 2874 mercaturae
504 2842 544 2875 et
571 2836 792 2887 palaestrae
821 2834 966 2886 pariter
994 2842 1220 2887 patronum,
1249 2848 1332 2875 non
1359 2835 1568 2876 infeliciter
1593 2835 1765 2876 coluisse
1790 2836 2014 2876 confitetur.
2075 2836 2265 2877 Mercurii

228 2895 409 2937 minister
444 2903 527 2936 tam
566 2895 732 2948 insignis
768 2896 1092 2937 ‘Mercurialium
1129 2896 1346 2938 virorum’⁷
1383 2897 1599 2949 praeconio
1637 2911 1720 2938 non
1758 2897 1947 2950 indignus
1985 2905 2045 2939 est
2058 2913 2070 2949 5
2112 2898 2262 2951 quique

318 3035 331 3057 ²
354 3037 456 3088 Qvigi,
476 3038 582 3077 Fasti,
598 3038 616 3090 ἱ.
625 3048 690 3083 493
706 3039 728 3072 f.
778 3038 882 3073 Louis
898 3039 1040 3083 Agassiz
1062 3039 1255 3082 (1807—73),
1274 3040 1332 3073 the
1355 3040 1476 3091 author
1498 3040 1537 3072 of
1553 3039 1737 3083 important
1761 3051 1883 3084 papers
1905 3052 1950 3074 on
1973 3041 2030 3075 the
2053 3046 2262 3075 movements

228 3080 631 3159 ffifffiss'czffmfosffl
658 3082 769 3159 fisllieS,
799 3083 867 3116 and
891 3095 1000 3161 mainz}⁵
1013 3084 1114 3162 οξὶιξὲ
1134 3084 1289 3161 subjects,
1319 3083 1625 3161 1εῖῑ48ἰὲνιξίετ13ηὲἰ
1651 3084 1704 3117 sor
1728 3084 1784 3117 the
1811 3084 2078 3162 Ignliztedbsmes
2103 3086 2138 3119 in
2150 3087 2262 3163 διξῇἱόὲ

231 3150 436 3212 Cambridg'e
464 3149 619 3214 Banquet
641 3137 676 3204 {i
699 3135 756 3204 tliffe
782 3171 940 3204 Mansion
967 3152 1098 3210 Hbuse,
1116 3141 1301 3215 '204April,
1333 3172 1428 3214 1887.
1453 3151 1461 3160 ι
1535 3141 1576 3193 ⁴³⁷
1600 3138 1748 3213 librante,
1778 3139 1940 3206 Carne-¹¹5
1963 3140 2018 3216 37,
2046 3184 2098 3218 29·

1218 3246 1266 3284 61
