2704 3770
779 336 964 384 Robert
998 337 1127 386 Bell.
1188 338 1330 404 John
1365 339 1566 404 Philz'ps
1600 340 1654 387 A
1661 341 1794 389 llcott
1827 340 2043 389 Bowers.

413 476 543 518 verbis
568 478 643 519 illis
668 480 876 531 praeclaris
904 487 944 520 et
972 480 1057 533 spei
1085 481 1260 533 optimae
1287 482 1415 534 plenis
1444 482 1624 523 desinere
1639 482 1821 523 ε-καλὸν
1847 482 1920 536 γὰρ
1947 482 1991 522 τὸ
2018 480 2150 532 ἆθλον,
2172 482 2234 522 καὶ
2259 482 2285 533 ἦ
2313 483 2420 526 ἐλπὶς

411 539 591 595 μεγάληι.

523 604 640 643 Duco
681 605 734 644 ad
775 617 846 645 vos
888 606 1013 645 virum
1055 607 1275 647 admodum
1313 609 1586 656 reverendum,
1627 609 1885 647 LunovaM
1933 608 2146 656 CLAvTom
2186 606 2419 659 episcopum

415 665 727 708 Leicestrensem
756 676 1043 709 consecratum.

1228 872 1284 916 14
1320 856 1449 922 May
1493 872 1615 919 1903

522 969 636 1023 (365)
658 972 857 1011 MAGNUM
881 974 1059 1023 profecto
1085 981 1144 1013 est
1169 973 1394 1025 provinciae
1418 974 1611 1015 maximae
1635 974 1792 1027 penitus
1815 977 2079 1027 explorandae
2105 983 2144 1016 et
2169 975 2421 1016 scientiarum

413 1031 590 1071 terminis
609 1033 724 1073 latius
743 1034 988 1085 proferendis
1008 1034 1129 1075 vitam
1150 1049 1260 1075 suam
1282 1043 1407 1076 totam
1427 1036 1644 1077 dedicasse.
1702 1038 1927 1077 Salutamus
1950 1037 2087 1087 virum,
2110 1037 2178 1089 qui
2200 1050 2270 1088 per
2293 1051 2421 1078 annos

413 1093 502 1143 plus
531 1106 650 1144 quam
680 1096 939 1146 quadraginta
966 1096 1193 1146 provinciae
1221 1097 1416 1137 maximae
1445 1098 1692 1138 Canadensis
1721 1098 1894 1147 flumina,
1922 1100 2042 1146 lacus,
2068 1107 2236 1148 montes,
2258 1112 2422 1151 campos

413 1154 587 1206 denique
612 1155 800 1196 latissime
827 1164 1008 1208 patentes
1034 1158 1270 1209 exploravit;
1289 1159 1344 1199 ibi
1369 1159 1466 1199 locis
1493 1160 1670 1211 plurimis
1694 1160 1857 1200 nomina
1876 1161 2025 1212 primus
2044 1160 2244 1212 imposuit,
2265 1168 2315 1208 et,
2336 1160 2422 1211 ipse

414 1218 639 1258 mortalium
668 1219 995 1266 modestissimus,
1017 1221 1171 1260 flumini
1199 1235 1222 1261 a
1251 1235 1293 1261 se
1322 1222 1493 1273 primum
1522 1222 1709 1274 indagato
1738 1236 1853 1262 suum
1882 1236 2031 1263 nomen
2059 1224 2111 1263 ab
2138 1223 2224 1263 aliis
2249 1222 2420 1263 inditum

412 1279 596 1319 audiviffl.
654 1281 777 1332 Atqui
797 1294 944 1321 nomen
964 1295 1080 1321 suum
1102 1296 1184 1322 non
1203 1283 1243 1322 in
1263 1297 1367 1335 aqua
1386 1283 1587 1335 scriptum,
1608 1285 1679 1324 sed
1698 1284 1924 1335 provinciae
1947 1292 2079 1325 tantae
2104 1285 2145 1325 in
2168 1284 2269 1325 saxis
2288 1283 2421 1336 potius

412 1340 655 1394 insculptum
674 1343 850 1395 reliquit3
879 1344 1047 1396 regionis
1066 1345 1169 1385 illius
1190 1347 1407 1385 immensae
1426 1346 1659 1398 geologiam,
1679 1347 1969 1398 geographiam,
1992 1347 2217 1398 biologiam,
2238 1348 2423 1387 archaeo-

412 1403 558 1454 logiam
590 1404 814 1444 libellorum
852 1405 892 1444 in
931 1405 1029 1445 serie
1062 1407 1180 1458 longa
1216 1407 1432 1456 illustravit,
1468 1415 1507 1447 et
1539 1421 1622 1447 non
1660 1409 1782 1447 modo
1819 1408 2045 1460 provinciae
2077 1409 2199 1460 ipsius
2231 1408 2422 1449 terminos

412 1466 562 1518 ubique
590 1466 779 1516 definivit,
811 1469 882 1509 sed
911 1468 1030 1508 etiarn
1059 1469 1310 1509 scientiarum
1341 1472 1439 1510 fines
1468 1470 1617 1522 ubique
1646 1471 1885 1522 propagavit.

522 1529 640 1569 Duco
665 1529 717 1569 ad
740 1543 810 1569 vos
839 1529 1015 1582 Reginae
1042 1531 1319 1572 Universitatis
1347 1532 1614 1573 Canadensis³
1633 1534 1849 1582 doctorem,
1872 1532 2078 1573 Societatis
2101 1533 2251 1586 Regiae
2276 1533 2423 1574 Londi-

412 1589 560 1630 niensis
580 1590 744 1640 socium,
766 1590 992 1642 provinciae
1012 1593 1259 1634 Canadensis
1279 1595 1566 1646 exploratorem
1586 1594 1841 1643 indefessum,
1865 1596 2106 1635 ROBERTUM
2127 1597 2250 1636 BELL.

1222 1770 1282 1816 28
1321 1768 1451 1833 May
1493 1784 1615 1830 1903

517 1881 632 1936 (366)
652 1885 795 1923 ADEST
815 1883 984 1936 Collegii
1002 1883 1093 1924 Divi
1114 1884 1277 1925 Ioannis
1292 1887 1488 1935 alumnus,
1506 1886 1678 1938 primum
1697 1887 1738 1926 in
1754 1887 1944 1937 orientali,
1962 1889 2108 1929 deinde
2128 1889 2168 1929 in
2183 1890 2422 1931 occidentali

410 1945 578 1997 Angliae
605 1954 726 1998 parte,
757 1960 827 1998 per
854 1961 982 1987 annos
1015 1947 1205 1999 plurimos
1238 1948 1440 1988 laboribus
1469 1949 1588 1989 sacris
1617 1957 1816 2001 spectatus
1845 1958 1884 1990 et
1912 1951 2111 2002 probatus.
2171 1953 2298 2000 Idem,
2328 1952 2421 1993 artis

410 2007 585 2048 musicae
617 2009 776 2060 peritus,
809 2010 1001 2050 ccclesiae
1035 2010 1282 2051 Cathedralis
1317 2011 1605 2051 Glocestrensis
1638 2013 1851 2062 canonicis,
1887 2013 1982 2053 olim
2017 2013 2247 2063 minoribus,
2281 2022 2421 2067 postea

412 2069 637 2119 maioribus,
659 2079 719 2111 est
737 2071 982 2123 adscriptus;
1010 2071 1066 2111 ibi
1085 2072 1221 2124 viginti
1241 2086 1311 2124 per
1328 2086 1456 2113 annos
1476 2074 1615 2113 habuit
1637 2082 1729 2115 ante
1756 2077 1894 2115 oculos
1916 2076 2093 2127 episcopi
2120 2077 2417 2127 Glocestrensis,

411 2132 482 2171 viri
501 2133 746 2181 venerabilis,
767 2136 996 2187 exemplar⁴,
1018 2135 1130 2175 cuius
1149 2135 1190 2175 in
1210 2136 1346 2175 castris
1366 2136 1529 2177 militiae
1548 2150 1681 2177 sacrae
1700 2137 1925 2178 tirocinium
1945 2139 2077 2191 posuit
2097 2147 2135 2179 et
2154 2139 2306 2181 virtutis
2325 2154 2420 2181 suae

412 2195 700 2235 documentum
726 2195 879 2247 insigne
908 2196 1030 2236 dedit.
1090 2198 1183 2248 Ipse
1209 2211 1335 2249 nuper
1362 2199 1414 2237 ad
1437 2198 1615 2251 episcopi
1644 2213 1788 2239 munus
1813 2200 1952 2240 merito
1980 2209 2154 2250 vocatuS,
2176 2209 2215 2241 et
2243 2201 2421 2254 episcopi

413 2255 667 2296 Norvicensis
686 2256 844 2296 adiutor
862 2257 1112 2306 constitutus,
1134 2272 1281 2298 nomen
1301 2259 1527 2311 episcopale
1549 2261 1601 2300 ab
1624 2261 1776 2312 oppido
1802 2261 1967 2314 antiquo
1989 2262 2167 2314 accipiet,
2190 2264 2300 2314 quod
2322 2264 2419 2304 olim

410 2331 481 2369 per
499 2332 625 2359 annos
646 2320 725 2359 fere
743 2319 880 2371 viginti
899 2321 1019 2361 etiam
1038 2329 1130 2362 ante
1150 2323 1290 2362 urbem
1311 2323 1616 2363 Norvicensium
1637 2324 1803 2376 Angliae
1825 2325 2024 2365 orientalis
2048 2327 2162 2365 sedes
2185 2325 2420 2378 episcopalis

411 2381 537 2420 fuerat
545 2383 568 2421 ⁶.
627 2382 817 2434 Regionis
844 2383 946 2423 illius
969 2384 1010 2424 in
1033 2392 1143 2436 parte
1167 2386 1474 2436 septentrionali,
1498 2387 1665 2427 Nelsoni
1688 2387 1729 2427 in
1748 2388 1873 2440 patria
1892 2389 2073 2440 positus⁶‚
2095 2389 2136 2429 in
2161 2403 2324 2430 munere
2346 2403 2420 2431 suo

411 2456 523 2483 sacro
551 2444 785 2484 sustinendo
814 2458 970 2498 semper
998 2447 1278 2496 recordabitur,
1303 2448 1487 2500 Angliam
1515 2449 1642 2501 ipsam
1670 2450 1723 2489 ab
1750 2464 2008 2503 unoquoque,
2032 2458 2076 2491 ut
2100 2450 2275 2492 officium
2303 2464 2419 2492 suum

411 2506 538 2554 faciat,
561 2507 807 2558 exspectare⁷
819 2523 831 2558 ;
860 2510 978 2550 etiam
999 2509 1040 2550 in
1060 2519 1276 2562 posterum,
1297 2511 1399 2551 sicut
1417 2519 1544 2561 antea,
1568 2513 1702 2553 Sancti
1722 2513 1834 2553 Pauli
1854 2515 2079 2566 exemplum
2098 2522 2268 2563 secutus,
2285 2515 2421 2555 omnia

411 2568 597 2608 omnibus
618 2571 743 2610 factus
763 2570 845 2619 erit,
868 2579 910 2611 ut
936 2573 1150 2612 nonnullos
1175 2575 1314 2613 saltem
1341 2575 1470 2614 salvos
1496 2573 1634 2614 faciat⁸
1646 2589 1657 2623 3
1685 2582 1724 2614 et
1750 2575 1826 2615 Dei
1850 2575 1890 2615 in
1917 2576 2084 2616 ecclesia
2107 2576 2421 2617 administranda

410 2630 529 2669 verba
548 2632 613 2670 illa
632 2631 766 2671 divina
786 2645 1005 2684 numquam
1025 2632 1301 2675 obliviscetur:
1334 2637 1344 2656 ‘
1356 2635 1462 2675 beati
1482 2635 1648 2687 pacifici,
1671 2636 1862 2687 quoniam
1882 2636 1951 2676 filii
1973 2637 2051 2677 Dei
2071 2638 2320 2678 vocabuntur
2332 2639 2371 2677 ’⁹.

520 2693 637 2733 Duco
664 2695 717 2733 ad
747 2707 816 2734 vos
843 2694 1168 2736 archidiaconum
1197 2698 1528 2746 Glocestrensem,
1561 2699 1764 2738 IOANNEM
1800 2700 1970 2738 PHILIPS
1999 2701 2196 2739 ALLco'rT
2225 2701 2417 2751 BowERs,

411 2752 644 2805 episcopum
673 2756 724 2795 de
752 2757 948 2796 Thetford
976 2756 1240 2808 designatum.

498 2927 510 2947 ¹
536 2929 643 2966 Plato,
660 2930 800 2969 Phaedo,
825 2942 883 2972 ¹¹4
896 2940 928 2965 c.
1112 2933 1126 2953 ²
1149 2935 1200 2966 Dr
1217 2935 1344 2967 Robert
1361 2936 1434 2967 Bell
1450 2936 1509 2967 has
1525 2936 1610 2967 been
1628 2936 1735 2968 called
1756 2936 1827 2968 ‘the
1844 2937 2051 2978 place-name
2068 2938 2173 2970 father
2188 2938 2227 2970 of
2245 2938 2398 2971 Canada’
2408 2950 2418 2978 ;

411 2971 462 3003 his
482 2983 559 3003 own
578 2983 674 3005 name
695 2985 761 3006 was
776 2975 874 3016 given
897 2976 941 3017 by
957 2976 1068 3008 others
1092 2982 1127 3009 to
1151 2978 1208 3010 the
1227 2979 1333 3010 ‘Bell'
1352 2979 1437 3011 river
1457 2979 1574 3020 falling
1594 2979 1664 3011 into
1683 2979 1797 3021 James
1817 2980 1896 3021 Bay,
1917 2980 2025 3012 which
2040 2981 2082 3013 he
2097 2982 2257 3023 surveyed
2269 2982 2304 3014 in
2325 2983 2417 3025 1895.

410 3013 424 3033 ³
447 3015 592 3055 Queen’s
610 3017 812 3059 University,
831 3018 1010 3061 Kingston‚
1028 3031 1072 3052 on
1090 3021 1184 3053 Lake
1201 3022 1352 3054 Ontario.
1461 3021 1476 3042 ⁴
1499 3022 1636 3054 Charles
1649 3023 1739 3064 John
1757 3022 1904 3062 Ellicott,
1919 3024 2012 3055 D.D.
2130 3023 2144 3043 ³
2170 3034 2250 3067 1075
2267 3030 2302 3057 to
2321 3035 2414 3067 1094,

411 3057 508 3089 when
525 3058 580 3090 the
593 3070 647 3091 see
660 3071 727 3092 was
743 3063 897 3093 removed
916 3062 999 3094 from
1012 3064 1175 3095 Thetford
1191 3070 1225 3097 to
1237 3065 1409 3097 Norwich.
1541 3064 1554 3085 ⁸
1577 3066 1624 3097 At
1642 3066 1752 3097 North
1769 3065 1898 3098 Creake
1916 3067 2070 3109 Rectory‚
2087 3068 2184 3100 south
2199 3068 2236 3099 of
2247 3068 2418 3103 Burnham

410 3101 558 3143 Thorpe,
575 3102 630 3134 the
649 3103 831 3145 hirthplace
845 3105 884 3136 of
895 3106 929 3137 N
932 3106 1038 3138 elson.
1167 3107 1180 3128 ⁷
1206 3109 1214 3124 ⁴
1226 3107 1382 3150 England
1398 3114 1532 3150 expects
1548 3109 1619 3141 that
1635 3119 1733 3151 every
1748 3120 1826 3141 man
1843 3110 1909 3142 will
1925 3111 1969 3142 do
1985 3111 2037 3143 his
2052 3110 2152 3153 duty’
2165 3110 2213 3153 (N
2215 3111 2338 3144 elson's
2353 3111 2417 3144 last

409 3143 516 3189 signal
530 3150 565 3180 at
581 3146 783 3194 Trasalgar);
807 3158 860 3195 ep.
880 3158 936 3180 no.
953 3151 1015 3196 487
1033 3150 1139 3192 infra.
1241 3150 1256 3171 Β
1282 3161 1295 3183 1
1318 3152 1390 3184 Cor.
1403 3151 1436 3184 ix
1453 3162 1505 3184 υ.
1608 3151 1622 3172 ⁹
1644 3153 1681 3185 S.
1697 3152 1800 3187 Mate.
1816 3153 1884 3185 Ev.
1901 3164 1922 3184 v
1937 3163 1969 3198 9.

1380 3235 1456 3279 170
