2704 3770
532 326 745 374 Samuel
787 326 857 375 W.
899 325 1143 376 Stratton.
1216 327 1370 375 Emz‘l
1410 327 1671 392 Warburg.
1759 326 1983 375 Wz'llz’am
2007 326 2227 393 Jackson
2263 329 2411 393 Pope.

463 469 505 509 in
525 469 793 510 Universitate
812 469 891 509 iam
917 484 987 522 per
1012 484 1140 511 annos
1167 472 1249 512 duo
1276 478 1315 511 et
1334 471 1471 523 viginti
1494 470 1701 511 scientiam
1724 471 1928 522 physicam
1952 472 2151 522 praeclare
2174 472 2372 523 professus
2397 478 2468 512 est.

464 533 615 570 Rerum
636 532 811 571 Naturae
831 531 994 583 quidem
1015 532 1201 572 studiosis
1221 546 1303 572 non
1323 532 1503 584 ignotum
1523 540 1582 573 est
1601 535 1878 571 electrometron
1897 532 1995 571 illud
2014 531 2066 571 ab
2086 533 2229 572 eodem
2251 532 2471 573 inventum.

464 592 595 633 Etiam
615 593 787 646 plurium
807 594 933 634 oculis
954 595 1186 635 obversatae
1206 602 1299 635 sunt
1317 595 1509 647 imagines
1528 595 1618 635 illae
1633 595 1920 647 pulcherrimae
1935 595 1976 634 in
1996 594 2141 646 quibus
2160 596 2258 635 lucis
2273 595 2418 635 auxilio
2433 602 2473 636 et

463 657 616 696 colores
635 656 730 696 varii
749 663 788 696 et
813 656 974 696 luminis
994 657 1116 709 ipsius
1140 666 1340 709 spectrum
1361 657 1421 709 (ut
1446 657 1574 710 aiunt)
1594 657 1887 697 accuratissime
1910 657 2159 698 redduntur¹.
2218 657 2474 698 Peritioribus

462 724 597 757 autem
616 725 712 757 nota
731 726 823 758 sunt
842 718 1056 767 volumina,
1074 732 1176 769 quae
1195 719 1247 758 ab
1266 733 1315 758 eo
1335 726 1374 758 et
1388 718 1579 759 audiendi
1595 726 1634 758 et
1653 718 1815 759 videndi
1831 718 1972 758 rationi
1992 718 2196 759 universae
2216 719 2474 771 explicandae

464 779 649 819 dedicata
681 788 782 829 sunt,
814 794 916 832 quae
949 788 988 821 et
1021 780 1100 820 vim
1130 781 1270 820 caloris
1300 789 1339 821 et
1371 782 1451 821 vim
1485 781 1709 821 electricam
1738 783 2003 832 modulosque
2031 781 2140 822 eius'
2167 782 2306 822 ordine
2338 781 2474 822 lucido

463 842 732 881 enuclearunt.
792 844 841 881 In
870 842 930 881 his
960 842 1133 882 modulis
1161 842 1428 882 sollertissime
1463 842 1685 890 metiendis,
1715 842 1822 882 iuvat
1854 842 2049 883 recordari
2084 843 2318 884 Cancellarii
2350 843 2475 884 nostri

464 915 556 942 curn
584 903 802 944 rationibus
831 905 998 956 hospitis
1026 904 1150 944 nostri
1178 905 1361 945 hodierni
1390 906 1561 946 rationes
1587 906 1849 946 minutissime
1875 907 2078 958 quadrare.
2137 907 2325 947 Ceterum
2353 907 2405 947 de
2432 919 2474 947 re

465 971 546 1004 tarn
575 966 710 1006 subtili
738 980 820 1007 non
849 974 1028 1006 nostrum
1058 974 1117 1007 est
1146 968 1267 1008 hodie
1296 968 1420 1008 fusius
1448 968 1650 1021 disputare
1663 984 1674 1018 3
1707 969 1872 1009 oratoris
1901 969 2018 1010 vestri
2048 983 2096 1009 ex
2127 969 2263 1009 animo
2293 970 2474 1010 nondum

465 1027 611 1067 excidit
640 1029 837 1069 monitum
865 1029 965 1070 illud
994 1031 1262 1070 Horatianum
1278 1033 1356 1070 :-—‘
1368 1031 1496 1071 metiri
1525 1045 1568 1071 se
1596 1045 1798 1084 quemque
1826 1046 1899 1072 suo
1929 1034 2095 1072 modulo
2122 1046 2170 1073 ac
2201 1034 2306 1085 pede
2337 1045 2475 1073 verum

465 1096 525 1129 est
538 1090 576 1129 '³.

574 1153 788 1193 Praesento
808 1152 921 1192 vobis
942 1154 1289 1205 Francogallorum
1312 1155 1487 1195 Instituti
1507 1155 1658 1195 socium
1680 1155 1882 1204 illustrem,
1905 1157 2159 1196 GABRIELEM
2180 1158 2422 1196 L1PPMAun.

573 1247 688 1301 (501)
709 1249 840 1288 Etiam
867 1264 889 1290 e
915 1250 1118 1301 republica
1145 1250 1315 1306 maxima
1338 1258 1444 1290 trans
1470 1265 1620 1304 aequor
1647 1252 1902 1301 Atlanticum,
1923 1252 2040 1293 nobis
2066 1253 2402 1302 coniunctissima,
2423 1255 2477 1294 ad

466 1324 540 1351 nos
573 1312 762 1351 advectus
796 1320 856 1352 est
888 1314 946 1352 vir
973 1313 1149 1365 insignis,
1180 1313 1471 1365 Washingtonii
1504 1313 1545 1353 in
1575 1314 1673 1354 urbe
1705 1314 1845 1354 illustri
1874 1328 2081 1355 mensurae
2109 1322 2149 1355 et
2177 1315 2364 1366 ponderis
2392 1329 2480 1368 pro-

466 1373 636 1414 vinciae⁴
656 1374 916 1425 praepositus,
940 1375 1009 1426 qui
1028 1377 1222 1427 pecuniae
1242 1375 1427 1426 publicae
1448 1389 1646 1415 summam
1666 1376 1870 1428 ingentem
1891 1377 1967 1417 sibi
1986 1378 2197 1418 liberaliter
2216 1379 2418 1428 creditam,
2439 1385 2479 1419 et

466 1434 655 1474 scientiae
683 1435 806 1486 ipsius
835 1443 875 1475 et
902 1436 1041 1487 populi
1070 1436 1253 1476 industrii
1281 1436 1455 1477 maximo
1484 1450 1576 1476 cum
1604 1439 1745 1487 fructu,
1767 1438 1828 1478 his
1857 1439 1974 1478 rebus
2003 1439 2190 1479 omnibus
2215 1441 2268 1480 ad
2296 1453 2477 1480 normam

465 1504 690 1536 accuratam
710 1497 935 1548 redigendis
956 1497 1155 1538 dedicavit
1168 1512 1180 1547 3
1208 1498 1277 1549 qui
1292 1506 1487 1550 quantum
1503 1499 1771 1550 operariorum
1787 1500 2003 1541 industriae
2019 1501 2272 1541 scientiarum
2287 1501 2480 1552 exquisita

466 1557 641 1609 cognitio
661 1559 849 1607 conferat,
871 1560 1092 1599 luculenter
1115 1559 1411 1600 demonstravit.
1471 1562 1566 1600 Non
1586 1560 1688 1600 inter
1709 1561 1895 1612 antiquos
1921 1569 2076 1601 tantum
2100 1563 2172 1603 sed
2197 1562 2317 1602 etiam
2342 1569 2480 1603 nostro

467 1620 508 1659 in
528 1622 687 1661 saeculo
707 1629 814 1661 trans
833 1635 984 1673 aequor
1003 1622 1250 1662 Atlanticum
1271 1623 1476 1674 cognitum
1497 1630 1567 1671 est,
1591 1623 1803 1672 Mercurio,
1825 1626 1997 1664 Atlantis
2020 1624 2168 1676 nepoti,
2189 1625 2479 1676 negotiatorum

467 1682 648 1722 omnium
674 1682 840 1732 numini,
864 1683 1008 1722 Divam
1038 1683 1272 1731 Minervam,
1295 1684 1548 1725 scientiarum
1573 1685 1754 1725 omniurn
1777 1685 1964 1738 reginam,
1987 1699 2162 1727 sororem
2187 1692 2274 1727 esse
2299 1686 2480 1727 omnium

468 1743 751 1795 dignissimam.
808 1745 946 1784 Animi
974 1745 1098 1785 nostri
1125 1745 1283 1785 fraterni
1312 1746 1353 1785 in
1379 1746 1662 1795 testimonium,
1685 1760 1735 1787 eo
1758 1747 1946 1787 libentius
1969 1748 2089 1788 hodie
2115 1749 2331 1788 salutamus
2354 1747 2479 1789 virum

467 1806 734 1856 eloquentem,
765 1820 885 1858 quem
919 1805 1039 1846 etiam
1069 1806 1201 1858 ipsum
1230 1807 1404 1847 Atlantis
1432 1816 1622 1859 nepotem
1651 1808 1884 1848 facundum⁶
1912 1809 2211 1859 nominaverim,
2242 1811 2480 1851 SAMUELEM

469 1871 648 1909 WESLEY
677 1871 913 1909 STRATTON.

577 1958 692 2012 (502)
714 1959 822 1999 Olim
842 1961 1015 1999 Altonae
1035 1967 1163 2007 natus,
1185 1973 1209 1999 a
1228 1959 1553 1999 Berolinensibus
1573 1961 1767 2000 educatus
1786 1967 1826 2000 et
1844 1960 1896 1999 ab
1916 1959 2067 1999 eisdem
2087 1960 2276 2000 scientiae
2295 1960 2481 2013 physicae

470 2022 521 2061 ad
547 2022 778 2060 cathedram
802 2028 1021 2065 revocatus,
1041 2022 1154 2059 adest
1184 2020 1337 2060 sonitus
1366 2021 1407 2060 in
1436 2027 1525 2060 aere
1553 2021 1677 2060 clausi
1706 2020 1924 2060 velocitatis
1953 2021 2206 2072 investigator
2231 2021 2480 2072 clarissimus,

471 2084 540 2135 qui
572 2083 721 2123 itineris
754 2083 815 2122 sui
844 2083 946 2123 inter
979 2083 1145 2123 comites
1183 2083 1416 2134 insigniores
1451 2083 1741 2124 Cancellarium
1775 2090 1954 2123 nostrum
1988 2084 2219 2123 numeravit.
2279 2085 2394 2124 Idem
2426 2083 2483 2124 rei

471 2146 717 2198 magneticae
736 2147 1016 2198 phaenomena
1035 2146 1101 2185 illa
1120 2159 1311 2197 perquam
1335 2146 1527 2197 impedita
1550 2145 1759 2197 expedivit,
1783 2159 1885 2197 quae
1912 2146 2116 2185 Professor
2140 2145 2304 2196 quidam
2329 2145 2484 2186 noster⁶

471 2216 610 2259 postea
624 2210 842 2259 Hysterest's
856 2208 1019 2248 nomine
1035 2208 1288 2260 nuncupavit.
1336 2208 1522 2260 Denique
1535 2208 1723 2248 scientiae
1738 2208 1925 2260 physicae
1941 2209 2104 2260 Imperii
2119 2209 2240 2249 totius
2255 2208 2483 2250 Germanici

474 2271 662 2310 Instituto
700 2271 959 2311 celeberrimo
998 2272 1255 2322 praepositus,
1292 2270 1464 2310 virorum
1503 2284 1737 2322 magnorum
1776 2283 1982 2310 successor
2018 2284 2185 2323 magnus
2223 2271 2365 2312 merito
2397 2284 2484 2312 esse

473 2333 725 2373 existimatur.
786 2336 896 2374 Inter
926 2336 1122 2374 Doctores
1151 2341 1308 2373 nostros
1337 2333 1500 2372 honoris
1527 2346 1647 2373 causa
1675 2332 1771 2373 olim
1802 2333 2119 2373 Helmholtzium
2149 2333 2484 2374 numeravimus⁷:

472 2396 593 2436 hodie
622 2410 892 2438 successorem
922 2397 1007 2437 eius
1035 2395 1351 2437 recentissimum
1381 2395 1510 2435 ordini
1538 2395 1670 2435 eidem
1698 2395 1867 2435 libenter
1893 2394 2090 2435 addimus.

582 2461 802 2500 Doctorum
822 2467 1047 2500 nostrorum
1067 2459 1208 2500 seriem
1227 2458 1378 2499 claudit
1397 2458 1518 2499 hodie
1537 2458 1726 2499 scientiae
1751 2457 1938 2510 physicae
1963 2457 2124 2498 honoris
2144 2471 2264 2499 causa
2282 2460 2485 2500 Professor

474 2522 751 2570 Berolinensis,
774 2524 990 2563 AEMILms
1010 2525 1246 2562 WARBURG.

1296 2716 1356 2760 29
1394 2700 1496 2748 Oct.
1543 2717 1559 2748 1
1571 2702 1666 2760 908

583 2817 697 2869 (503)
730 2820 832 2856 V1R1
864 2817 904 2857 in
937 2818 1197 2858 Academiam
1231 2826 1406 2858 nostram
1441 2818 1713 2866 liberalissimi,
1748 2818 1819 2857 viri
1849 2818 2111 2859 Scientiarum
2143 2817 2329 2858 Doctoris
2360 2831 2486 2870 nuper

478 2879 641 2920 honoris
660 2893 780 2919 causa
799 2880 940 2919 merito
960 2880 1110 2928 creati⁸,
1132 2881 1362 2920 cathedram
1382 2893 1547 2920 vacuam
1568 2880 1745 2920 relictam
1766 2887 1936 2931 occupat
1956 2880 2077 2920 hodie
2097 2880 2154 2919 vir
2172 2880 2274 2920 inter
2297 2879 2487 2920 Londini-

479 2954 595 2980 enses
615 2949 730 2980 natus
749 2948 869 2992 atque
889 2942 1092 2990 educatus,
1110 2941 1167 2980 vir
1181 2955 1263 2981 non
1280 2943 1403 2982 modo
1417 2941 1519 2981 inter
1535 2941 1825 2981 Londinienses
1841 2942 1911 2980 sed
1926 2941 2045 2980 etiam
2061 2941 2162 2981 inter
2178 2941 2487 2981 Mancunienses

567 3044 579 3065 ¹
603 3045 988 3087 Colour-photography.
1084 3043 1098 3064 ²
1120 3045 1229 3077 Three
1246 3045 1382 3077 distinct
1397 3045 1551 3077 methods
1567 3045 1605 3076 of
1617 3045 1806 3087 measuring
1822 3045 1876 3077 the
1892 3045 1967 3077 olzm
1985 3043 2100 3085 (about
2120 3046 2226 3087 1881).
2335 3044 2350 3065 ⁸
2371 3045 2459 3087 Epp.
2476 3045 2487 3076 i

483 3098 512 3129 7,
529 3090 583 3131 98.
657 3088 671 3108 ⁴
693 3089 766 3121 The
782 3089 928 3120 ‘Bureau
944 3088 982 3119 of
993 3087 1203 3120 Standards'.
1287 3087 1300 3108 ⁶
1326 3090 1470 3128 Horace,
1493 3089 1606 3120 Carm.
1626 3088 1637 3119 i
1657 3099 1706 3125 ro,
1728 3099 1754 3120 1.
1837 3087 1851 3108 ⁶
1874 3088 1962 3120 Prof.
1981 3088 2111 3131 Ewing.
2192 3088 2206 3110 ⁷
2229 3089 2296 3121 No.
2317 3098 2356 3130 53
2371 3094 2486 3130 supra.

480 3131 494 3153 ⁸
518 3132 686 3164 Professor
701 3132 851 3173 Liveing,
870 3142 924 3163 no.
943 3133 1004 3172 485
1022 3137 1134 3173 supra.

1443 3215 1521 3251 224
