2704 3770
845 329 1023 379 Olz'ver
1067 331 1296 380 Wendell
1323 332 1391 380 Η
1387 334 1546 381 olmes.

179 477 315 517 adhuc
332 476 447 528 plura
464 489 488 517 e
506 475 662 516 scriniis
681 475 763 516 suis
778 489 866 517 esse
880 477 1140 529 prolaturum.
1198 476 1398 518 Novimus
1413 485 1566 530 quanto
1585 479 1721 530 lepore
1741 480 1993 531 descripserit
2013 482 2214 533 colloquia

180 540 248 580 illa
271 538 598 590 antemeridiana,
620 540 822 592 symposia
850 540 917 580 illa
944 540 1078 580 sobria
1105 547 1146 581 et
1173 553 1310 581 severa
1338 542 1410 581 sed
1436 542 1579 582 eadem
1602 541 1743 582 festiva
1768 548 1809 582 et
1834 543 1973 591 faceta,
1998 542 2041 583 in
2066 544 2213 595 quibus

180 601 328 643 totiens
347 608 500 642 mutata
522 615 704 654 persona,
726 603 852 643 modo
875 607 1005 655 poeta,
1028 604 1153 643 modo
1176 604 1388 655 professor,
1410 604 1534 644 modo
1560 603 1746 656 princeps
1773 611 1812 644 et
1838 604 1984 645 arbiter
2006 606 2211 657 loquendi,
2245 600 2248 602 ’

180 667 284 707 inter
320 665 510 707 convivas
543 679 638 706 suos
666 674 803 718 regnat
815 667 838 705 ¹.
897 666 1064 707 Talibus
1093 666 1238 707 libellis
1267 666 1458 715 comitati,
1494 667 1615 707 etiam
1650 667 1939 708 Scandinaviae
1978 667 2214 709 solitudines

180 729 350 770 tolerare
386 741 622 781 possemus;
662 728 809 768 talibus
846 728 992 768 libellis
1029 729 1176 777 edocti,
1215 730 1320 769 vitae
1358 730 1560 769 humanae
1598 729 1832 770 societatem
1870 730 2014 770 melius
2052 730 2215 783 diligere

181 791 385 833 discimus.
443 791 653 832 Societatis
679 791 841 831 vinculo
869 791 1068 832 artissimo
1094 805 1188 832 cum
1214 792 1382 832 huiusce
1405 792 1666 844 popularibus
1686 793 1903 842 coniuncti,
1925 793 1990 833 vix
2018 794 2215 834 recordari

182 857 378 906 volumus,
409 857 489 897 hoc
519 855 608 908 ipso
636 855 702 896 die
732 856 813 896 fere
846 862 1011 896 centum
1038 855 1188 896 abhinc
1220 869 1349 896 annos
1378 856 1575 908 proelium
1603 856 1703 896 illud
1731 855 1833 897 inter
1861 858 2029 897 colonos
2058 864 2216 897 nostros

182 927 224 961 et
248 920 536 972 nosmetipsos
562 932 650 960 esse
676 920 950 969 commissum,
972 919 1086 959 cuius
1112 926 1433 968 monumentum,
1456 918 1617 959 fortium
1638 919 1811 959 virorum
1838 919 1880 959 in
1905 921 2102 961 honorem
2126 933 2219 960 con-

181 983 325 1033 ditum,
356 983 637 1035 Cantabrigiae
662 982 1006 1023 Transatlanticae
1031 982 1218 1023 viciniam
1252 982 1443 1035 prospicit
1455 984 1479 1022 Β.
1540 984 1657 1023 Iuvat
1685 983 1820 1035 potius
1846 983 2078 1024 meminisse
2108 983 2216 1024 diem

180 1046 359 1087 eundem
377 1059 470 1086 cum
491 1045 692 1099 scriptoris
712 1045 868 1098 egregii,
892 1045 1108 1087 Addisonii
1129 1046 1264 1095 nostri,
1287 1046 1482 1086 memoria
1501 1046 1780 1087 consociatum
1800 1060 1899 1087 esse.
1959 1049 2076 1087 Iuvat
2097 1047 2218 1088 verba

181 1109 223 1149 in
242 1108 348 1150 iuius
366 1110 529 1150 laudem
549 1109 646 1149 olim
666 1109 812 1162 scripta
833 1110 1016 1159 mutuari,
1039 1110 1137 1150 dum
1157 1110 1301 1162 gratias
1327 1109 1451 1151 hodie
1473 1110 1628 1162 agimus
1650 1114 1660 1132 ‘
1673 1111 1782 1151 haud
1805 1110 1972 1163 ignobili
1998 1116 2153 1163 poetae,
2175 1112 2216 1152 in

181 1173 362 1214 oratione
385 1175 516 1214 soluta
541 1175 795 1214 contexenda
819 1187 980 1214 summo
1005 1173 1157 1222 artifici,
1180 1173 1337 1214 censori
1357 1187 1514 1214 morum
1538 1174 1645 1226 gravi
1669 1187 1765 1214 sane
1789 1175 1861 1214 sed
1889 1181 1929 1215 et
1955 1174 2216 1227 periucundo,

180 1235 396 1278 levioribus
429 1238 471 1277 in
504 1238 748 1290 argumentis
782 1237 1005 1278 subridenti
1036 1237 1218 1286 suaviter,
1250 1249 1312 1278 res
1341 1237 1462 1277 etiam
1491 1239 1612 1279 serias
1640 1239 1777 1290 lepore
1810 1239 1989 1289 quodam
2023 1251 2098 1279 suo
2126 1252 2219 1279 con-

181 1298 402 1352 tingenti'⁸.
464 1301 540 1341 Ille
572 1314 667 1341 vero
698 1314 750 1341 ne
780 1299 1158 1353 quinquagesimum
1193 1300 1358 1352 quidem
1390 1299 1494 1341 vitae
1527 1313 1679 1340 annum
1710 1299 1809 1340 vidit
1823 1314 1834 1350 ς
1871 1300 1937 1340 hie
1970 1308 2105 1341 autem
2138 1302 2220 1342 fere

181 1365 328 1405 eodem
357 1364 498 1405 aetatis
531 1371 713 1417 tempore
746 1378 850 1405 nova
883 1366 990 1404 fama
1024 1363 1372 1413 effloruit‚-ve1ut
1405 1363 1502 1404 olim
1537 1363 1607 1404 ubi
1640 1363 1682 1403 in
1715 1363 1804 1415 ipso
1836 1371 2057 1404 auctumno
2091 1378 2219 1405 novus

181 1429 348 1480 refulget
365 1429 526 1470 aestatis
546 1429 748 1481 splendor.
806 1428 961 1468 Videor
986 1427 1084 1467 mihi
1110 1435 1243 1468 vatem
1268 1429 1472 1479 quendam
1499 1435 1711 1468 canentem
1731 1427 1942 1477 audivisse,
1965 1427 2078 1468 illurn
2104 1429 2218 1469 cuius

181 1490 225 1532 in
263 1492 385 1532 corde
430 1498 560 1532 aestas
603 1499 766 1532 aeterna
806 1492 974 1541 floreret,
1011 1504 1095 1531 non
1135 1492 1364 1531 vocandum
1407 1505 1494 1531 esse
1532 1491 1703 1532 senem⁴.
1763 1491 1965 1544 Equidem
2003 1491 2219 1533 iuventutis

183 1561 400 1607 perpetuae
445 1555 601 1594 fontem
638 1553 750 1593 illum
789 1566 910 1605 quem
950 1561 1058 1593 trans
1095 1566 1247 1605 aequor
1284 1552 1534 1593 Atlanticum
1573 1554 1850 1606 Hispanorum
1890 1562 2035 1595 nautae
2078 1556 2220 1596 frustra

183 1616 440 1669 quaerebant,
458 1622 623 1656 nautam
638 1616 747 1655 hunc
763 1615 991 1664 feliciorem,
1010 1629 1093 1655 non
1113 1616 1314 1655 fabulosas
1330 1615 1434 1655 inter
1452 1615 1602 1655 insulas
1621 1617 1693 1656 sed
1712 1616 1983 1656 Academicae
2002 1616 2219 1658 iuventutis

183 1681 225 1720 in
257 1692 395 1720 amore
420 1686 628 1732 perpetuo,
659 1678 701 1718 in
729 1692 867 1720 amore
896 1686 1049 1728 mutuo,
1071 1678 1271 1719 invenisse
1300 1677 1539 1719 crediderim
1551 1679 1575 1716 ¹⁵.
1633 1680 1762 1719 Trans
1788 1679 2010 1720 occidentis
2037 1682 2218 1732 amplum

181 1743 296 1784 illum
328 1743 473 1793 sinum,
507 1743 585 1784 levi
617 1743 784 1795 phaselo
818 1749 966 1791 vectus,
1003 1742 1073 1782 diu
1107 1743 1288 1794 naviget:
1328 1741 1468 1782 nautili
1501 1741 1606 1782 illius
1639 1741 1727 1792 ritu,
1763 1756 1886 1794 quem
1918 1742 2098 1783 versibus
2135 1751 2218 1784 tam

182 1806 361 1859 pulchris
388 1805 609 1858 descripsit,
642 1804 773 1845 indies
804 1818 875 1857 per
899 1804 1095 1857 ampliora
1122 1805 1176 1845 ad
1202 1803 1342 1844 altiora
1374 1802 1546 1844 tendat⁶.
1606 1805 1728 1844 Suam
1758 1806 2032 1854 Academiam,
2064 1819 2135 1857 per
2160 1813 2219 1846 tot

183 1870 344 1911 saecula
370 1868 537 1911 feliciter
569 1876 857 1918 conservatam,
891 1867 993 1908 intra
1026 1880 1178 1920 paucos
1212 1880 1372 1907 menses
1405 1866 1582 1907 carmine
1608 1867 1800 1907 saeculari
1829 1867 1973 1908 iterum
2007 1869 2181 1909 celebret
2193 1869 2216 1918 ⁷,

183 1933 336 1987 diuque
355 1940 556 1986 superstes
574 1932 661 1985 ipse
680 1939 844 1974 exornet
856 1946 868 1982 3
897 1938 1057 1972 nostrae
1077 1930 1254 1983 denique
1282 1930 1528 1972 Academiae
1554 1931 1719 1971 honoris
1745 1944 1866 1972 causa
1891 1931 2126 1984 adscriptus,
2149 1931 2219 1972 diu

183 2003 224 2038 et
251 2003 434 2038 nostrum
461 2003 503 2038 et
530 1995 654 2037 totius
681 1995 901 2036 litterarum
925 1993 1169 2046 reipublicae
1194 1994 1247 2034 ad
1273 1994 1447 2034 fructum
1466 1995 1616 2042 floreat,
1648 1993 1787 2046 vigeat,
1817 1995 1956 2043 valeat,
1980 1994 2218 2035 Litterarum

186 2060 352 2109 Doctor,
373 2059 543 2101 OleER
562 2060 785 2098 WENDELL
806 2059 1001 2097 HOLMEs.

1023 2276 1052 2320 9
1077 2260 1211 2327 July
1255 2261 1381 2309 1886

477 2362 609 2411 Vz'sz't
643 2362 708 2427 of
732 2362 1142 2427 representatives
1176 2363 1241 2427 of
1264 2362 1346 2410 the
1386 2362 1432 2410 C
1427 2361 1609 2411 olonz'es
1643 2361 1753 2410 and
1780 2361 1936 2411 India

295 2469 477 2510 U‘rmAM
496 2467 633 2508 liceret
652 2467 775 2507 hodie
794 2467 923 2519 patrio
943 2466 1012 2506 illo
1032 2473 1169 2506 nostro
1189 2479 1375 2506 sermone
1394 2467 1464 2515 uti,
1486 2467 1585 2506 dum
1605 2466 1755 2518 patriae
1778 2466 1960 2507 eiusdem
1987 2466 2090 2507 filios
2114 2480 2136 2508 e
2162 2474 2222 2507 tot

184 2531 294 2572 orbis
312 2538 504 2572 terrarum
523 2530 702 2582 partibus
722 2529 840 2570 nobis
859 2529 1060 2582 paulisper
1078 2531 1269 2570 advectos
1290 2529 1535 2569 Academiae
1555 2529 1677 2570 totius
1693 2530 1859 2570 nomine
1874 2531 2104 2579 salutamus,
2119 2544 2222 2583 quos

185 2608 269 2636 non
289 2595 414 2636 modo
433 2593 660 2635 communis
679 2593 826 2646 lingua,
841 2606 1059 2633 commune
1078 2606 1217 2644 genus,
1233 2605 1452 2632 commune
1467 2592 1678 2632 nominum
1694 2592 1906 2633 illustrium
1922 2593 2219 2645 patrimonium,

183 2659 257 2699 sed
272 2656 393 2699 etiam
413 2657 585 2698 eandem
605 2669 697 2708 erga
718 2655 916 2708 Reginam
937 2656 1049 2703 fides,
1071 2654 1241 2694 vinculis
1261 2654 1474 2694 nobiscum
1494 2654 1700 2694 artissimis
1720 2654 1938 2707 coniungit.
1997 2655 2120 2707 Atqui
2136 2655 2222 2708 ipsa

184 2721 253 2762 illa
276 2721 413 2774 lingua
436 2720 580 2760 Latina
606 2733 728 2772 quam
759 2719 880 2760 moris
906 2718 1062 2770 antiqui
1088 2731 1286 2758 memores
1313 2717 1434 2758 etiam
1458 2731 1567 2757 nunc
1590 2731 1839 2770 usurpamus,
1863 2718 1985 2759 hodie
2008 2732 2083 2758 nos
2107 2718 2222 2770 quasi

186 2785 532 2825 commonefacere
556 2783 723 2832 videtur,
745 2781 901 2822 nomini
929 2780 1162 2820 Britannico
1182 2787 1339 2820 tanturn
1363 2779 1471 2820 orbis
1495 2786 1686 2819 terrarum
1714 2780 1887 2832 spatium
1917 2793 2005 2820 esse
2030 2780 2222 2821 divinitus

185 2847 394 2895 donatum,
418 2853 616 2897 quantum
645 2858 697 2885 ne
718 2843 895 2884 Romani
918 2842 1084 2895 quidem
1111 2842 1266 2895 imperii
1290 2841 1471 2882 victrices
1494 2841 1652 2893 aquilae
1677 2855 1872 2893 umquam
1895 2844 2220 2883 transvolamnt⁸.

273 2933 286 2955 ¹
317 2935 382 2968 77ιε
396 2933 590 2977 Breaksast—
598 2934 632 2966 T
625 2934 696 2966 able
711 2934 820 2966 Series
831 2943 887 2965 .·—
894 2932 962 2965 The
977 2934 1140 2964 Autocrat
1154 2930 1322 2974 (1857—8),
1340 2931 1408 2963 The
1419 2929 1590 2973 Professor
1601 2928 1773 2972 (1858-9),
1788 2930 1855 2963 and
1877 2930 1946 2963 The
1954 2931 2034 2964 Poet
2049 2930 2222 2974 (1871—2).

187 2977 202 3000 ⁸
223 2978 299 3012 Tire
314 2979 515 3012 Monument
535 2983 569 3010 at
591 2977 824 3011 Charlestown
845 2975 1147 3018 commemorating
1167 2975 1224 3008 the
1250 2976 1258 2992 ‘
1272 2975 1384 3007 Battle
1404 2974 1443 3006 of
1462 2974 1598 3006 Bunker
1622 2972 1715 3006 Hill’
1733 2974 1787 3015 (17
1807 2973 1896 3016 June
1921 2973 2019 3017 1775)
2041 2975 2108 3007 and
2130 2985 2221 3008 com-

188 3022 351 3066 mnding
365 3034 385 3055 a
400 3023 483 3055 view
501 3021 540 3055 of
552 3021 679 3054 Boston
701 3021 768 3054 and
784 3020 1001 3062 Cambridge.
1113 3018 1127 3040 3
1150 3019 1354 3061 Inscrzsption
1377 3023 1409 3051 to
1431 3019 1495 3050 Mr
1517 3017 1679 3054 Addison,
1708 3018 1802 3059 1805.
1917 3017 1932 3038 ⁴
1958 3018 2092 3052 ‘While
2119 3019 2224 3052 we’ve

186 3065 292 3110 youth
314 3066 350 3118 in
372 3076 434 3098 our
455 3065 578 3105 hearts,
597 3075 648 3098 we
671 3075 733 3097 can
756 3075 858 3097 never
879 3075 972 3127 grow
995 3063 1053 3096 old
1065 3062 1084 3101 ',
1109 3063 1165 3096 the
1188 3063 1252 3095 last
1275 3063 1405 3113 line-of
1428 3063 1503 3095 Our
1524 3062 1654 3093 Indian
1678 3062 1834 3122 Suovtnter
1856 3060 1981 3104 (1856).
2114 3062 2128 3083 ⁶
2156 3063 2224 3095 The

187 3111 363 3144 Fountam
384 3109 426 3152 of
449 3109 552 3142 Youth
579 3108 704 3152 (1873).
924 3108 991 3140 The
1017 3107 1221 3140 Chambered
1239 3107 1406 3139 Nautzlus
1430 3106 1601 3148 (1857-8).
1784 3105 1859 3138 The
1875 3106 1944 3138 Son
1987 3106 2027 3139 of
2048 3104 2132 3149 1836
2154 3117 2224 3139 was

187 3154 223 3187 iu
246 3154 312 3187 due
334 3153 416 3186 time
439 3153 597 3186 followed
620 3152 666 3196 by
688 3151 745 3185 the
771 3152 867 3184 Poem
891 3151 930 3184 of
949 3152 968 3184 8
993 3151 1081 3184 Nov.
1113 3150 1206 3184 1886.
1343 3149 1357 3170 Β
1381 3154 1389 3168 ⁴
1403 3149 1552 3192 Regions
1568 3149 1692 3182 Caesar
1707 3159 1809 3182 never
1823 3149 1924 3182 knew
1969 3150 2046 3193 Thy
2062 3150 2224 3193 posterity

187 3197 274 3231 shall
289 3207 402 3240 sway3
423 3195 428 3240 Ι
449 3196 576 3230 Where
589 3197 643 3229 his
658 3196 770 3239 eagles
786 3205 887 3229 never
902 3195 990 3235 fleW,
1011 3194 1017 3237 1
1039 3195 1140 3227 None
1156 3194 1337 3228 invincible
1352 3205 1389 3227 as
1404 3194 1484 3236 they
1498 3194 1516 3225 '.
1563 3193 1737 3236 Cowper’s
1753 3193 1925 3227 Boudicca.

1180 3277 1228 3319 55
