2704 3770
273 357 410 407 Max
441 357 694 407 Verworn.
766 356 839 406 H.
867 373 962 406 von
997 355 1248 420 Vacktz'ng.
1322 355 1479 421 Hugo
1501 357 1586 405 De
1620 357 1671 405 V
1666 358 1773 407 ries.
1852 359 1905 409 C.
1932 360 2001 409 D.
2043 361 2263 411 Walcott.

368 506 484 560 (526)
522 507 822 559 Goettingensis
849 506 1109 555 Universitas,
1131 506 1293 546 vinculo
1318 505 1486 557 antiquo
1512 519 1604 546 cum
1633 506 1834 547 Britannis
1861 508 2086 558 coniuncta,
2108 511 2282 560 legatum

258 570 312 611 ad
343 583 420 611 nos
452 570 560 611 misit
593 569 867 623 physiologiae
900 570 1165 622 professorem
1198 568 1409 621 insignem,
1440 568 1569 608 virum
1602 568 1764 620 ingenio
1796 570 1969 609 versatili
2001 578 2041 610 et
2075 571 2284 622 multiplici

258 635 496 686 praeditum,
536 634 607 686 qui
644 647 728 675 non
765 635 890 674 modo
927 632 1229 685 archaeologiae
1267 632 1471 684 regionem
1510 631 1842 684 antiquissimam,
1882 634 1969 672 aevi
2008 633 2131 673 medii
2167 642 2281 682 artes,

258 695 466 736 scientiam
497 695 674 748 denique
702 695 1023 736 numismaticam
1054 694 1246 747 temporis
1275 693 1464 735 subsicivi
1497 693 1539 734 in
1569 694 1724 734 deliciis
1753 694 1905 744 habuit,
1937 696 2009 735 sed
2037 694 2158 735 etiam
2190 703 2284 741 ante

257 758 396 799 omnia
414 759 604 800 scientiae
623 759 679 799 illi
698 773 878 811 magnae,
893 772 997 811 quae
1017 758 1139 799 vitam
1158 758 1384 798 universam
1404 757 1628 810 investigat,
1640 757 1763 798 vitam
1780 771 1905 810 prope
1925 765 2051 798 totam
2072 758 2283 798 dedicavit.

258 821 400 862 Peritis
419 829 561 862 notum
580 829 641 862 est
660 821 730 874 (ne
750 821 905 862 minora
924 820 1257 873 commemorem)
1278 833 1381 872 opus
1400 819 1500 860 illud
1520 819 1662 872 ingens
1681 833 1879 860 annorum
1900 819 2223 872 quattuordecim
2243 821 2284 859 in

257 882 388 935 spatio
417 883 498 924 iam
530 883 744 936 quinquies
777 883 819 923 in
847 884 980 923 lucem
1009 882 1175 932 editum,
1205 882 1246 922 in
1278 895 1360 934 quo
1393 895 1418 922 a
1445 882 1598 922 cellulis
1627 881 1792 934 singulis
1821 894 1983 922 exorsus
2011 881 2284 934 physiologiae

257 945 503 997 provinciam
535 953 661 986 totam
688 945 744 985 ita
768 945 1000 997 peragravit,
1034 952 1078 985 ut
1105 957 1188 985 non
1215 945 1340 985 modo
1367 943 1559 984 scientiae
1583 943 1707 996 ipsius
1734 943 1950 993 historiam,
1973 943 2281 996 philosophiam,

256 1007 557 1060 psychologiam
576 1007 662 1059 ipse
682 1020 757 1047 suo
778 1008 910 1047 Marte
929 1006 1164 1055 tractaverit,
1188 1008 1260 1048 sed
1286 1006 1408 1047 etiam
1434 1006 1603 1047 aliorum
1627 1006 1790 1047 inventa
1818 1008 2022 1059 praeclara
2047 1006 2197 1058 ingenii
2223 1006 2284 1046 sui

255 1069 409 1110 lumine
427 1069 708 1110 illustraverit1.

365 1132 485 1172 Duco
503 1132 558 1172 ad
576 1144 648 1172 vos
668 1132 774 1170 MAx
794 1132 1031 1172 VERWORN.

363 1233 480 1287 (527)
500 1235 642 1274 Florae
664 1233 706 1273 in
733 1234 942 1274 sacerdote
968 1235 1230 1276 celeberrimo
1257 1235 1534 1288 Tuebingensi
1562 1235 1738 1276 Darwini
1757 1235 1883 1276 nostri
1908 1234 2152 1287 discipulum
2176 1248 2286 1287 prae-

253 1299 405 1340 clarum
431 1297 699 1351 agnoscimus,
732 1298 801 1350 qui
834 1299 1062 1350 plantarum
1095 1298 1137 1338 in
1167 1298 1344 1339 motibus
1382 1298 1680 1339 accuratissime
1710 1298 1987 1340 examinandis
2020 1298 2282 1348 felicissimus,

253 1361 376 1403 docet
403 1360 644 1402 libramento
675 1374 797 1413 quam
829 1360 1027 1413 exquisito
1058 1368 1174 1402 nutet
1211 1363 1405 1402 tremulae
1443 1363 1517 1402 flos
1555 1360 1694 1411 violae,
1729 1369 1849 1413 caput
1886 1362 2094 1402 aureolum
2132 1369 2285 1401 exserat

254 1425 455 1466 narcissus
468 1439 480 1475 3
507 1432 659 1478 quanta
679 1424 854 1465 sollertia
873 1425 998 1465 herba
1017 1438 1204 1477 quaeque
1222 1425 1358 1466 viridis
1378 1426 1541 1465 frondes
1561 1438 1652 1464 suas
1678 1424 1734 1464 ita
1752 1424 1933 1476 explicet,
1956 1432 2000 1464 ut
2026 1424 2120 1465 solis
2146 1425 2283 1464 lumen

254 1487 375 1528 vitale
404 1500 526 1540 quam
553 1486 769 1539 plurimum
796 1487 976 1539 accipiat.
1038 1489 1167 1538 Idem,
1192 1488 1456 1541 ‘polaritatis’
1476 1489 1701 1528 secundum
1721 1489 1849 1540 legem
1870 1489 2086 1540 quandam,
2108 1487 2284 1527 ostendit

254 1550 298 1591 in
315 1551 504 1592 arborum
523 1551 642 1591 ramis
662 1551 878 1604 amputatis
894 1559 1089 1604 quantum
1109 1566 1134 1592 a
1152 1560 1264 1604 parte
1284 1566 1442 1592 summa
1456 1565 1546 1604 pars
1562 1551 1642 1591 ima
1658 1551 1856 1604 discrepet
1869 1566 1880 1601 ;
1910 1558 2009 1603 quot
2029 1550 2284 1603 quaestiones

255 1615 534 1656 subtilissimas
562 1615 858 1668 sapientissimo
889 1616 1035 1668 cuique
1066 1616 1236 1656 subiciat
1261 1615 1432 1656 rusticus
1459 1615 1525 1656 ille
1555 1614 1734 1667 simplex,
1756 1614 1826 1666 qui
1856 1628 1905 1655 ex
1934 1614 2047 1655 omni
2072 1613 2283 1654 hominum

253 1678 448 1720 memoria
466 1677 508 1719 in
526 1686 766 1732 perpetuum
785 1687 995 1720 conservat

964 1758 1089 1807 ‘quos
1117 1754 1203 1807 ipse
1230 1754 1294 1795 via
1322 1754 1399 1795 sibi
1427 1754 1599 1807 repperit
1627 1767 1747 1794 usus:

745 1809 812 1850 hic
840 1810 998 1861 plantas
1026 1817 1166 1850 tenero
1194 1809 1437 1850 abscindens
1465 1811 1518 1850 de
1546 1822 1714 1861 corpore
1742 1816 1916 1849 matrum

747 1864 935 1916 deposuit
963 1864 1094 1913 sulcis,
1125 1863 1192 1905 hic
1219 1864 1361 1916 stirpes
1389 1864 1522 1904 obruit
1549 1865 1702 1904 arvo'2.

365 1940 484 1978 Duco
502 1938 556 1978 ad
574 1951 646 1978 vos
667 1939 966 1977 HERMANNUM
986 1949 1043 1977 DE
1063 1938 1328 1978 VocHTING³.

361 2045 478 2100 (528)
513 2045 690 2086 Darwini
709 2046 835 2086 nostri
854 2046 895 2086 in
913 2046 1147 2087 memoriam
1168 2048 1406 2087 decoramus
1426 2046 1549 2088 hodie
1568 2047 1781 2088 botanicae
1801 2048 2067 2099 professorem
2088 2047 2285 2087 Amstelo·

253 2109 501 2158 damensem,
536 2109 665 2150 virum
696 2124 721 2150 a
754 2111 955 2151 Societate
987 2110 1115 2163 Regia
1145 2110 1389 2151 numismate
1419 2124 1541 2151 aureo
1572 2111 1749 2151 Darwini
1785 2111 1827 2151 in
1865 2112 2061 2151 honorem
2099 2109 2284 2150 instituto

252 2172 480 2213 donatum⁴.
539 2173 675 2223 Quam
695 2173 862 2224 pulchre
882 2172 1070 2222 ostendit,
1093 2186 1215 2224 quam
1235 2173 1399 2222 varium,
1422 2187 1545 2225 quam
1565 2174 1759 2214 mutabile
1779 2173 1828 2213 sit
1859 2174 2003 2213 florum
2034 2186 2160 2224 genus
2186 2172 2285 2212 illud

246 2235 478 2287 pulchrum,
507 2236 618 2287 quod
650 2235 821 2288 primula
854 2235 1079 2287 vespertina
1111 2237 1174 2276 vel
1204 2236 1339 2288 potius
1378 2237 1592 2277 Oenothera
1623 2236 1876 2277 nominatur!
1935 2235 2025 2285 Alii,
2054 2235 2156 2275 inter
2182 2249 2285 2287 quos

253 2297 418 2338 honoris
437 2312 558 2339 causa
578 2297 726 2338 Raium
746 2306 927 2339 nostrum
940 2301 954 2322 ³
972 2300 1243 2348 nominamus,
1264 2300 1400 2340 aiunt:
1433 2303 1442 2321 ‘
1455 2302 1610 2341 Natura
1635 2314 1718 2341 non
1745 2300 1839 2341 facit
1864 2302 1988 2341 saltus
2001 2302 2034 2349 '3
2062 2299 2129 2340 hic
2148 2307 2283 2339 autern

253 2360 431 2414 speciem
449 2375 790 2413 unamquamque,
813 2375 896 2402 non
917 2376 939 2402 e
966 2363 1228 2403 fluctuatione
1253 2371 1337 2404 tam
1363 2365 1477 2404 tarda
1506 2371 1550 2404 ut
1576 2365 1786 2404 oculorum
1811 2363 1940 2404 aciem
1967 2362 2139 2415 effugiat,
2161 2363 2233 2403 sed
2262 2376 2284 2402 e

253 2424 477 2466 mutatione
495 2426 628 2466 subita
647 2433 784 2466 censet
803 2426 955 2466 exoriri.
1015 2428 1169 2467 Natura
1188 2430 1310 2468 saltus
1330 2427 1448 2480 igitur
1466 2441 1774 2480 nonnumquam
1795 2428 1899 2468 facit.

365 2488 485 2528 Duco
503 2487 557 2528 ad
577 2500 648 2527 vos
669 2489 897 2528 HUGONEM
918 2500 976 2528 DE
995 2490 1159 2530 VRms⁶.

363 2585 480 2639 (529)
510 2587 639 2626 Trans
664 2599 816 2639 aequor
840 2587 1090 2627 Atlanticum
1118 2588 1218 2627 alter
1242 2588 1295 2628 ad
1315 2601 1390 2628 nos
1409 2587 1519 2628 venit
1538 2588 1690 2640 legatus
1710 2586 1887 2639 insignis,
1911 2585 2091 2626 Instituti
2111 2586 2284 2626 celeber-

254 2647 345 2688 rimi
382 2648 756 2701 Washingtonensis
795 2649 1094 2690 administrator
1130 2650 1366 2699 indefessus,
1406 2649 1738 2690 Americanorum
1772 2650 1814 2689 in
1852 2649 2078 2701 Republica
2112 2648 2285 2688 maxima

254 2711 516 2764 explorationi
535 2714 768 2766 geologicae
787 2713 996 2754 universae
1022 2714 1228 2766 quondam
1256 2713 1520 2766 praepositus.
1577 2715 1713 2754 Zonae
1733 2713 1917 2762 Olenelli,
1942 2713 2101 2765 rupium
2127 2712 2284 2752 illarum

253 2775 633 2829 antiquissimarum,
665 2777 707 2818 in
742 2777 889 2830 quibus
919 2778 1023 2819 vitae
1056 2779 1208 2819 formae
1246 2777 1402 2818 fossiles
1440 2776 1502 2830 (ut
1539 2777 1669 2830 aiunt)
1700 2784 1879 2830 repertae
1912 2785 2016 2826 sunt,
2052 2777 2104 2816 de
2141 2775 2284 2816 incolis

253 2838 438 2879 extinctis
463 2841 664 2892 praeclare
691 2840 919 2893 disputavit.
964 2842 1098 2881 'Idem
1125 2840 1341 2882 Cambriae
1366 2840 1408 2880 in
1435 2839 1549 2889 saxis,
1571 2853 1654 2880 non
1676 2841 1801 2880 modo
1820 2841 2095 2890 Brachiopoda
2116 2838 2287 2879 subtilis-

253 2900 355 2942 sime
373 2901 626 2952 examinavit,
649 2903 722 2943 sed
742 2903 863 2943 etiam
890 2903 932 2941 T
924 2904 1095 2943 rilobites
1114 2903 1214 2952 illos,
1238 2915 1410 2955 quorum
1431 2902 1472 2942 in
1499 2904 1620 2943 oculo
1639 2916 1734 2950 uno,
1757 2902 1840 2942 saxi
1859 2902 1901 2942 in
1928 2901 2096 2953 caligine
2122 2909 2285 2942 aeterna

342 2984 356 3005 ¹
378 2987 581 3029 Allgemeine
595 2988 811 3030 Physiolog'ie‚
830 2989 884 3022 ed.
903 2999 932 3031 5,
956 2999 1049 3033 1909.
1206 2988 1219 3009 ²
1241 2989 1334 3032 Virg.
1355 2990 1467 3031 Georg.
1484 2989 1507 3021 ii
1525 2999 1564 3022 22
1575 2989 1599 3021 f.
1746 2987 1760 3009 ³
1782 2989 1914 3021 Author
1930 2989 1969 3021 of
1985 2989 2086 3021 Ueber
2097 2989 2158 3021 der
2172 2990 2284 3021 Lz'clzt-

252 3029 472 3073 stellungder
484 3032 716 3069 Laubbla'tter3
746 3033 847 3065 Ueber
867 3034 1168 3076 Transplantation
1184 3044 1240 3065 am
1258 3033 1547 3075 Pflanzcnke'ae'rper,
1565 3039 1628 3066 etc.
1764 3032 1778 3052 ⁴
1802 3033 1866 3075 Cp.
1884 3034 2028 3070 Nature,
2045 3032 2065 3065 6
2082 3034 2167 3066 Dec.
2188 3033 2281 3077 1906,

254 3083 288 3117 p.
309 3083 380 3116 133.
556 3074 570 3095 ⁶
590 3075 683 3118 John
700 3076 786 3118 Ray,
803 3077 963 3110 Historia
978 3078 1194 3115 Planlarum,
1211 3078 1222 3109 i
1240 3076 1352 3119 (1686)
1373 3087 1425 3118 50,
1446 3077 1550 3110 ‘Cum
1565 3077 1656 3110 enim
1673 3077 1812 3109 Natura
1828 3078 1877 3116 (ut
1893 3077 1960 3109 dici
1976 3076 2074 3119 solet)
2092 3088 2159 3109 non
2172 3077 2286 3120 faciat

251 3117 368 3157 saltus,
398 3128 461 3151 nec
486 3119 527 3151 ab
549 3124 693 3152 extremo
714 3120 761 3152 ad
777 3125 962 3153 extremum
984 3126 1144 3161 transtu,
1173 3122 1246 3154 nisi
1259 3127 1324 3163 per
1342 3120 1567 3160 medium...’;
1591 3131 1645 3163 cp.
1676 3121 1856 3158 Linnaeus,
1881 3121 2092 3163 Philosophia
2121 3121 2285 3154 Botam'ca

254 3158 382 3204 (1770),
402 3172 436 3205 p-
455 3170 506 3204 27,
525 3163 544 3203 5
561 3172 614 3205 77·
795 3164 810 3184 ⁸
831 3165 965 3198 Author
980 3165 1018 3198 of
1030 3165 1341 3199 Mutationstheorie
1357 3163 1469 3209 (1903)
1479 3176 1490 3204 3
1513 3164 1581 3198 and
1598 3165 1704 3207 Essay
1720 3175 1765 3197 on
1790 3165 1978 3205 Variation,
1996 3165 2031 3197 in
2045 3165 2200 3198 Darwin
2215 3166 2290 3198 and

253 3205 398 3238 Modern
413 3205 553 3247 Science,
571 3205 614 3240 66
626 3206 651 3240 f.

364 3288 396 3318 s.
417 3288 450 3318 s.
1237 3295 1314 3334 233
2125 3295 2176 3332 30
