2704 3770
561 305 658 355 Sir
676 306 821 372 John
861 305 1042 354 Gorell
1070 306 1284 354 Barnes.
1358 307 1546 371 Hemy
1568 307 1749 373 sames
1783 309 1916 358 FosS.

227 454 419 494 audacter
429 465 676 504 permensus,
689 454 879 504 paludem
893 452 976 493 Nili
988 453 1253 505 pestilentem,
1268 454 1382 493 miles
1395 460 1434 493 et
1449 455 1651 494 Mercator
1662 454 1783 503 idem,
1794 455 1994 507 paulisper
2005 457 2229 507 occupabat
2235 457 2259 496 ¹.

230 517 372 568 Nuper
399 514 551 567 patriae
582 515 763 556 redditus
793 523 834 557 et
864 530 890 557 a
918 516 1086 557 summis
1116 515 1208 556 viris
1241 516 1422 557 certatim
1455 518 1652 566 laudatus,
1685 526 1836 570 quanta
1873 518 2077 571 dignitate,
2112 527 2263 571 quanta

229 590 388 618 morum
421 577 630 626 modestia,
661 577 761 618 nihil
794 577 870 619 sibi
903 580 1108 631 arrogavit,
1141 580 1304 619 laudem
1332 592 1497 619 omnem
1525 581 1578 619 ad
1607 579 1738 620 socios
1773 594 1877 629 suos,
1908 581 2069 620 laudem
2099 594 2263 621 omnem

229 641 283 682 ad
302 641 448 682 milites
466 654 561 682 suos
580 641 751 682 libenter
769 642 928 683 rettulit.
988 641 1149 683 Talium
1168 641 1342 682 virorum
1362 642 1509 683 auxilio
1530 642 1638 683 Iovis
1662 645 1869 684 oraculum
1892 643 2103 694 antiquum
2128 644 2263 683 denuo

231 716 369 745 verum
388 703 590 745 redditum
610 712 681 754 est,
702 703 897 757 quicquid
922 705 1038 746 Nilus
1060 705 1246 757 irrigaret,
1268 704 1311 745 id
1334 719 1456 746 omne
1482 707 1711 759 Aegyptum
1737 708 1853 748 esse2.
1915 706 2144 747 Britanniae
2170 720 2264 747 vero

231 765 355 807 totius
390 766 626 807 auctoritate
662 766 750 807 orbi
783 774 974 807 terrarum
1013 768 1149 808 denuo
1183 774 1461 816 monstratum,
1498 768 1582 808 Nili
1619 770 1764 809 vallem
1803 782 1967 810 omnem
2006 782 2140 809 revera
2177 782 2265 809 esse

231 830 473 882 Aegyptum,
494 842 627 881 neque
651 828 832 881 gentium
857 837 1078 870 exterarum
1099 830 1395 871 incursionibus
1415 830 1505 871 ullis
1529 831 1677 872 debere
1700 845 1788 872 esse
1811 831 2044 884 expositam.
2103 831 2266 872 Abhinc

231 905 362 933 annos
380 899 555 941 centum,
578 891 661 932 Nili
679 906 806 944 prope
824 893 936 943 ostia,
958 907 1064 934 nova
1081 893 1206 946 gloria
1220 894 1388 934 accessit
1403 895 1559 935 nomini
1579 895 1683 936 bene
1698 897 1890 945 ominato,
1908 894 2082 935 Horatio
2098 896 2263 943 Nelson‚

233 955 348 996 cuius
370 954 546 996 nominis
570 955 681 1007 ipsae
705 956 859 997 litterae
881 958 1112 1010 loquuntur,
1131 958 1257 997 honor
1278 963 1335 997 est
1355 972 1380 997 a
1405 959 1515 998 lVilo.
1575 960 1697 999 Nunc
1720 966 1866 1008 autem,
1889 966 1928 999 et
1950 958 2122 998 Horatio
2141 957 2264 1007 alteri,

233 1026 275 1060 et
302 1018 472 1072 Angliae
498 1019 600 1072 parti
628 1027 799 1071 nostrae,
829 1028 869 1062 et
897 1020 1053 1061 nomini
1081 1020 1155 1061 toti
1184 1021 1427 1070 Britannico,
1458 1022 1634 1062 fluminis
1663 1022 1844 1063 eiusdem
1871 1036 1894 1062 a
1918 1021 2002 1074 ripa
2030 1034 2135 1062 nova
2162 1021 2269 1060 fama

233 1081 392 1122 affiilsit.

344 1143 478 1184 Vestri
512 1145 687 1197 plausus,
722 1143 969 1194 Academici,
1001 1145 1124 1186 hodie
1157 1159 1239 1186 non
1278 1147 1404 1187 modo
1437 1146 1522 1187 dati
1559 1154 1663 1195 sunt,
1699 1147 1771 1187 sed
1802 1146 1923 1187 etiam
1957 1147 2094 1187 denuo
2127 1144 2270 1186 merito

235 1205 440 1247 dabuntur
465 1206 605 1248 victori
633 1207 739 1249 felici
768 1209 972 1248 HORATIO
1002 1210 1257 1258 HERBERTO,
1290 1211 1461 1250 BARONI
1492 1211 1766 1251 KITCHENER.

1077 1351 1106 1398 8
1139 1350 1258 1398 Dec.
1306 1351 1432 1410 1898

351 1466 467 1521 (306)
488 1469 542 1508 IN
561 1467 718 1508 statutis
738 1467 882 1508 nostris
902 1467 1017 1508 novis
1037 1467 1158 1508 etiam
1178 1468 1357 1509 iudicum
1378 1467 1509 1509 ordini
1527 1449 1776 1520 amplissimo
1795 1467 1889 1508 licet
1903 1466 2106 1519 dignitatis
2121 1466 2205 1506 iure
2219 1467 2273 1506 ad

241 1531 418 1572 doctoris
436 1533 605 1584 gradum
623 1532 846 1572 accedere³.
907 1533 1023 1572 Iuvat
1038 1531 1160 1573 hodie
1175 1546 1302 1572 unum
1318 1546 1366 1572 ex
1385 1531 1526 1572 ordine
1542 1539 1623 1572 tam
1639 1531 1855 1572 venerabili
1870 1531 1955 1571 iure
1970 1544 2077 1570 novo
2092 1537 2273 1571 utentem

242 1593 391 1642 videre,
412 1595 525 1646 quod
543 1607 627 1634 non
647 1594 772 1634 modo
791 1593 867 1645 ipsi
886 1594 995 1634 laudi
1016 1601 1056 1634 et
1075 1593 1219 1634 honori
1239 1602 1299 1634 est
1319 1595 1391 1635 sed
1411 1594 1532 1634 etiam
1551 1594 1797 1634 Academiae
1820 1593 2072 1645 aliquatenus
2098 1594 2209 1632 lucro
2234 1600 2275 1632 et

243 1658 531 1698 emolumento.
589 1658 790 1698 Alumnus
809 1665 945 1698 autem
966 1666 1102 1698 noster
1122 1658 1304 1710 Collegio
1324 1658 1506 1698 omnium
1526 1658 1806 1710 antiquissimo
1829 1656 2052 1708 adscriptus
2071 1663 2111 1696 et
2134 1656 2274 1695 aetatis

243 1733 353 1761 anno
380 1721 571 1762 vicesimo
599 1722 796 1762 honorem
824 1722 865 1762 in
895 1721 1037 1763 studiis
1066 1721 1358 1762 mathematicis
1383 1722 1564 1773 adeptus,
1587 1729 1775 1773 quattuor
1800 1728 1840 1761 et
1868 1719 2130 1772 quadraginta
2158 1727 2275 1758 natus

243 1795 374 1823 annos
398 1784 452 1824 ad
479 1782 623 1824 iudicis
652 1783 888 1836 dignitatem
914 1783 1057 1824 merito
1086 1791 1146 1824 est
1174 1791 1347 1824 evectus.
1405 1785 1466 1823 Ea
1491 1797 1585 1824 vero
1614 1783 1687 1824 fori
1716 1782 1921 1835 provincia
1945 1783 2110 1822 alumno
2139 1788 2276 1821 nostro

245 1844 423 1897 contigit,
454 1844 496 1886 in
527 1859 608 1898 qua
640 1847 693 1886 de
729 1853 1061 1887 testamentorum
1094 1853 1303 1898 ruptorum
1335 1853 1405 1886 aut
1438 1854 1614 1885 ratorum
1648 1845 1743 1894 iure,
1779 1846 1831 1885 de
1864 1845 1983 1885 rebus
2013 1844 2066 1883 ad
2100 1843 2276 1883 officium

245 1907 489 1949 maritimum
516 1909 820 1961 pertinentibus,
843 1911 895 1950 de
923 1909 1084 1949 vinculo
1113 1908 1289 1961 denique
1319 1908 1562 1948 matrimonii
1590 1909 1786 1948 solvendo
1815 1907 2048 1959 disputatur.
2110 1906 2276 1946 Interim

245 1969 367 2011 iudex
384 1970 471 2023 ipse
489 1971 658 2012 vinculis
677 1985 798 2024 quam
818 1971 998 2023 plurimis
1018 1985 1102 2012 non
1122 1973 1246 2012 modo
1266 1985 1359 2011 cum
1378 1970 1586 2011 affinibus*
1606 1978 1645 2011 et
1664 1970 1924 2022 popularibus
1947 1969 2040 2018 suis,
2062 1970 2133 2009 sed
2157 1967 2278 2009 etiam

246 2047 340 2075 cum
360 2035 603 2088 reipublicae
622 2037 819 2077 maximae
838 2035 1125 2076 transmarinae
1144 2035 1298 2076 civibus
1319 2035 1486 2076 summis
1509 2034 1676 2075 feliciter
1698 2032 1952 2074 consociatus
1976 2040 2046 2072 est.
2107 2034 2214 2083 Ergo
2240 2037 2280 2070 et

246 2095 334 2149 ipsi,
355 2105 396 2137 et
423 2097 609 2139 affinibus
634 2105 675 2139 et
702 2098 841 2138 amicis
869 2098 965 2147 eius,
988 2106 1028 2139 et
1056 2097 1298 2150 reipublicae
1327 2098 1394 2146 illi,
1416 2097 1556 2137 talium
1582 2096 1755 2136 virorum
1781 2094 1928 2135 auxilio
1954 2094 2121 2134 vinculis
2150 2092 2280 2133 indies

247 2159 459 2200 artioribus
496 2173 590 2201 cum
629 2160 835 2201 Britannia
871 2160 1123 2209 coniunctae,
1165 2160 1310 2200 Horati
1343 2160 1474 2200 verbis
1507 2159 1569 2199 usi
1599 2159 1769 2199 libenter
1801 2159 2044 2210 gratulamur
2059 2161 2134 2195 :—‘
2147 2156 2281 2196 felices

249 2229 310 2263 ter
337 2230 377 2263 et
404 2224 587 2276 amplius,
618 2238 720 2276 quos
749 2224 896 2276 irrupta
924 2232 1035 2265 tenet
1063 2225 1260 2276 copula’⁵.

361 2287 577 2326 Praesento
604 2286 719 2326 vobis
746 2286 875 2326 virum
903 2286 1193 2335 honorabilem,
1223 2286 1360 2326 Sancti
1389 2285 1495 2326 Petri
1523 2299 1547 2325 a
1577 2283 1759 2336 Collegio
1787 2283 1951 2324 honoris
1979 2296 2100 2323 causa
2127 2281 2282 2322 socium

251 2361 380 2400 nuper
412 2349 596 2398 electum,
631 2348 809 2401 equitem
847 2349 1056 2401 insignem,
1091 2349 1267 2391 iudicem
1306 2349 1482 2402 denique
1515 2348 1824 2401 integerrimum,
1862 2350 2066 2388 IOANNEM
2106 2347 2284 2386 GORELL

254 2412 459 2452 Bamas‘.

1063 2543 1088 2575 2
1126 2526 1315 2576 March
1359 2543 1375 2575 1
1386 2529 1484 2588 899

364 2643 481 2697 (307)
528 2646 753 2686 IMPERmM
801 2645 1051 2698 Iaponicum,
1091 2646 1233 2687 incolis
1275 2647 1327 2686 ab
1365 2645 1461 2698 ipsis
1499 2645 1594 2686 solis
1632 2643 1796 2684 orientis
1834 2651 1979 2684 terram
2017 2641 2282 2688 nominatum,

255 2707 435 2759 plurimis
467 2721 517 2748 ex
543 2707 683 2748 insulis
711 2708 982 2761 compositum
1016 2723 1103 2750 esse
1131 2716 1300 2750 constat.
1360 2710 1522 2749 Insulae
1550 2721 1644 2748 vero
1673 2706 1869 2746 maximae
1898 2705 1939 2745 in
1968 2705 2056 2757 ipso
2082 2704 2183 2752 sinu,
2215 2703 2285 2755 qui

256 2771 360 2812 inter
396 2771 491 2812 solis
524 2785 713 2813 occasum
747 2781 787 2813 et
820 2773 1028 2814 meridiem
1061 2781 1226 2826 spectat,
1261 2780 1372 2825 patet
1403 2780 1542 2824 portus
1575 2771 1754 2823 gentium
1787 2778 2007 2810 exterarum
2041 2767 2285 2808 commercio

256 2840 428 2885 apertus,
449 2833 519 2886 qui
539 2835 674 2875 Osaka
697 2843 961 2887 nuncupatur.
1021 2835 1096 2885 Ibi,
1119 2835 1160 2875 in
1184 2835 1272 2887 ipso
1295 2837 1398 2883 loco,
1419 2834 1460 2874 in
1485 2847 1567 2886 quo
1591 2832 1740 2873 abhinc
1762 2845 1892 2872 annos
1914 2839 2078 2871 centum
2101 2829 2287 2870 homines

256 2899 268 2918 ‘
281 2896 592 2949 superstitionis’
611 2906 798 2939 externae
822 2899 988 2940 crimine
1008 2899 1268 2940 condemnati
1287 2898 1328 2938 in
1351 2911 1511 2938 crucem
1537 2896 1786 2948 agebantur⁷,
1810 2894 2015 2935 Ecclesiae
2041 2891 2288 2944 Anglicanae

348 2983 361 3006 ¹
384 2984 529 3028 captain
546 2986 734 3019 Marchand
749 2992 783 3020 at
801 2987 967 3026 Fashoda,
989 2998 1027 3030 19
1043 2988 1137 3030 Sept.
1159 2989 1252 3029 1898.
1402 2984 1417 3005 ²
1441 2985 1645 3023 Herodotus,
1666 2983 1688 3015 ii
1710 2985 1758 3016 18.
1883 2981 1897 3002 ³
1921 2982 1962 3013 In
1982 2981 2076 3025 1893,
2099 2979 2290 3012 ‘Members

261 3028 300 3061 of
311 3028 368 3061 the
385 3028 547 3071 Supreme
563 3029 667 3063 Court
683 3031 722 3062 of
737 3031 952 3073 Judicature'
969 3043 1056 3064 were
1071 3031 1181 3064 added
1199 3037 1233 3064 to
1250 3031 1306 3063 the
1322 3030 1377 3062 list
1393 3029 1431 3062 of
1442 3030 1537 3062 those
1553 3039 1597 3060 on
1620 3027 1732 3059 whom
1748 3027 1803 3059 the
1822 3026 2014 3067 University
2036 3025 2097 3057 has
2119 3035 2233 3067 power
2253 3029 2289 3056 to

260 3072 375 3105 confer
393 3072 580 3114 ‘complete
603 3074 751 3116 Degrees
773 3075 909 3107 honoris
930 3075 1048 3107 causd'
1076 3075 1218 3119 (Statute
1240 3076 1285 3112 A,
1304 3075 1402 3117 chap.
1429 3082 1469 3112 11,
1496 3083 1562 3105 sec.
1591 3074 1640 3110 18,
1659 3082 1736 3136 spar-
1766 3070 1809 3111 ι).
1942 3068 1957 3089 ⁴
1981 3069 2161 3111 Including
2178 3069 2226 3100 H.
2244 3069 2287 3100 A.

263 3117 418 3158 Morgan,
438 3116 545 3154 D.D.,
567 3117 694 3150 Master
708 3118 746 3150 of
755 3119 853 3160 Jesus
868 3119 1020 3161 College.
1176 3118 1190 3139 ⁶
1215 3120 1330 3152 Carm.
1347 3119 1358 3150 i
1380 3129 1428 3159 13,
1450 3129 1461 3150 1
1472 3126 1500 3157 7.
1698 3114 1904 3147 Afterwards
1921 3114 2012 3146 Lord
2029 3112 2145 3146 Gorell
2163 3111 2289 3156 (1909).

260 3158 275 3181 ⁷
300 3160 347 3192 Η.
365 3160 422 3191 W.
439 3160 583 3198 Tucker,
603 3162 635 3192 T
634 3161 672 3194 he
688 3162 835 3204 English
855 3163 990 3195 Church
1007 3163 1046 3195 in
1061 3163 1154 3195 other
1169 3163 1278 3202 laneis,
1296 3173 1329 3205 p.
1356 3172 1427 3205 195·

372 3244 404 3273 s.
426 3244 456 3272 s.
1231 3248 1303 3287 145
2133 3243 2180 3280 Ι9
