2704 3770
743 303 797 354 C.
840 303 895 354 C.
936 303 1281 353 Saz'nt-Sae‘m.
1354 306 1490 354 Max
1522 307 1711 358 Bruch.

209 447 439 499 oriundum,
460 451 724 499 salutamus¹;
752 449 833 501 qui,
855 449 1075 490 factionum
1095 462 1289 489 novarum
1308 463 1332 489 a
1352 450 1594 491 clamoribus
1614 451 1787 492 dissonis
1807 460 1995 503 remotus,
2018 455 2240 497 Hiberniae

208 509 348 552 litteris
377 511 564 564 antiquis,
599 513 709 552 velut
741 511 914 564 Sibyllae
946 511 1051 552 foliis
1081 511 1152 552 diu
1183 511 1383 564 dispersis,
1419 512 1460 552 in
1491 526 1617 553 unum
1649 513 1883 566 colligendis
1916 522 1956 555 et
1989 518 2029 556 in
2062 518 2238 570 linguam

207 579 387 614 nostram
417 573 635 615 reddendis
665 573 788 614 vitam
821 587 935 614 suam
968 580 1095 614 totam
1129 573 1341 614 dedicavit.
1400 576 1568 627 Propter
1600 575 1751 627 patriae
1783 577 2014 628 praesertim
2046 592 2236 629 amorem,

209 635 320 676 nulla
342 635 540 677 mercedis
563 635 862 688 exspectatione
887 637 1098 685 adductus,
1121 636 1299 677 laborem
1326 644 1409 677 tam
1434 637 1639 689 ingentem
1665 645 1726 678 est
1744 652 1974 690 aggressus:
2003 654 2238 692 numquam,

210 698 355 740 ‘silvae
374 699 615 741 Gadelicae'
633 700 824 752 ambages
843 713 1061 752 pererrans,
1086 704 1319 752 ‘aspectans
1344 700 1484 741 silvam
1507 700 1747 742 immensam
1760 701 1769 719 '
1790 701 1915 755 (velut
1939 704 2038 743 alter
2063 703 2240 756 Aeneas)

207 769 394 814 precatus
412 769 474 803 est
485 774 553 799 :—

697 835 708 854 ‘
723 831 757 872 si
785 845 894 872 nunc
923 846 966 873 se
994 832 1114 874 nobis
1142 832 1209 873 ille
1236 846 1379 874 aureus
1408 834 1550 875 arbore
1578 848 1712 874 ramus

723 888 941 928 ostendant
969 901 1135 928 nemore
1163 887 1205 927 in
1236 889 1401 929 tanto’2.

316 963 380 1004 Eo
405 963 599 1014 *libentius
629 971 790 1003 nosmet
819 963 896 1015 ipsi
926 963 1048 1004 silvae
1078 971 1161 1004 tam
1193 964 1384 1016 antiquae
1417 964 1657 1017 exploratori
1689 964 1892 1005 indefesso
1922 966 2052 1006 laudis
2080 973 2239 1006 nostrae

207 1026 371 1068 frondes
400 1028 716 1079 qualescumque
746 1027 869 1068 hodie
899 1026 1113 1068 inteximus
1126 1042 1138 1077 3
1170 1035 1210 1067 et
1241 1027 1465 1068 Hiberniae
1499 1027 1600 1080 regis
1630 1028 1785 1079 antiqui
1816 1029 2048 1081 progeniem
2077 1029 2240 1069 honoris

208 1089 334 1130 nostri
353 1103 504 1131 corona
523 1090 666 1132 merito
686 1104 938 1132 coronamus.

316 1153 437 1194 Duco
455 1154 509 1195 ad
527 1167 600 1194 vos
619 1153 742 1195 silvae
762 1154 980 1195 Gadelicae
999 1153 1196 1194 editorem
1216 1153 1437 1206 principem
1446 1155 1470 1203 ³,
1493 1155 1712 1194 STAnmsH
1734 1156 1884 1194 HAYES
1905 1155 2121 1196 O’GRADv.

315 1290 431 1345 (215)
466 1291 545 1333 Die
582 1293 770 1333 hesterno
809 1291 979 1332 societas
1017 1293 1217 1344 quaedam
1251 1292 1324 1332 arti
1362 1293 1539 1332 musicae
1569 1292 1672 1332 inter
1710 1290 2014 1345 nosmetipsos
2045 1295 2241 1335 colendae

207 1353 395 1395 dedicata
418 1367 548 1395 annos
576 1354 867 1407 quinquaginta
891 1355 945 1395 ab
973 1354 1126 1406 origine
1152 1367 1224 1394 sua
1252 1367 1441 1407 prospere
1467 1362 1579 1395 actos
1607 1354 1794 1406 auspiciis
1823 1355 1985 1407 optimis
2015 1356 2238 1397 celebravit.

206 1418 361 1458 Aderat
393 1418 475 1458 dux
504 1425 545 1459 et
575 1418 736 1470 signifer
765 1419 862 1470 ipse,
893 1418 963 1469 qui
998 1420 1208 1458 Musarum
1240 1417 1279 1457 in
1315 1419 1440 1458 choro
1470 1419 1580 1458 velut
1610 1417 1809 1470 Apollinis
1845 1420 2079 1471 Musagetae
2112 1421 2240 1461 vicem

206 1486 289 1520 tam
309 1479 392 1529 diu,
413 1486 496 1520 tam
516 1480 682 1521 feliciter
699 1481 851 1533 gessit⁴.
911 1482 1092 1521 Aderant
1115 1480 1235 1520 etiam
1259 1480 1325 1519 alii
1343 1480 1438 1520 artis
1461 1487 1543 1520 tam
1563 1481 1765 1521 iucundae
1785 1482 2033 1522 Professores
2055 1483 2237 1532 illustres,

207 1554 379 1595 quorum
409 1555 434 1583 e
460 1555 630 1583 numero
658 1544 875 1583 nonnullos
906 1556 929 1583 e
953 1542 1140 1594 gentibus
1169 1542 1272 1583 inter
1300 1556 1343 1583 se
1368 1542 1532 1582 diversis
1561 1544 1614 1582 ad
1638 1556 1712 1583 nos
1738 1544 1927 1583 devectos
1956 1543 2072 1584 titulo
2100 1552 2239 1585 nostro

207 1604 332 1646 hodie
350 1605 599 1645 decoramus.
659 1605 814 1646 Ceteris
837 1612 973 1645 autem
999 1612 1039 1646 et
1064 1612 1196 1645 aetate
1221 1612 1261 1645 et
1287 1604 1530 1656 experientia
1553 1605 1710 1645 excellit
1734 1605 1792 1645 vir
1810 1605 1939 1657 gentis
1957 1605 2111 1647 vicinae
2136 1607 2239 1648 inter

206 1667 362 1710 lumina
389 1676 634 1717 numeratus,
655 1668 725 1721 qui
753 1669 947 1709 memoria
974 1682 1099 1721 prope
1127 1668 1352 1709 incredibili
1380 1668 1594 1720 praeditus,
1626 1670 1766 1708 Musas
1802 1670 2091 1721 Mnemosynes
2117 1670 2238 1711 fuisse

206 1732 309 1774 filias
336 1746 412 1774 suo
435 1734 621 1785 exemplo
640 1734 864 1774 luculenter
883 1731 1170 1785 comprobavit.
1231 1731 1414 1772 Musicae
1440 1745 1574 1771 sacrae
1594 1731 1786 1784 interpres
1806 1745 1928 1783 quam
1949 1734 2122 1782 doctus¹⁵‚
2145 1733 2239 1774 artis

207 1795 385 1837 musicae
412 1795 657 1836 existimator
685 1810 807 1848 quam
837 1795 992 1836 subtilis
1021 1795 1192 1836 exstitit!
1250 1796 1363 1846 Quot
1391 1802 1512 1836 terras
1541 1795 1627 1847 ipse
1656 1796 1898 1847 peragravit!
1931 1796 1972 1836 in
2002 1804 2102 1848 quot
2129 1797 2237 1838 orbis

205 1864 399 1899 terrarum
423 1857 616 1911 regiones,
639 1872 774 1899 coram
795 1866 944 1911 quanta
963 1857 1214 1898 audientium
1238 1857 1506 1906 multitudine,
1528 1859 1635 1897 fama
1654 1857 1738 1898 eius
1765 1858 1966 1910 pervenit!
2025 1861 2239 1900 Laetamur

204 1935 311 1971 eum,
332 1921 403 1974 qui
427 1921 524 1962 olim
547 1921 650 1975 ignis
673 1922 855 1963 caelestis
875 1923 1057 1962 datorem
1078 1922 1319 1962 Promethea
1344 1921 1589 1971 celebravit⁶,
1611 1921 1743 1974 ipsum
1769 1921 1872 1962 inter
1897 1929 1956 1962 tot
1981 1930 2119 1974 gentes
2145 1923 2239 1964 artis

206 1983 385 2025 musicae
414 1997 581 2025 munera
614 1984 801 2025 caelestia
833 1983 981 2024 totiens
1015 1991 1096 2024 tam
1130 1983 1296 2024 feliciter
1328 1983 1572 2036 dispersisse.
1631 1985 1847 2024 Laetamur
1879 1983 1998 2024 etiarn
2033 1986 2238 2026 Samsonis

205 2046 439 2100 scriptorem
472 2047 788 2098 celeberrimum,
824 2049 1004 2100 Phrynes
1037 2061 1085 2088 ex
1123 2047 1258 2087 fabula
1294 2047 1424 2088 laudis
1458 2061 1553 2088 suae
1587 2060 1761 2088 coronae
1791 2048 1908 2088 flores
1946 2061 2072 2089 novos
2110 2063 2239 2101 nuper

204 2107 451 2151 intexuisse⁷.

317 2172 438 2213 Duco
455 2174 510 2214 ad
529 2186 600 2214 vos
620 2173 838 2214 CAROLUM
858 2173 1096 2214 CAMILLUM
1116 2173 1411 2213 SAINT-SAfiNS.

315 2309 431 2364 (216)
451 2310 638 2362 Sequitur
657 2310 850 2363 deinceps
869 2310 1046 2351 fluminis
1067 2310 1202 2351 Rheni
1213 2312 1401 2351 alumnus
1421 2310 1598 2363 insignis,
1615 2310 1684 2363 qui
1703 2311 1832 2352 amnis
1847 2313 2001 2364 paterni
2017 2315 2236 2366 nympham

205 2374 367 2414 fatalem
401 2373 499 2414 olim
531 2373 687 2426 egregie
720 2373 896 2414 cecinit⁸.
965 2374 1056 2414 Sive
1089 2374 1238 2426 patriae
1272 2389 1321 2415 ex
1353 2374 1527 2424 historia,
1558 2377 1667 2415 velut
1701 2389 1748 2415 ex
1780 2377 1964 2418 Arminio
1998 2379 2238 2419 Germaniae

205 2436 378 2486 vindice,
403 2445 474 2478 aut
501 2437 652 2490 patriae
680 2451 729 2478 ex
757 2437 907 2486 litteris,
933 2439 1041 2478 velut
1069 2451 1117 2478 ex
1146 2437 1350 2487 Schillero‚
1380 2438 1620 2479 Germaniae
1649 2440 1795 2480 decore
1824 2440 1980 2490 eximio,
2005 2449 2239 2493 argumenta

205 2499 352 2549 sumit5
381 2498 464 2540 sive
483 2499 773 2540 Scandinaviae
793 2501 947 2540 fabulas
967 2507 1007 2540 et
1027 2501 1067 2540 N
1069 2512 1355 2540 ormannorum
1375 2500 1562 2541 virtutem
1585 2501 1770 2541 bellicam
1795 2502 1912 2542 nobis
1935 2503 2238 2554 interpretatur3

205 2561 289 2603 sive
317 2561 528 2603 Graeciam
556 2561 733 2614 denique
761 2570 956 2615 repetens,
978 2569 1047 2602 aut
1076 2561 1288 2603 Salaminis
1316 2576 1492 2614 pugnam
1518 2570 1587 2602 aut
1616 2563 1746 2604 Ulixis
1775 2577 1925 2604 errores
1954 2565 2090 2605 denuo
2119 2565 2237 2605 nobis

204 2632 435 2678 praesentes
454 2625 597 2675 reddit,
617 2633 750 2667 vatem
770 2626 920 2678 ubique
941 2639 1130 2678 magnum
1150 2625 1321 2666 libenter
1339 2626 1624 2677 agnoscimus⁹.
1683 2626 1843 2667 Talium
1863 2627 2036 2667 virorum
2056 2627 2098 2667 in
2118 2629 2238 2669 laude

205 2695 246 2729 et
265 2687 458 2729 Graeciae
476 2695 516 2729 et
537 2689 777 2730 Germaniae
795 2695 940 2742 poe’tae
959 2690 1067 2729 velut
1088 2702 1170 2729 uno
1195 2702 1264 2729 ore
1286 2689 1528 2742 conspirant.
1589 2690 1700 2740 Quid
1723 2692 1927 2731 Homerus
1947 2691 2043 2731 olim
2063 2691 2239 2733 cecinit?

698 2765 796 2802 πᾶσι
823 2763 897 2816 γὰρ
926 2761 1185 2813 ἀνθρώποισιν
1213 2762 1488 2813 ἐπιχθονίοισιν
1515 2761 1637 2802 ἀοιδοὶ

693 2819 807 2869 τιμῆς
835 2817 997 2868 ἔμμοροί
1023 2819 1098 2856 εἱσι
1126 2817 1187 2856 καὶ
1215 2816 1348 2866 αἰδοῦς,
1381 2816 1500 2856 οὕνεκ’
1528 2815 1601 2868 ἄρα
1629 2818 1754 2866 σφέας

693 2871 803 2923 οἴμας
830 2872 958 2911 Μοῦσ’
988 2870 1141 2920 ἐδίδαξε,
1174 2872 1323 2922 φίλησε
1350 2871 1390 2911 δὲ
1418 2873 1543 2922 φῦλον
1570 2871 1748 2911 «smmum.

291 2973 305 2996 ¹
327 2976 529 3010 Descended
544 2976 630 3010 from
647 2976 742 3010 Oilill
760 2977 877 3018 Oluin,
896 2977 990 3020 King
1001 2976 1039 3009 of
1052 2977 1217 3016 Munster,
1236 2987 1301 3010 one
1317 2977 1356 3009 of
1367 2976 1424 3009 the
1442 2977 1509 3009 Dal
1526 2977 1615 3010 Cais.
1799 2976 1814 2997 ²
1836 2978 1957 3021 virgil,
1975 2979 2059 3011 Aen.
2079 2979 2113 3011 vi
2133 2978 2195 3012 186
2211 2979 2232 3012 f.

204 3017 338 3064 ⁸.r892
463 3018 478 3040 ⁴
500 3020 541 3054 C.
557 3021 600 3053 V.
618 3021 790 3054 Stansord.
909 3020 924 3040 ⁶
947 3021 1019 3063 Org
1019 3021 1106 3053 anist
1122 3021 1160 3053 of
1172 3021 1229 3053 the
1247 3021 1632 3063 Madeleine‚1857-77.
1754 3020 1769 3042 ⁶
1791 3022 1854 3054 Les
1868 3022 1972 3055 Noccs
1986 3023 2024 3055 de
2037 3022 2236 3061 Promethe'e,

205 3062 351 3098 Cantata
365 3063 404 3096 of
419 3063 513 3106 1867.
660 3063 673 3085 ⁷
697 3065 827 3108 Operas
843 3065 881 3098 os
892 3032 1034 3097 Samson
1049 3069 1080 3097 et
1093 3065 1216 3097 Dalila
1233 3066 1359 3107 (1890),
1375 3065 1443 3097 and
1461 3065 1599 3107 Phryne!
1612 3063 1738 3108 (1893).
1879 3064 1894 3086 ⁸
1916 3066 1973 3109 Op
1974 3077 2030 3099 era
2045 3066 2084 3099 of
2095 3067 2236 3100 Lorelei.

204 3104 219 3127 ⁰
230 3107 430 3183 Arminfius‚
440 3107 593 3141 Schiller’
595 3118 610 3141 s
622 3108 708 3142 Lted
713 3119 777 3141 von
787 3110 847 3142 der
859 3109 982 3146 Glocke,
996 3109 1238 3151 Fritlzjossaga,
1252 3110 1552 3151 Normannenzug,
1566 3110 1723 3147 Salamis,
1736 3109 1803 3142 and
1817 3110 1984 3152 Odysseus.
2033 3109 2061 3130 ¹⁰
2083 3111 2235 3153 Odyssey,

206 3161 266 3184 *ω
282 3160 346 3195 479

1183 3236 1255 3275 107
1999 3240 2126 3276 14—2
