2704 3770
559 325 706 377 Paul
735 324 790 376 C.
831 322 905 375 H
945 322 1248 374 Brouardel.
1321 322 1376 372 A
1382 321 1581 389 lphonso
1620 322 1851 374 Corradz‘.

191 475 287 526 Qua
303 475 357 515 de
373 486 418 515 re
436 486 520 514 non
538 472 709 513 aliorum
727 471 852 524 egetis
871 470 1129 519 testimoni03
1158 483 1229 510 vos
1248 471 1301 510 de
1321 477 1447 509 matre
1466 470 1665 518 dolorosa,
1688 468 1796 509 iuxta
1817 482 1977 509 crucem
2001 469 2221 518 lacrimosa,

191 550 353 580 carmen
372 537 562 577 hesterno
581 535 648 576 die
668 534 823 587 egregie
842 535 1051 575 recitatum
1071 532 1310 573 audivistis1.

299 600 448 640 Vestro
479 597 599 651 igitur
628 596 861 639 testimonio
890 598 981 650 plus
1009 609 1131 648 quam
1162 597 1363 646 defensus,
1393 603 1526 637 vestro
1558 595 1709 636 iudicio
1737 603 1798 636 est
1830 595 2019 636 omnibus
2049 595 2225 635 numeris

191 662 414 710 absolutus,
445 660 631 702 Musicae
660 661 826 710 Doctor,
856 661 1119 699 Auronmus
1148 656 1346 699 DvoMx.

1006 885 1024 917 1
1037 883 1062 931 5
1100 868 1155 917 A
1161 885 1238 933 ug.
1286 870 1406 930 1891

276 979 327 1028 V
321 978 409 1028 isit
442 978 506 1043 of
529 978 611 1027 the
641 979 1025 1027 International
1056 976 1297 1041 Congress
1331 977 1395 1042 of
1418 975 1651 1042 Hygy'ene
1681 975 1790 1025 and
1817 975 2173 1041 Demograplzy

302 1081 466 1122 stmo
503 1093 586 1132 quo
623 1079 878 1132 potissimum
915 1078 1080 1120 exordio
1119 1079 1298 1131 hospites
1336 1086 1506 1128 nostros,
1543 1078 1613 1130 qui
1650 1080 1703 1119 de
1739 1079 1867 1118 salute
1903 1077 2067 1130 publica
2103 1092 2231 1130 nuper

194 1141 527 1192 deliberaverunt,
566 1143 737 1183 Senatus
774 1141 940 1182 nomine
982 1143 1153 1182 salutare
1193 1141 1377 1182 debeam.
1437 1143 1502 1181 Ad
1545 1141 1654 1192 ipsos
1693 1154 1921 1190 conversus,
1961 1140 2060 1180 illud
2102 1154 2229 1180 unum

194 1203 362 1246 dixerim
376 1204 512 1257 :—qui
544 1204 712 1245 aliorum
747 1204 864 1244 saluti
895 1211 977 1244 tam
1009 1205 1209 1256 praeclare
1243 1203 1511 1252 consuluistis,
1542 1210 1698 1243 vosmet
1726 1202 1835 1255 ipsos
1868 1216 2010 1243 omnes
2043 1203 2230 1243 iubemus

193 1267 353 1308 salvere.
413 1268 475 1308 Ea
493 1280 588 1308 vero
607 1267 751 1315 studia,
773 1280 878 1319 quae
903 1267 1018 1308 vobis
1042 1267 1154 1307 cordi
1177 1274 1281 1316 sunt,
1302 1266 1518 1319 gloriamur
1540 1268 1581 1307 in
1609 1266 1816 1307 Britannia
1837 1275 1944 1308 certe
1968 1267 2230 1307 Academiam

194 1336 372 1370 nostram
404 1329 575 1382 primam
605 1329 787 1370 omnium
821 1329 1052 1370 adiuvisset
1113 1331 1162 1369 In
1197 1328 1334 1369 salutis
1367 1328 1554 1380 publicae
1588 1328 1778 1369 ministris
1806 1328 2066 1370 nominandis
2099 1330 2232 1370 valent

194 1390 412 1444 plurimum
438 1391 660 1444 diplomata
684 1391 849 1440 nostra³,
880 1392 1014 1431 valent
1039 1391 1160 1432 etiam
1189 1391 1355 1431 aliarum
1387 1390 1709 1440 Academiarum,
1735 1403 1850 1442 quae,
1881 1392 2066 1443 exemplo
2094 1399 2232 1432 nostro

195 1451 395 1502 incitatae,
435 1453 566 1494 laudis
602 1466 764 1493 cursum
802 1453 979 1493 eundem
1017 1460 1110 1493 sunt
1147 1452 1358 1505 ingressae.
1423 1452 1563 1493 Hodie
1600 1465 1694 1493 vero
1731 1454 1974 1504 collegarum
2012 1461 2232 1494 vestrorum

196 1515 426 1566 nonnullos,
448 1515 519 1568 qui
543 1514 724 1568 gentium
749 1522 972 1555 exterarum
1001 1515 1104 1556 inter
1129 1515 1281 1555 lumina
1305 1521 1576 1563 numerantur,
1599 1514 1819 1566 diplomate
1845 1523 1983 1555 nostro
2010 1516 2234 1556 honorifico

197 1578 390 1619 decorare
416 1579 613 1618 volumus.
672 1577 838 1618 Nemini
860 1585 996 1618 autem
1022 1578 1167 1618 mirum
1197 1578 1258 1628 sit,
1281 1579 1393 1630 quod
1419 1577 1522 1619 viros
1552 1578 1777 1619 medicinae
1805 1579 1847 1618 in
1876 1579 2041 1619 scientia
2065 1579 2236 1628 illustres

199 1641 303 1682 Iuris
321 1641 577 1694 potissimum
601 1642 800 1682 Doctores
826 1641 949 1683 hodie
971 1642 1240 1682 nominamus.
1301 1642 1464 1683 Etenim
1490 1642 1668 1682 Tullium
1693 1642 1826 1695 ipsum
1852 1643 1894 1683 in
1918 1643 2028 1683 libris
2057 1656 2159 1695 quos
2182 1644 2235 1684 de

200 1703 377 1756 Legibus
395 1702 636 1756 composuit,
659 1703 863 1756 scripsisse
882 1703 1149 1745 recordamini
1168 1704 1308 1757 populi
1328 1705 1498 1745 salutem
1518 1718 1746 1757 supremam
1767 1718 1855 1745 esse
1875 1705 2035 1758 legem‘.

309 1806 426 1860 (181)
460 1808 642 1848 PmMUM
676 1807 859 1848 omnium
887 1808 1003 1848 vobis
1036 1815 1249 1861 praesento
1282 1809 1412 1861 gentis
1445 1809 1610 1857 vicinae,
1641 1809 1770 1862 gentis
1801 1809 2014 1851 nobiscum
2044 1810 2236 1851 libertatis

199 1869 306 1910 bene
333 1876 578 1923 temperatae
599 1884 737 1911 amore
762 1871 1014 1921 coniunctae,
1037 1871 1166 1912 civem
1193 1872 1408 1924 egregium,
1432 1872 1674 1913 Parisiomm
1697 1872 1739 1912 in
1765 1873 1987 1914 Academia
2011 1874 2237 1915 medicinae

199 1931 370 1973 forensis
387 1933 654 1986 professorem
673 1933 933 1985 praeclarum,
955 1933 1153 1974 facultatis
1173 1933 1355 1975 medicae
1374 1935 1576 1975 decanum
1596 1934 1887 1986 dignissimum,
1905 1936 2042 1976 salutis
2061 1936 2239 1989 denique

200 1995 388 2050 publicae
423 1996 630 2037 annalium
669 1997 863 2038 editorem
906 1996 1183 2038 indefessum⁵.
1242 1997 1352 2040 Olim
1396 1998 1545 2039 Caesar
1585 2000 1749 2039 ‘omnes
1792 1999 2035 2040 medicinam
2079 2001 2238 2041 Romae

201 2060 403 2113 professos
431 2059 591 2102 civitate
616 2060 823 2102 donavit*
835 2075 847 2111 ς
884 2073 960 2100 nos
987 2074 1070 2101 non
1097 2074 1239 2101 omnes
1265 2068 1383 2109 certe,
1414 2062 1499 2110 sed,
1530 2061 1669 2102 habito
1698 2063 1858 2102 delectu
1884 2062 2031 2115 aliquo,
2059 2077 2186 2103 unum
2215 2077 2238 2104 e

202 2122 446 2176 reipublicae
466 2124 645 2165 Gallicae
668 2124 835 2165 medicis
858 2124 1143 2173 illustrissimis,
1165 2124 1235 2176 qui
1262 2124 1541 2165 admirabilem
1567 2124 1608 2165 in
1634 2127 1802 2166 modum
1832 2126 2057 2167 medicinae
2079 2134 2120 2167 et
2145 2127 2240 2167 iuris

202 2184 336 2227 studia
354 2186 614 2236 consociavit,
634 2199 785 2227 corona
803 2193 940 2227 nostra
958 2187 1013 2227 ob
1033 2186 1140 2227 cives
1159 2186 1280 2227 etiam
1301 2186 1342 2226 in
1363 2200 1462 2239 pace
1483 2194 1659 2227 servatos
1679 2187 1850 2228 libenter
1869 2201 2119 2229 coronamus

315 2251 435 2290 Duco
452 2251 506 2291 ad
525 2263 596 2291 vos
616 2252 802 2291 PAULUM
823 2251 1060 2292 CAMILLUM
1082 2251 1372 2291 H1PPOLYTUM
1395 2252 1677 2291 BROUARDEL.

305 2358 421 2412 (182)
435 2360 530 2410 Quo
546 2359 695 2400 maiore
710 2361 849 2400 dolore
864 2360 1049 2400 Austriae
1064 2367 1104 2400 et
1120 2359 1360 2400 Germaniae
1375 2361 1526 2413 legatos
1542 2360 1712 2402 illustres
1727 2361 1915 2402 absentes
1931 2362 2239 2413 desideramus⁷,

205 2435 257 2463 eo
275 2421 426 2463 maiore
444 2421 593 2474 gaudio
614 2422 754 2462 Italiae
773 2424 948 2475 legatum
969 2422 1166 2474 insignem
1186 2430 1439 2474 praesentem
1460 2425 1693 2464 salutamus.
1751 2426 1979 2466 Salutamus
1996 2426 2240 2467 Academiae

207 2485 489 2536 Bononiensis,
524 2485 738 2527 nobiscum
771 2494 903 2527 vetere
940 2485 1105 2537 hospitii
1142 2485 1227 2526 iure
1259 2486 1512 2536 coniunctae,
1546 2488 1768 2537 alumnum,
1803 2487 1930 2528 tribus
1968 2488 2160 2541 deinceps
2197 2489 2239 2529 in

206 2549 450 2599 Academiis,
482 2549 655 2602 primum
691 2549 885 2597 Mutinae,
914 2548 1063 2590 deinde
1094 2548 1289 2597 Panormi,
1316 2549 1492 2601 denique
1523 2549 1656 2590 Ticini
1684 2550 1726 2590 in
1754 2551 1840 2603 ripa
1867 2553 2144 2603 professorem,
2170 2553 2240 2604 qui

207 2611 434 2653 medicinae
453 2611 661 2653 scientiam
682 2624 775 2651 cum
791 2625 920 2651 rerum
941 2610 1163 2663 antiquitus
1181 2618 1382 2662 gestarum
1398 2611 1540 2652 studiis
1555 2612 1721 2653 feliciter
1735 2613 2011 2661 consociavit⁸,
2027 2614 2178 2666 quique
2198 2614 2239 2655 in

209 2674 350 2716 Italiae
375 2674 634 2727 scriptoribus
659 2674 824 2723 eximiis,
847 2688 930 2714 non
957 2675 1082 2714 modo
1108 2673 1149 2714 in
1181 2674 1406 2715 Boccaccio
1429 2676 1501 2715 sed
1527 2675 1648 2716 etiam
1677 2676 1719 2716 in
1748 2679 1957 2730 Torquato
1985 2680 2126 2728 Tasso,
2146 2678 2241 2718 artis

208 2750 305 2779 suae
326 2744 561 2791 argumenta
579 2750 663 2778 non
689 2736 855 2788 indigna
879 2736 1060 2777 invenit⁹.
1120 2737 1340 2787 Quondam
1365 2736 1581 2789 imperator
1605 2738 1771 2790 quidam
1801 2741 2010 2781 Romanus
2037 2742 2171 2781 Roma
2198 2740 2240 2780 in

207 2799 295 2853 ipsa
321 2799 530 2853 augurium
554 2799 692 2840 salutis
716 2812 788 2851 per
811 2811 940 2838 annos
959 2800 1187 2851 complures
1212 2798 1407 2839 omissum
1431 2800 1557 2851 repeti
1581 2813 1629 2840 ac
1652 2800 1801 2842 deinde
1830 2802 2054 2843 continuari
2080 2803 2192 2844 iussit
2201 2806 2236 2844 ¹⁰.

209 2862 336 2913 Quod
363 2869 500 2903 autem
531 2863 668 2902 salutis
701 2861 888 2914 publicae
917 2860 1091 2901 concilio
1129 2860 1393 2901 Londiniensi
1425 2861 1547 2902 etiam
1583 2862 1698 2902 Italia
1728 2862 1918 2914 interfuit,
1948 2866 2057 2906 velut
2089 2867 2243 2920 augurii

297 2952 310 2974 ¹
333 2953 408 2988 The
423 2954 543 2987 Stabat
556 2954 670 2986 Mater
683 2951 873 2996 performed
889 2952 934 2995 by
949 2951 1007 2985 the
1025 2951 1221 2995 University
1238 2952 1382 2985 Musieal
1399 2952 1546 2995 society,
1567 2961 1604 2994 15
1619 2953 1708 2996 June
1727 2954 1822 2997 1891.
1966 2954 1980 2976 ²
2003 2956 2242 2991 Examination

210 2997 247 3032 in
261 2997 356 3032 State
372 2997 555 3035 Medicine,
571 2996 743 3040 approved
759 2997 803 3038 by
819 2996 940 3034 Grace,
956 3009 977 3037 4
994 2996 1076 3028 Feb.
1100 2997 1194 3037 1875.
1312 2995 1327 3016 ⁸
1351 2997 1536 3039 Approved
1557 3007 1595 3039 ¹4
1612 2997 1688 3030 Oct.
1711 3000 1771 3039 187
1776 3007 1806 3038 5.
1927 2997 1942 3018 ⁴
1963 3000 2018 3032 De
2034 3001 2187 3043 Legibus,
2206 3002 2243 3036 iii

210 3052 246 3106 J,
259 3043 294 3076 8.
374 3040 390 3062 ⁶
411 3042 564 3074 Annales
577 3041 749 3083 d’hygiene
756 3040 858 3083 publ·
877 3051 919 3073 ue
932 3044 964 3072 et
975 3040 1014 3072 de
1026 3040 1062 3072 la
1078 3039 1236 3072 me‘decine
1252 3039 1362 3082 ligula,
1381 3039 1466 3072 from
1488 3041 1582 3082 1878.
1657 3040 1672 3062 ⁸
1694 3041 1885 3080 Suetonius,
1892 3042 2018 3085 Julius
2036 3045 2170 3084 Caesar,
2187 3057 2241 3088 4²·

247 3085 326 3118 Von
341 3084 643 3127 Imma-Sternegg
657 3084 696 3116 os
706 3084 838 3117 Vienna
868 3095 925 3116 no.
944 3094 1006 3116 222
1023 3083 1143 3125 infra),
1162 3083 1230 3115 and
1246 3094 1313 3116 von
1330 3083 1494 3116 Esmarch
1510 3084 1548 3116 of
1560 3084 1651 3117 Kiel.
1787 3084 1802 3106 ⁸
1823 3087 1962 3119 Annali
1972 3088 2053 3121 delle
2066 3090 2243 3132 Epidemic

211 3130 251 3162 in
266 3129 384 3166 Italia,
403 3129 567 3172 Bologna‚
589 3128 737 3170 1865-83
753 3133 819 3161 etc.
995 3127 1009 3148 ⁹
1031 3128 1236 3160 Escursioni
1248 3126 1281 3160 d’
1300 3138 1350 3160 un
1367 3127 1487 3161 medico
1502 3128 1560 3160 nel
1571 3129 1802 3169 Decamerone,
1818 3130 1886 3163 and
1901 3131 2003 3165 Bella
2018 3132 2194 3167 infirmat&
2209 3135 2247 3168 di

220 3173 386 3216 Torquato
407 3173 515 3211 Tasso,
536 3173 631 3205 1881.
777 3170 806 3192 ¹⁰
827 3171 977 3209 Tacitus,
993 3172 1090 3204 Ann.
1108 3171 1154 3203 xii
1172 3182 1224 3214 ²3·

1213 3258 1265 3297 93
