2704 3770
853 352 1075 402 German
1109 354 1362 419 Imperial
1387 356 1442 404 A
1449 356 1804 422 rclzaeologz’cal
1830 358 2079 407 Instituta.

571 496 664 547 Ipsa
697 509 790 537 vero
821 498 1008 548 supellex,
1039 510 1160 549 quarn
1189 500 1332 551 ampla,
1364 513 1484 551 quam
1514 500 1628 549 varia,
1661 514 1782 552 quarn
1811 502 1947 541 lucido
1975 501 2115 542 ordine
2142 501 2197 542 ita
2224 515 2294 554 per
2325 501 2467 542 seriem

462 557 665 609 disposita,
687 565 731 597 ut
750 557 827 597 tuis
846 559 1014 599 aedibus
1034 560 1148 611 quasi
1168 561 1324 612 corpori
1343 564 1510 613 pulchro
1526 570 1702 603 mentem
1722 576 1809 602 esse
1834 563 2014 603 additam
2040 565 2293 615 gaudeamus.
2352 565 2468 603 Iuvat

461 619 593 671 ipsum
620 620 861 660 auditorium
886 621 1050 673 ingredi,
1078 623 1414 674 elegantissimum
1444 626 1634 676 quodque
1663 625 1971 666 instrumentum
2000 627 2184 667 admirari
2211 626 2365 678 legibus
2392 625 2469 666 illis

460 681 697 733 indagandis
730 684 1091 733 accommodatum,
1127 698 1229 736 quae
1262 693 1302 726 et
1335 687 1600 738 magneticam
1628 686 1708 726 vim
1742 694 1781 727 et
1814 688 2038 727 electricam
2068 690 2334 738 moderantur,
2365 694 2496 740 quae‘

462 757 652 784 sonorum
672 745 878 786 varietates
898 746 1163 796 dinumerant,
1185 761 1288 799 quae
1307 750 1437 788 lucem
1458 749 1632 801 denique
1657 749 1784 801 ipsam
1811 757 1850 790 et
1869 752 2041 791 calorem
2062 758 2294 802 temperant.
2353 751 2469 790 Iuvat

462 808 665 858 speculam
692 807 800 847 illam
829 808 995 848 nitidam
1025 810 1286 862 contemplari
1314 812 1354 850 in
1384 813 1535 851 Arcton
1564 812 1735 863 positam
1764 820 1803 853 et
1833 814 2063 865 Cynosurae
2091 814 2165 854 soli
2196 814 2469 854 observandae

463 868 699 908 destinatam
713 884 724 918 3
767 870 877 909 lubet
907 870 1012 922 ipsas
1041 873 1220 912 fornaces
1249 886 1352 924 quae
1381 873 1604 925 Cyclopum
1635 874 1891 915 nominantur
1924 875 2102 924 invisere,
2138 875 2214 916 nisi
2246 877 2347 916 forte
2378 874 2468 927 quis

462 931 637 971 musicae
665 932 789 983 magis
818 932 977 973 deditus
1005 933 1107 975 inter
1134 942 1203 974 tua
1231 935 1418 975 subsellia
1447 936 1557 976 malit
1587 937 1740 986 morari,

1001 1005 1104 1057 ὄφρα
1132 1024 1174 1046 κε
1200 1007 1428 1059 τερπόμενος
1456 1007 1517 1047 ὄπ’
1546 1009 1664 1062 σῖκούῃ
1693 1008 1930 1061 Σειρήνοιινι.

569 1081 709 1119 Tantis
747 1079 863 1131 igitur
901 1081 1062 1121 dotibus
1093 1083 1290 1122 exornasti
1325 1083 1553 1123 aedificium
1587 1084 1653 1124 illa
1690 1086 1813 1125 domo
1843 1099 1932 1125 vere
1971 1085 2145 1137 dignum,
2182 1098 2284 1136 quae
2321 1084 2393 1125 tibi
2425 1084 2482 1124 in·

461 1141 707 1192 proferendis
726 1142 864 1181 talium
885 1142 1138 1183 scientiarum
1158 1144 1335 1185 terminis
1364 1146 1629 1185 domesticum
1649 1146 1831 1197 praetulit
1851 1148 2060 1198 exemplar,
2078 1146 2205 1186 virum
2223 1146 2335 1186 illum
2354 1146 2467 1187 cuius

461 1207 660 1256 praeclara
688 1206 843 1257 scripta,
875 1220 947 1246 suo
976 1209 1135 1247 saeculo
1164 1208 1324 1255 maiora,
1361 1209 1606 1260 temporibus
1635 1209 1759 1261 magis
1787 1210 1924 1249 faustis
1952 1223 2045 1250 mox
2073 1208 2149 1262 (uti
2177 1209 2396 1261 speramus)
2426 1208 2468 1249 in

460 1268 591 1306 lucem
611 1267 841 1307 emittentur
854 1267 868 1285 ⁹
880 1283 891 1317 ς
920 1282 1022 1320 quae
1043 1276 1081 1308 te
1101 1269 1232 1320 ipsum
1259 1269 1313 1310 ita
1339 1270 1482 1310 nostris
1508 1270 1687 1322 ascripsit
1706 1271 1888 1320 alumnis,
1910 1278 1964 1319 ut,
1993 1271 2034 1310 in
2054 1271 2194 1311 studiis
2213 1270 2466 1311 Academicis

459 1329 610 1369 fortiter
638 1338 677 1369 et
705 1330 869 1371 feliciter
897 1332 1136 1381 excolendis,
1158 1346 1241 1372 non
1271 1334 1394 1372 modo
1422 1333 1537 1372 annis
1565 1333 1802 1373 iuvenilibus
1830 1333 2025 1373 iuventuti
2053 1333 2240 1384 patriciae
2267 1335 2468 1385 exemplar

459 1390 661 1439 exstiteris,
684 1393 755 1431 sed
784 1399 938 1431 matura
966 1392 1086 1432 etiam
1114 1400 1244 1433 aetate
1268 1407 1351 1434 non
1379 1394 1569 1434 recusaris
1589 1407 1770 1446 praeesse
1798 1402 1967 1443 nostrae,
1988 1402 2108 1446 atque
2134 1396 2236 1435 adeo
2265 1396 2464 1446 prodesse,

460 1451 711 1503 reipublicae.
769 1455 880 1494 Vale.

568 1545 723 1583 Datum
742 1558 760 1583 e
779 1545 966 1584 Senaculo

675 1599 736 1637 die
754 1606 867 1637 XX110
885 1600 1116 1639 Novembris

780 1653 880 1693 A.S.
904 1654 1225 1693 MDCCCLXXV113.

604 1797 814 1836 Academia
841 1797 1166 1848 Cantabrzggienszk
1184 1799 1371 1838 Instituta
1388 1799 1426 1837 A
1431 1799 1677 1849 rclzaeologz‘co
1696 1799 1863 1849 Imperii
1882 1798 2110 1838 Germanici
2125 1799 2166 1838 S.
2187 1799 2235 1837 P.
2255 1799 2313 1838 D.

566 1873 678 1925 (534)
718 1874 819 1915 CUM
840 1888 966 1926 nuper
986 1876 1103 1916 nobis
1123 1875 1350 1916 nuntiatum
1371 1875 1431 1924 sit,
1461 1876 1693 1916 societatem
1720 1884 1890 1916 vestram
1916 1890 2068 1916 annum
2091 1876 2464 1928 quinquagesimum

457 1949 505 1975 ex
532 1949 613 1987 quo
642 1937 684 1976 in
713 1937 913 1989 Capitolio
948 1939 1111 1979 condita
1141 1946 1210 1988 est,
1240 1939 1474 1990 propediem
1504 1939 1791 1979 celebraturam
1820 1952 1918 1987 esse,
1954 1938 2103 1990 placuit
2131 1938 2293 1979 Senatui
2327 1946 2463 1978 nostro

456 1999 593 2039 litteris
612 2000 773 2051 publice
799 2001 953 2053 scriptis
981 2003 1084 2042 ultro
1110 2002 1224 2042 vobis
1250 2003 1473 2051 ostendere,
1494 2009 1625 2041 vestro
1653 2015 1746 2041 cum
1775 2002 1921 2053 gaudio
1950 2015 2024 2042 nos
2054 2015 2215 2055 quoque
2239 2002 2340 2041 velle
2367 2014 2463 2041 con·

456 2060 607 2100 sociari.
666 2063 725 2101 Ut
753 2061 860 2101 enim
889 2075 1041 2110 omnes,
1065 2063 1132 2114 qui
1161 2062 1304 2102 artium
1332 2062 1555 2103 liberalium
1584 2063 1725 2103 studiis
1755 2062 1985 2103 excolendis
2013 2062 2138 2102 dediti
2165 2070 2268 2111 sunt,
2296 2062 2465 2103 necessi—

455 2121 595 2161 tudine
621 2125 795 2174 quadam
821 2124 923 2164 inter
948 2138 1034 2164 sese
1059 2124 1315 2164 continentur
1327 2138 1339 2173 ;
1368 2124 1422 2164 ita
1449 2131 1578 2164 vestra
1603 2125 1833 2176 praesertim
1861 2124 2029 2164 societas
2055 2137 2147 2163 cum
2174 2123 2373 2171 omnibus,
2394 2123 2464 2175 qui

455 2183 606 2234 ubique
626 2192 717 2224 sunt
737 2185 984 2237 antiquitatis
1004 2186 1184 2234 studiosi,
1206 2200 1256 2226 eo
1275 2186 1418 2226 artiore
1438 2186 1598 2227 vinculo
1619 2187 1834 2227 coniuncta
1854 2195 1925 2234 est,
1947 2188 2058 2238 quod
2084 2188 2172 2238 plus
2198 2199 2320 2238 quam
2345 2186 2462 2227 unius

455 2245 593 2296 populi
621 2259 644 2285 a
673 2246 762 2285 viris
792 2247 984 2298 primariis
1017 2247 1144 2299 ipsam
1173 2248 1365 2299 originem
1395 2248 1516 2288 duxit.
1576 2248 1706 2295 Nobis
1735 2257 1841 2289 certe
1870 2248 2078 2289 vobiscum
2106 2255 2218 2288 vetus
2243 2247 2460 2299 hospitium

454 2314 662 2358 propterea
681 2307 901 2358 intercedit,
923 2310 1034 2360 quod
1059 2308 1160 2349 inter
1185 2309 1334 2360 primos
1358 2309 1488 2350 socios
1514 2310 1583 2362 (ne
1608 2312 1739 2361 plures
1768 2309 2146 2361 commemoremus)
2174 2323 2300 2349 unum
2325 2323 2462 2350 nume-

454 2368 566 2408 rastis
594 2383 643 2409 ex
669 2370 840 2410 alumnis
869 2371 1025 2420 nostris,
1056 2372 1183 2411 virum
1216 2373 1366 2411 clarum
1401 2372 1646 2412 Gulielmum
1676 2374 1777 2421 GelI,
1811 2381 1932 2424 atque
1962 2373 2063 2413 inter
2094 2372 2203 2425 ipsos
2235 2371 2462 2414 conditores

455 2432 648 2472 habuistis
667 2433 794 2473 virum
813 2434 1025 2486 egregium,
1047 2448 1130 2475 non
1150 2447 1232 2475 uno
1252 2435 1416 2475 nomine
1435 2449 1528 2475 cum
1555 2435 1754 2475 Britannis
1781 2435 1944 2476 feliciter
1963 2435 2249 2485 consociatum,
2272 2435 2460 2476 Carolum

454 2496 629 2536 Bunsen.

563 2558 716 2598 Exteris
736 2558 853 2610 igitur
872 2573 964 2599 cum
983 2559 1168 2611 gentibus
1188 2567 1248 2600 tot
1273 2573 1400 2600 annos
1426 2559 1644 2600 litterarum
1665 2559 1915 2600 commerciis
1935 2558 2151 2608 coniuncti,
2173 2572 2294 2610 quam
2314 2560 2461 2599 multos

455 2621 669 2660 multorum
698 2622 853 2662 labores
883 2623 1083 2674 dispersos
1111 2623 1153 2662 in
1181 2637 1307 2663 unum
1337 2623 1560 2674 collegistis,
1591 2624 1781 2663 collectos
1815 2636 1947 2662 rursus
1979 2622 2020 2661 in
2053 2635 2310 2662 communem
2342 2635 2459 2662 usum

455 2681 732 2723 distribuistis!
789 2684 1026 2724 Litterarum
1065 2686 1117 2725 de
1150 2685 1355 2736 republica
1389 2699 1510 2736 quam
1543 2686 1647 2725 bene
1681 2684 1809 2724 meriti
1847 2684 1942 2731 sitis,
1977 2691 2169 2723 testantur
2206 2691 2294 2723 acta
2331 2691 2459 2724 vestra

453 2744 615 2796 singulis
636 2747 839 2786 mensibus
860 2747 977 2796 edita,
1000 2755 1165 2787 testatur
1187 2748 1390 2787 annalium
1417 2755 1635 2788 vestrorum
1662 2747 1791 2796 series,
1814 2754 2008 2787 testantur
2032 2746 2175 2786 artium
2205 2746 2457 2797 antiquarum

455 2816 713 2848 monumenta
757 2809 1028 2849 monumentis
1071 2810 1288 2850 litterarum
1331 2817 1462 2850 vestro
1506 2810 1672 2850 consilio
1711 2811 1909 2850 mandata.
1979 2812 2124 2850 Vestro
2160 2808 2315 2857 auxilio,
2355 2816 2458 2849 artes

454 2869 645 2919 Etruriae,
681 2870 750 2911 diu
783 2872 972 2923 sepultae,
1008 2885 1140 2912 rursus
1169 2886 1191 2912 e
1222 2880 1324 2912 terra
1362 2872 1593 2912 exstiterunt
1606 2886 1617 2921 3
1664 2871 1948 2923 Pompeiorum
1986 2871 2082 2923 picti
2113 2871 2291 2922 parietes,
2326 2877 2456 2910 vestro

518 2954 531 2975 ¹
557 2956 707 2998 Odyssey,
732 2956 777 2989 xii
803 2965 860 2997 52;
884 2967 904 2989 a
926 2957 1091 2989 reference
1115 2962 1150 2989 to
1175 2957 1232 2990 the
1261 2957 1402 2990 ‘double
1426 2958 1541 2990 siren’.
1722 2955 1737 2977 2
1760 2958 1833 2990 The
1856 2958 2039 2990 Electrical
2060 2958 2252 2990 Researches
2277 2957 2315 2989 of
2338 2957 2457 2998 Henry

454 2997 644 3031 Cavendish
662 3001 715 3042 (17
721 2999 917 3042 31—1810)‚
934 3001 1102 3041 grandson
1122 3000 1161 3032 of
1178 3001 1236 3033 the
1251 3001 1374 3033 second
1391 3001 1491 3033 Duke
1507 3001 1545 3033 of
1556 3000 1776 3038 Devonshire‚
1792 3012 1879 3033 were
1894 3001 2006 3033 edited
2022 3001 2066 3042 by
2080 3002 2113 3043 J.
2129 3001 2231 3034 Clerk
2248 3001 2406 3033 Maxwell
2421 3000 2456 3032 in

458 3043 551 3084 1879.
740 3043 754 3063 3
777 3044 891 3076 Letter
917 3044 955 3075 of
973 3044 1095 3076 thanks
1119 3048 1154 3075 to
1183 3044 1248 3075 His
1275 3045 1383 3076 Grace
1413 3044 1470 3076 the
1495 3044 1694 3076 Chancellor
1722 3043 1882 3085 (William
1909 3044 2111 3082 Cavendish,
2134 3044 2271 3076 seventh
2296 3043 2397 3076 Duke
2423 3043 2462 3075 of

454 3085 676 3126 Devonshire)
698 3087 749 3119 for
774 3087 825 3119 his
847 3086 1040 3119 munificent
1062 3087 1123 3129 gift
1151 3087 1189 3119 of
1204 3098 1224 3118 a
1248 3089 1413 3129 complete
1433 3094 1611 3129 apparatus
1640 3088 1677 3119 of
1697 3087 1855 3120 scientific
1877 3088 2090 3120 instruments
2112 3088 2162 3120 for
2184 3088 2242 3120 the
2265 3085 2456 3119 Cavendish

452 3128 671 3202 l[salboratory.
720 3130 783 3163 See
807 3131 975 3214 Regiorzier,
994 3141 1034 3163 20
1052 3131 1132 3172 May
1152 3130 1243 3172 1876,
1263 3141 1296 3172 p.
1318 3131 1380 3173 496
1390 3131 1412 3170 f,
1431 3132 1498 3162 and
1518 3140 1553 3172 15
1580 3131 1660 3172 May
1680 3131 1772 3173 1877,
1789 3142 1823 3173 p.
1841 3141 1903 3173 433
1916 3131 1933 3163 f
1944 3131 2102 3174 (Cyclops
2117 3130 2220 3173 forge,
2235 3131 2303 3162 and
2319 3130 2455 3163 ‘Helm-

477 3183 497 3202 o
513 3170 570 3203 tz's
586 3173 709 3204 double
724 3173 838 3210 siren',
887 3184 915 3205 c.
934 3196 941 3204 .

1420 3248 1495 3296 236
