2704 3770
511 349 764 399 Matthew
797 349 851 398 Α
858 350 1017 400 rnola'.
1104 349 1332 399 Wz'llz‘am
1381 351 1580 400 Watson
1621 354 1870 405 Goodwz'n.

173 496 390 552 proeliatus
422 497 512 538 est².
571 498 712 550 Nuper
745 496 933 549 denique,
969 495 1253 536 Britannorum
1286 497 1424 537 armis·
1440 505 1548 538 trans
1587 500 1738 539 Indum
1777 500 2049 550 militantibus,
2085 502 2203 542 huius

172 559 361 613 auspiciis
388 560 613 612 explorator
642 559 836 611 plurimus
865 573 888 600 e
917 558 1218 611 septentrionali
1250 558 1394 600 Indiae
1422 567 1533 612 parte
1561 562 1615 601 ad
1643 561 1898 602 occidentem
1928 563 2053 602 solem
2083 571 2205 603 trans-

174 623 330 673 missus,

666 680 676 700 ‘
689 677 911 730 Hesperios
939 678 1087 718 audax'
1115 676 1223 718 venit
1259 681 1448 718 ‘metator
1474 677 1518 718 in
1545 679 1718 730 agros'2.

281 760 411 802 Vobis
442 768 654 813 praesento
687 760 896 802 Societatis
931 760 1083 813 Regiae
1116 760 1283 809 socium,
1315 760 1443 801 virum
1482 761 1535 801 de
1571 761 1751 813 plurimis
1790 762 1967 803 scientiis
2006 764 2205 814 praeclare

174 825 372 876 meritum,
403 826 600 866 IAcossuM
629 827 828 866 ΤΗΟΜΑΜ
857 826 1062 864 WALKER.

281 975 370 1031 (71)
390 977 618 1017 Salutamus
637 976 829 1029 deinceps
848 975 1031 1017 criticum
1051 976 1266 1029 egregium,
1286 977 1358 1017 sed
1378 977 1554 1017 eundem
1579 979 1742 1029 poetam
1769 977 1959 1018 eximium
1973 993 1984 1028 3
2012 978 2139 1018 virum
2167 987 2207 1019 et

172 1039 390 1081 litterarum
409 1041 530 1081 laude
548 1039 754 1089 illustrem,
770 1047 811 1080 et
830 1040 872 1080 in
891 1040 1105 1080 laudandis
1125 1040 1263 1081 litteris
1280 1040 1341 1093 (ut
1360 1040 1436 1093 ipsi
1457 1041 1733 1094 meministis³)
1748 1042 1945 1095 insignem
1961 1058 1971 1092 3
2000 1043 2069 1095 qui
2085 1043 2206 1083 totius

174 1103 361 1156 Europae
380 1102 463 1144 sive
482 1103 524 1143 in
544 1102 682 1143 litteris
703 1103 785 1143 sive
804 1103 846 1143 in
866 1103 972 1144 ludis
991 1103 1201 1152 litterariis,
1218 1104 1413 1156 quicquid
1433 1104 1631 1157 optimum
1652 1113 1724 1155 est,
1742 1105 1983 1147 imitandum
2006 1106 2207 1146 Britannis

171 1164 394 1206 identidem
427 1165 636 1218 proposuit
649 1180 660 1215 3
697 1165 767 1218 qui
799 1165 886 1218 ipse
919 1166 961 1206 in
994 1166 1170 1218 pedestri
1203 1166 1405 1207 scribendi
1435 1180 1580 1219 genere
1614 1168 1692 1208 stili
1727 1168 1861 1218 lucidi,
1894 1168 2034 1217 dulcis,
2070 1169 2204 1221 lepidi,

170 1227 406 1269 admirabile
433 1229 636 1280 exemplar
663 1227 854 1269 omnibus
883 1229 1077 1281 praebuit.
1138 1229 1272 1280 Quam
1302 1229 1474 1270 suaviter
1502 1230 1738 1271 subamarus
1767 1239 1827 1272 est
1856 1231 2043 1284 quotiens
2070 1231 2206 1272 Attico

171 1292 351 1344 quodam
370 1293 507 1345 lepore
526 1299 566 1332 et
585 1291 735 1332 salibus
754 1291 949 1344 quicquid
968 1292 1164 1333 insulsum
1185 1300 1245 1333 est
1264 1292 1410 1342 irridet,
1429 1294 1583 1334 Graeca
1602 1295 1779 1346 quadam
1800 1294 1997 1347 elegantia
2012 1294 2205 1347 quiequid

172 1353 387 1395 barbarum
406 1361 467 1394 est
486 1353 720 1394 contemnit.
780 1355 844 1394 De
863 1354 1109 1407 gravioribus
1129 1368 1223 1396 vero
1245 1355 1501 1407 argumentis,
1524 1363 1678 1408 quanto
1700 1357 1825 1397 animi
1848 1358 2034 1406 candore,
2057 1364 2207 1409 quanta

172 1416 404 1466 subtilitate,
425 1417 613 1469 disputat.
673 1418 790 1457 Idem
810 1418 931 1470 poeta
949 1431 1071 1470 quam
1095 1426 1298 1468 venustus,
1320 1431 1442 1470 quam
1466 1419 1606 1460 varius.
1666 1422 1762 1461 Non
1790 1422 1915 1462 modo
1942 1422 1994 1461 de
2021 1422 2206 1461 Homero

173 1477 216 1519 in
233 1478 412 1532 linguam
432 1486 609 1519 nostram
629 1479 840 1519 reddendo
859 1493 907 1519 ex
927 1481 1118 1520 cathedra
1141 1480 1337 1529 disseruit,
1360 1481 1432 1521 sed
1452 1482 1537 1532 ipse
1557 1482 1734 1522 carmina
1762 1482 2027 1523 Homericum
2054 1482 2206 1534 aliquid

174 1540 365 1594 spirantia
382 1540 424 1581 in
439 1543 684 1592 voluptatem
701 1548 879 1581 nostram
895 1542 1161 1594 conscripsit⁴.
1203 1542 1469 1595 Tragoediam
1485 1543 1693 1595 antiquam
1710 1557 1831 1596 quam
1844 1544 2012 1585 fideliter
2028 1545 2206 1585 imitatus

174 1606 255 1645 est‘·
266 1619 278 1654 3
313 1606 452 1645 Musas
476 1604 668 1645 Sicelides
692 1618 813 1656 quam
834 1604 1000 1646 feliciter
1021 1606 1275 1646 aemulatusss.
1336 1605 1539 1658 Equidem
1566 1607 1804 1647 crediderim
1825 1609 2045 1648 Thamesin
2072 1608 2204 1660 ipsum

174 1667 278 1709 inter
295 1681 384 1709 rura
402 1668 469 1708 illa
488 1670 691 1718 fluentem,
714 1668 783 1708 ubi
803 1674 924 1720 poeta
942 1668 1028 1720 ipse
1049 1676 1165 1709 natus
1185 1677 1278 1716 erat,
1300 1670 1466 1708 alumno
1486 1682 1561 1709 suo
1587 1672 1789 1722 exemplar
1814 1684 1931 1710 suum
1959 1670 2203 1723 praetulisse,

174 1743 293 1771 suum
315 1730 519 1783 ingenium
546 1730 760 1783 inspirasse
772 1744 783 1779 3
812 1731 881 1782 qui
909 1731 1049 1780 amnis,
1072 1737 1280 1783 poetarum
1310 1731 1497 1772 laudibus
1526 1733 1761 1782 celebratus,
1787 1732 2023 1785 tranquillus
2052 1741 2093 1773 at
2121 1747 2204 1773 non

174 1795 311 1835 tardus
329 1794 371 1844 it,
392 1796 615 1847 profundus
635 1802 675 1835 at
695 1794 918 1847 pellucidus
938 1793 1046 1835 idem
1067 1794 1156 1835 est⁷.

282 1858 412 1899 Vobis
445 1866 657 1910 praesento
689 1858 816 1898 virum
846 1866 887 1898 et
920 1871 995 1898 suo
1028 1866 1067 1898 et
1101 1857 1223 1910 patris
1256 1865 1295 1898 et
1335 1858 1579 1899 Academiae
1614 1859 1856 1899 Oxoniensis
1890 1860 2054 1900 nomine
2088 1859 2205 1899 nobis

172 1920 377 1970 dilectum,
409 1922 696 1961 MATTHAEUM
726 1922 925 1961 ARNOLD.

282 2072 370 2127 (72)
400 2074 609 2124 Quantum
639 2072 803 2113 miratus
831 2080 936 2114 esset
965 2072 1183 2113 litterarum
1214 2073 1458 2113 Graecarum
1488 2073 1625 2113 lumen
1651 2072 1761 2122 illud,
1784 2074 1911 2121 Plato,
1938 2072 1970 2112 si
1996 2072 2206 2125 providere

171 2134 378 2189 potuisset,
409 2137 494 2176 fore
523 2135 742 2187 aliquando
772 2143 816 2175 ut
849 2135 908 2175 vir
938 2135 1115 2187 quidam,
1146 2134 1260 2175 cuius
1294 2136 1465 2175 maiores
1499 2135 1691 2176 libertatis
1723 2137 1877 2188 asylum
1911 2142 2019 2175 trans
2056 2149 2208 2188 aequor

171 2199 420 2240 Atlanticum
440 2199 644 2252 petissent,
665 2199 707 2239 in
727 2198 935 2239 Atlantide
954 2212 1060 2239 nova
1079 2200 1253 2239 Graecas
1273 2198 1422 2239 litteras
1443 2198 1616 2239 maxima
1635 2212 1729 2239 cum
1755 2200 1874 2239 laude
1901 2200 2076 2247 doceret,
2097 2207 2136 2239 et
2165 2199 2205 2239 in

171 2262 260 2316 ipsa
278 2264 441 2316 Europa
463 2263 628 2304 nomine
653 2271 693 2303 et
713 2264 820 2303 fama
842 2270 1068 2303 notesceret
1081 2276 1092 2311 3
1121 2269 1262 2314 postea
1286 2264 1469 2303 Athenas
1498 2262 1604 2315 ipsas
1633 2262 1831 2311 inviseret,
1853 2270 2015 2315 propter
2041 2263 2206 2315 Cephisi

173 2327 393 2379 marginem
413 2327 658 2368 Academiae
677 2326 802 2379 ipsius
821 2327 924 2367 inter
942 2327 1105 2367 umbras
1124 2326 1357 2375 ambularet,
1379 2325 1523 2366 artium
1554 2327 1796 2366 Graecarum
1828 2334 2092 2366 monumenta
2114 2340 2206 2367 con-

172 2392 454 2443 templaretur3
482 2391 631 2431 deinde
658 2390 779 2430 Asiae
803 2390 919 2430 litora
937 2391 1293 2441 archaeologorum
1313 2389 1518 2430 laboribus
1537 2389 1730 2429 illustrata
1755 2396 2061 2441 praetervectus,
2082 2390 2206 2442 ipsius

172 2454 319 2495 Troiae
351 2454 515 2507 vestigia
545 2461 856 2507 perscrutaretur
869 2468 880 2502 ;
912 2461 1117 2505 postremo
1149 2454 1202 2493 ad
1232 2452 1416 2502 insulam,
1447 2452 1535 2504 ipsa
1563 2452 1696 2493 Sicilia
1726 2455 1853 2492 multo
1883 2452 2074 2493 maiorem
2104 2455 2206 2493 ultra

174 2517 364 2558 Herculis
391 2519 600 2558 columnas
628 2517 671 2558 in
699 2516 990 2569 septentriones
1020 2523 1281 2568 spectantem,
1308 2523 1567 2564 transvectus,
1595 2516 1648 2556 ab
1676 2515 1753 2556 alia
1782 2516 2004 2556 Academia
2030 2516 2205 2568 hospitio

172 2579 431 2632 exciperetur,
460 2579 530 2620 ubi
563 2587 602 2620 et
630 2579 873 2632 geometriae
904 2586 943 2619 et
972 2578 1254 2630 grammaticae
1284 2578 1416 2618 studia
1444 2577 1486 2617 in
1515 2579 1669 2618 honore
1698 2579 1951 2627 haberentur,
1982 2579 2051 2618 ubi
2081 2578 2204 2630 ipsius

172 2643 350 2696 denique
369 2643 548 2684 Platonis
567 2643 713 2696 scripta
731 2644 999 2691 laudarentur,
1022 2641 1303 2688 lectitarentur,
1325 2640 1485 2681 assidue
1505 2641 1805 2693 explicarentur.
1867 2643 1983 2682 Haec
2009 2641 2146 2682 omnia
2172 2640 2204 2680 si

174 2708 290 2748 Plato
314 2707 401 2761 ipse
426 2707 653 2761 prospicere
680 2706 887 2760 potuisset,
909 2705 1079 2746 libenter
1105 2706 1312 2745 confessus
1338 2711 1453 2753 esset,
1476 2718 1558 2744 non
1585 2704 1687 2745 inter
1713 2705 1890 2745 Graecos
1913 2712 2069 2745 tanturn
2096 2717 2201 2753 suos,

174 2773 247 2812 sed
265 2771 307 2812 in
326 2771 413 2813 aliis
432 2785 596 2825 quoque
614 2771 802 2825 gentibus
822 2770 867 2809 τὸ
886 2768 1098 2820 φιλομαθὲς
1116 2768 1277 2809 inesse⁸.

281 2834 410 2875 Vobis
422 2842 634 2887 praesento
646 2833 892 2874 Academiae
908 2831 1248 2883 Cantabrigiensis
1263 2830 1607 2870 Transatlanticae
1620 2829 1832 2870 nobiscum
1849 2830 2203 2871 coniunctissimae

171 2904 470 2950 praeceptorem
488 2895 836 2948 φιλομαθέστατον,
850 2895 979 2935 virum
994 2895 1046 2935 de
1060 2894 1318 2947 grammatica
1332 2894 1486 2933 Graeca
1498 2894 1698 2945 praeclare
1715 2893 1913 2938 meritum,
1930 2894 2200 2934 Professorem

173 2960 397 3001 Goonwm.

260 3065 274 3087 ²
297 3067 412 3111 Sieges
427 3067 466 3101 of
477 3068 632 3102 Mooltan
648 3067 774 3109 (1848),
791 3066 859 3099 and
876 3065 979 3099 Delhi
995 3063 1120 3107 (1857).
1294 3061 1308 3084 ²
1331 3063 1458 3101 Lucan,
1475 3062 1486 3095 i
1503 3063 1577 3104 382.
1736 3061 1750 3083 ³
1773 3063 1962 3096 Literaturc
1977 3063 2051 3095 and
2061 3063 2200 3102 Science,

175 3110 271 3144 Rede
287 3111 441 3150 Lecture,
463 3113 555 3145 1882.
772 3109 786 3131 ⁴¹
808 3110 938 3143 Sokrab
952 3110 1026 3142 and
1039 3110 1196 3142 Rustum.
1410 3105 1424 3127 ⁶
1448 3107 1590 3149 Merope.
1807 3105 1821 3126 ⁶
1849 3107 1917 3140 The
1932 3107 2198 3149 Scholar·Grjt>sy,

173 3154 241 3187 and
264 3155 410 3197 Thyrsis.
590 3154 605 3176 ⁷
629 3158 638 3174 ⁴
651 3154 798 3197 Though
813 3154 911 3197 deep.
927 3159 982 3196 yet
998 3153 1109 3192 clear3
1133 3152 1259 3195 though
1277 3151 1402 3194 gentle,
1421 3156 1475 3193 yet
1493 3156 1550 3182 not
1567 3150 1638 3183 dull
1652 3149 1671 3189 '‚
1692 3149 1745 3184 Sir
1757 3150 1849 3193 John
1866 3151 2035 3191 Denham,
2059 3150 2204 3193 Cooper'5

173 3198 262 3238 Hill,
285 3208 365 3242 1913
387 3209 441 3242 cp.
457 3209 512 3232 no.
531 3212 562 3240 4.
787 3196 801 3218 Β
825 3197 933 3237 Plato,
953 3198 1034 3239 Rep.
1051 3207 1115 3238 ⁴35
1129 3205 1162 3229 Ε.

1165 3283 1216 3319 39
