2704 3770
977 329 1031 376 E
1033 327 1129 376 mz‘l
1157 329 1384 377 Hilbner.
1459 329 1510 376 A
1517 329 1635 393 dolf
1657 329 1937 379 Michaelis.

458 475 684 522 salutamus,
700 473 826 513 virum
841 487 865 513 a
884 473 1008 513 tribus
1028 473 1217 525 deinceps
1233 473 1390 525 regibus
1411 473 1630 513 honoribus
1649 474 1903 526 amplissimis
1923 483 2105 515 ornatum
2119 489 2130 523 3
2158 474 2227 526 qui
2246 488 2328 514 non
2344 474 2468 514 modo

457 536 628 576 victoriis
648 536 722 576 illis
741 549 764 576 e
785 537 960 576 Palestro
980 543 1019 576 et
1039 536 1234 576 Solferino
1253 535 1459 588 reportatis
1484 550 1627 588 magna
1653 550 1744 576 cum
1768 539 1886 578 laude
1912 538 2111 587 interfuit,
2140 539 2223 585 sed,
2243 539 2350 577 velut
2371 538 2470 577 alter

459 597 731 646 Archimedes,
754 598 895 637 bellica
919 598 986 637 illa
1008 611 1128 649 opera
1153 597 1381 645 construxit,
1410 599 1517 637 unde
1542 612 1589 638 ex
1617 600 1788 638 Ancona
1816 607 1856 638 et
1885 600 2023 639 Caieta
2051 612 2196 638 novam
2221 600 2384 650 gloriam
2409 606 2470 638 est

460 660 639 711 adeptus.
699 661 814 700 Idem
834 659 942 711 pacis
962 659 1002 699 in
1021 660 1171 699 artibus
1190 667 1378 710 versatus,
1396 659 1641 700 Academiae
1653 660 1910 700 Taurinensis
1930 661 2135 712 quondam
2155 661 2362 712 professor,
2384 673 2471 712 pro-

461 721 618 761 fessoris
645 721 998 773 Cantabrigiensis¹
1017 720 1254 773 analyticam
1273 720 1379 760 illam
1404 721 1579 761 numeris
1604 722 1884 773 computandis
1910 721 2136 761 machinam
2162 721 2258 761 olim
2285 723 2470 774 Europae

459 782 609 833 primus
629 784 847 836 explicavit.
906 786 1049 824 Postea
1067 784 1216 836 patriae
1235 786 1396 836 legatus,
1419 784 1612 836 sapientia
1632 784 1717 824 miti
1736 792 1775 825 et
1799 793 1951 825 matura
1974 784 2153 825 omniurn
2177 785 2298 825 corda
2316 784 2358 824 in
2383 797 2470 825 sese

459 844 602 890 allexit,
630 845 814 896 quotiens
846 846 926 886 sive
956 845 997 885 in
1030 845 1198 894 Austria,
1230 845 1311 886 sive
1337 845 1378 885 in
1407 845 1545 894 Gallia,
1577 847 1658 886 sive
1686 846 1727 885 in
1757 846 1842 898 ipsa
1871 846 2075 886 Britannia
2102 853 2370 886 commoratus
2397 853 2468 886 est.

463 906 648 958 Denique
680 921 762 947 non
792 907 868 947 alia
898 921 1019 947 manu
1047 920 1183 959 regum
1218 908 1575 959 Longobardorum
1603 909 1726 948 ferrea
1753 908 1819 948 illa
1847 922 1994 948 corona
2021 922 2069 948 ex
2097 907 2256 948 Austria
2283 909 2404 948 relata
2431 915 2471 947 et

463 968 601 1008 Italiae
627 969 782 1009 reddita
806 977 875 1009 est.
935 970 1026 1009 Iure
1054 969 1170 1020 igitur
1197 969 1351 1021 optimo
1379 969 1436 1010 vir
1461 970 1704 1019 venerabilis,
1726 971 1778 1010 de
1808 970 1923 1010 Italia
1949 972 2148 1022 praeclare
2176 969 2349 1017 meritus,
2370 968 2472 1009 inter

462 1031 643 1072 omnium
662 1034 823 1085 plausus
843 1032 964 1073 hodie
982 1032 1161 1084 protinus
1180 1032 1571 1084 excipietur,-—velut
1589 1032 1686 1072 olim
1706 1033 1775 1073 ubi

1514 1107 1673 1147 ‘sideris
1701 1108 1822 1147 instar

1000 1159 1161 1201 emicuit
1190 1160 1418 1201 Stilichonis
1445 1174 1545 1213 apex
1573 1168 1612 1201 et
1640 1162 1799 1213 cognita
1826 1161 1933 1201 fulsit

1002 1214 1166 1255 canities
1179 1215 1218 1255 ’².

572 1292 728 1342 Agmen
757 1297 936 1330 nostrum
959 1289 1069 1330 ducit
1097 1289 1218 1329 hodie
1241 1288 1298 1328 vir
1325 1296 1365 1330 et
1389 1289 1482 1330 belli
1510 1297 1549 1330 et
1574 1291 1683 1341 pacis
1710 1290 1859 1330 artibus
1888 1289 2062 1341 insignis,
2092 1289 2228 1329 Italiae
2257 1296 2296 1329 et
2324 1290 2404 1330 dux
2432 1297 2472 1329 et

464 1353 614 1404 legatus
633 1351 927 1400 illustrissimus,
950 1353 1195 1392 Lunovmus
1215 1353 1488 1392 FREDEmcus
1509 1354 1764 1392 MENABREA.

573 1496 659 1548 (64)
699 1496 837 1536 Hodie
867 1509 915 1536 ex
942 1495 1157 1536 Germania
1185 1497 1326 1536 adesse
1353 1498 1573 1547 gaudemus
1601 1497 1727 1535 virum
1758 1503 1798 1536 et
1828 1497 1879 1536 de
1911 1496 2112 1536 Britannia
2143 1497 2328 1534 Romana
2354 1501 2394 1534 et
2421 1494 2474 1534 de

465 1559 600 1600 litteris
646 1559 819 1610 antiquis
865 1559 1015 1610 optime
1062 1559 1256 1599 meritum.
1330 1561 1440 1599 Inter
1477 1559 1652 1600 eruditos
1690 1566 1810 1599 notae
1847 1566 1939 1598 sunt
1976 1557 2260 1610 praelectiones
2296 1557 2385 1597 illae
2422 1557 2474 1596 de

464 1623 719 1674 grammatica
756 1630 795 1663 et
833 1624 985 1663 Graeca
1017 1629 1056 1662 et
1090 1621 1241 1670 Latina,
1278 1623 1330 1663 de
1366 1622 1503 1662 litteris
1538 1622 1700 1670 Latinis,
1735 1623 1786 1662 de
1822 1621 2145 1673 inscriptionibus
2185 1619 2388 1669 Romanis,
2423 1619 2475 1659 de

466 1686 647 1726 universa
670 1686 844 1737 denique
873 1685 1119 1737 Philologiae
1152 1685 1324 1733 historia,
1355 1686 1408 1725 ab
1438 1687 1516 1725 hoe
1546 1684 1629 1724 viro
1659 1684 1828 1725 breviter
1855 1698 1902 1724 ac
1930 1683 2160 1724 summatim
2187 1682 2407 1734 descriptae
2435 1687 2475 1721 et

465 1751 734 1790 adumbratae.
794 1751 909 1789 Iuvat
929 1751 1010 1789 duo
1029 1749 1095 1788 illa
1114 1748 1253 1788 itinera
1274 1748 1501 1788 Britannica
1519 1748 1571 1787 ab
1591 1747 1748 1799 hospite
1767 1755 1903 1787 nostro
1923 1748 2041 1787 docte
2060 1754 2100 1786 et
2122 1747 2296 1786 iucunde
2322 1750 2476 1785 narrata

467 1812 686 1860 recordari3
727 1811 835 1851 iuvat
872 1810 1100 1850 Britanniae
1133 1818 1172 1849 et
1206 1810 1427 1861 Hispaniae
1459 1809 1735 1861 inscriptiones
1774 1809 1935 1848 Latinas
1968 1809 2020 1848 ab
2053 1810 2195 1848 eodem
2228 1821 2298 1859 per
2335 1806 2475 1847 seriem

469 1888 653 1926 magnam
672 1874 878 1926 perspicue
898 1873 1109 1925 dispositas
1132 1880 1171 1912 et
1194 1872 1427 1924 peritissime
1451 1872 1663 1924 explicatas
1686 1884 2022 1920 commemorare3
2049 1871 2156 1910 iuvat
2178 1870 2297 1910 etiarn
2322 1868 2477 1908 minora

466 1938 532 1978 illa
551 1938 753 1978 volumina
771 1939 931 1977 laudare
949 1935 1218 1976 monumentis
1234 1935 1468 1976 Christianis
1484 1934 1735 1975 recensendis
1755 1941 1994 1973 consecrata.
2054 1933 2200 1972 Merito
2215 1931 2331 1984 igitur
2347 1933 2478 1970 Mater

468 2000 534 2039 illa
568 2001 695 2048 Alma,
732 2013 834 2050 quae
867 1998 1014 2039 abhinc
1051 2010 1178 2037 annos
1212 2004 1410 2037 trecentos
1447 1996 1550 2036 illius
1587 1995 1899 2036 adulescentiam
1936 1994 2043 2043 aluit,
2074 1994 2142 2045 qui
2175 1993 2476 2044 inscriptionum

471 2065 742 2102 Romanarum
775 2063 1004 2101 thesaurum
1037 2059 1186 2111 primus
1220 2059 1400 2099 omnium
1434 2058 1646 2107 condidit³,
1682 2059 1822 2098 eadem
1856 2058 1977 2097 hodie
2009 2057 2136 2097 virum
2167 2057 2219 2097 de
2250 2055 2477 2095 Britanniae

468 2124 589 2163 titulis
611 2123 804 2163 Romanis
824 2124 1022 2174 praeclare
1042 2121 1225 2161 meritum
1245 2121 1360 2160 titulo
1380 2134 1453 2160 suo
1473 2121 1693 2160 honorifico
1714 2126 1876 2159 exornat
1890 2133 1901 2168 3
1929 2118 2041 2158 cuius
2061 2118 2115 2158 rei
2139 2117 2371 2158 memoriam
2393 2130 2476 2157 non

469 2187 569 2225 duro
588 2185 654 2224 illa
674 2185 836 2236 quidem
856 2197 950 2224 saxo
969 2184 1207 2234 insculptam
1227 2184 1298 2222 sed
1317 2182 1440 2222 animi
1459 2182 1556 2234 grati
1575 2181 1720 2222 tabulis
1734 2181 1966 2232 impressam
1981 2180 2021 2219 in
2040 2187 2275 2232 perpetuum
2295 2178 2475 2219 servabit.

580 2249 697 2287 Duco
734 2249 786 2287 ad
822 2260 893 2287 vos
931 2247 1199 2286 Professorem
1237 2245 1547 2294 Berolinensem,
1581 2252 1620 2285 et
1655 2243 1984 2284 Londiniensium
2019 2251 2059 2283 et
2091 2242 2476 2294 Cantabrigiensium

471 2309 734 2349 Societatibus
764 2308 1007 2360 Antiquariis
1036 2307 1197 2347 honoris
1225 2320 1345 2347 causa
1372 2307 1627 2358 adscriptum,
1658 2308 1886 2346 AEMILIUM
1917 2307 2118 2345 HuBNER.

577 2448 663 2500 (65)
694 2448 798 2488 Cum
818 2447 859 2486 in
878 2446 1097 2487 Academia
1112 2453 1247 2486 nostra
1266 2459 1448 2486 museum
1468 2459 1618 2486 novum
1640 2447 1783 2487 artium
1806 2445 2058 2497 antiquarum
2084 2445 2224 2485 studiis
2249 2445 2478 2486 dedicatum

469 2513 570 2552 intra
597 2523 746 2562 paucos
775 2523 932 2550 menses
959 2517 1140 2561 apertum
1169 2509 1215 2548 iri
1243 2522 1459 2560 speremus,
1484 2509 1582 2549 nihil
1611 2509 1872 2562 opportunius
1901 2523 1987 2549 esse
2015 2509 2257 2557 arbitramur,
2286 2522 2407 2560 quam
2435 2515 2479 2549 ut

470 2576 613 2615 eodem
644 2586 751 2613 anno
781 2573 907 2612 virum
938 2580 976 2613 et
1007 2574 1058 2613 de
1091 2572 1231 2612 studiis
1262 2572 1336 2612 illis
1367 2579 1406 2612 et
1437 2573 1488 2612 de
1521 2573 1645 2624 patria
1675 2581 1809 2613 nostra
1838 2573 1988 2624 optime
2019 2571 2353 2621 meritumwanimi
2379 2570 2478 2623 grati

470 2636 697 2677 testimonio
716 2637 1084 2687 quantulocumque
1103 2647 1301 2675 ornemus.
1359 2635 1602 2676 Academiae
1621 2635 1724 2676 illius
1743 2637 1950 2688 professor,
1968 2649 2071 2687 quae
2089 2637 2178 2687 plus
2197 2648 2317 2685 quam
2337 2636 2478 2675 decem

469 2713 596 2740 annos
615 2712 738 2751 prope
759 2697 911 2738 Galliae
931 2699 1029 2737 fines
1049 2697 1254 2738 doctrinae
1275 2697 1535 2738 Germanicae
1554 2701 1897 2750 propugnaculum
1921 2699 2078 2745 exstitit,
2099 2706 2139 2738 et
2163 2699 2411 2737 Athenarum
2436 2697 2478 2737 in

468 2775 557 2801 arce
589 2761 842 2801 aedificatum
876 2772 1064 2811 magnum
1098 2759 1196 2799 illud
1230 2759 1395 2799 Phidiae
1426 2768 1730 2799 monumentum
1765 2773 1884 2812 opere
1916 2759 2137 2799 admirabili
2171 2758 2408 2810 descripsit⁴,
2438 2766 2478 2799 et

473 2823 647 2863 Instituti
675 2822 976 2873 Archaeologici
1004 2822 1044 2860 in
1079 2821 1279 2873 Capitolio
1316 2821 1435 2873 positi
1467 2835 1663 2862 annorum
1702 2822 1988 2873 quinquaginta
2023 2823 2185 2861 annales
2223 2821 2312 2861 stilo
2343 2822 2477 2861 lucido

469 2884 690 2924 enarravit⁵.
750 2885 836 2923 Nos
856 2896 949 2923 vero
971 2882 1182 2922 Britannos
1210 2882 1405 2922 beneficio
1431 2883 1615 2934 singulari
1642 2883 1789 2923 idcirco
1813 2883 1888 2923 sibi
1910 2882 2124 2931 coniunxit,
2146 2883 2257 2933 quod
2282 2896 2479 2922 marmora

470 2946 632 2997 antiqua
670 2945 709 2984 in
748 2945 894 2985 museis
931 2944 1074 2984 nostris
1112 2943 1272 2995 privatis
1305 2951 1536 2984 conservata
1573 2958 1693 2996 opere
1731 2944 1941 2996 magnifico
1974 2944 2228 2993 enumeravit,
2268 2944 2476 2994 recensuit,

558 3049 567 3069 ¹
593 3050 730 3083 Charles
741 3050 909 3092 Babbage,
922 3049 1085 3082 Lucasian
1099 3048 1266 3081 Professor
1280 3049 1318 3081 of
1327 3049 1571 3088 Mathematics,
1593 3051 1649 3082 182
1862 3048 1876 3068 ²
1899 3049 2072 3088 Claudiam
2086 3050 2140 3082 De
2150 3050 2241 3082 Bello
2255 3050 2368 3089 Getico,
2382 3051 2445 3091 458
2453 3049 2475 3081 f.

470 3094 484 3114 ³
503 3095 607 3136 Janus
623 3093 755 3133 Gruter,
777 3093 869 3134 1615.
1067 3092 1081 3111 ⁴
1103 3093 1175 3125 Der
1189 3092 1390 3132 Parthenon,
1412 3094 1504 3135 1871.
1654 3059 1932 3125 9‘309'Gmhichte
1946 3094 1999 3125 des
2014 3093 2183 3126 dmtschen
2197 3093 2476 3136 archiiologischen

471 3138 630 3170 Instituts
646 3135 837 3179 (1829-79),
859 3138 953 3178 1879.

1452 3210 1502 3258 36
