2704 3770
603 303 806 369 Affred
837 302 1062 369 Clffoerd.
1134 303 1406 360 Antonius,
1439 304 1493 352 A
1500 304 1558 368 bp
1592 305 1658 369 of
1679 305 1918 357 Fz'nland.

251 449 376 491 maria
393 448 592 490 immensa
610 455 794 501 porrecto
812 448 1040 501 gloriamur,
1060 448 1101 488 in
1122 447 1290 488 navibus
1310 448 1572 489 aedificandis
1592 448 1747 500 imperii
1770 449 1892 489 totius
1917 452 2084 491 salutem
2108 451 2279 503 positam

250 525 339 558 esse
370 513 463 554 iure-
484 512 640 565 optimo
673 512 918 553 arbitramur.
978 514 1085 565 Ergo
1113 511 1234 553 etiam
1264 511 1654 564 Cantabrigiensium
1683 514 1853 554 Senatus
1880 527 2029 554 corona
2054 528 2126 554 sua
2151 515 2279 555 virum

249 574 448 628 insignem
466 574 638 615 libenter
656 582 832 624 exornat,
853 574 923 627 qui
942 573 1097 626 imperii
1117 574 1239 615 totius
1257 575 1311 615 ad
1330 575 1594 615 commodum
1617 588 1688 627 per
1709 588 1839 615 annos
1863 576 2088 627 complures
2112 576 2280 617 navibus

248 638 440 692 plurimis,
475 646 516 680 et
553 639 829 691 magnitudine
862 647 902 680 et
936 638 1146 680 velocitate
1179 646 1219 679 et
1252 639 1397 679 robore
1429 638 1734 690 praestantibus,
1771 638 1987 690 quotannis
2020 638 2280 680 aedificandis

246 703 446 756 praefuifl.
503 703 589 744 Viri
616 703 718 744 tanti
745 711 882 744 autem
911 704 963 744 de
993 702 1143 743 meritis
1172 702 1293 743 etiam
1322 703 1436 754 plura
1464 701 1588 743 hodie
1617 702 1750 743 dicere
1780 701 1911 750 velim,

1012 779 1212 818 ‘extremo
1241 776 1283 817 ni
1310 775 1390 816 iam
1419 777 1495 817 sub
1524 777 1604 817 fine
1633 777 1816 817 laborum

688 833 775 873 vela
803 833 957 872 traham
986 839 1026 873 et
1054 831 1165 873 terris
1194 831 1380 872 festinem
1408 832 1615 872 advertere
1643 845 1801 883 proram
1815 831 1854 871 ’'.

358 905 515 949 Ultima
551 914 686 947 tamen
724 906 854 948 laudis
892 914 1052 948 nostrae
1085 921 1235 948 corona
1268 915 1442 948 vestrum
1476 907 1659 948 omnium
1691 908 1851 961 gaudio,
1886 915 2061 948 vestrum
2099 908 2281 949 omniurn

247 969 402 1021 plausu,
431 968 509 1010 nisi
536 970 660 1018 fallor,
691 968 1031 1021 comprobabitur,

685 1050 695 1069 ‘
709 1059 785 1086 ceu
813 1058 972 1097 pressae
1000 1059 1093 1085 cum
1122 1044 1202 1086 iam
1231 1051 1393 1097 portum
1421 1044 1584 1097 tetigere
1613 1044 1781 1094 carinae,

711 1099 914 1152 puppibus
943 1107 983 1141 et
1010 1099 1105 1141 laeti
1133 1107 1279 1140 nautae
1307 1099 1534 1151 imposuere
1562 1113 1732 1140 coronas
1745 1099 1786 1138 '⁸-

356 1177 476 1218 Duco
503 1177 557 1218 ad
584 1190 656 1218 vos
687 1175 838 1229 Regiae
867 1175 1077 1217 Societatis
1106 1174 1273 1223 socium,
1295 1176 1348 1215 de
1377 1175 1532 1215 Balneo
1559 1174 1736 1227 equitem
1765 1173 1975 1227 insignem,
2003 1176 2280 1215 WlLLELMUM

249 1240 497 1281 Hssmuctm
517 1242 684 1280 Wnrm.

1066 1441 1083 1473 1
1095 1427 1123 1473 8
1150 1424 1294 1491 sune
1338 1441 1354 1473 1
1367 1427 1462 1487 897

355 1542 471 1596 (276)
492 1543 651 1582 IND1AE
673 1541 994 1595 septentrionalis
1020 1543 1062 1583 in
1088 1543 1225 1584 medio
1249 1543 1352 1584 iacet
1371 1543 1479 1595 regio
1498 1543 1607 1584 urbis
1628 1542 1799 1583 invictae
1814 1556 1862 1583 ex
1882 1541 2047 1583 nornine
2066 1544 2276 1595 appellata,

247 1612 288 1646 et
313 1604 463 1646 abhinc
485 1617 614 1645 annos
639 1606 730 1656 plus
758 1618 880 1657 quam
907 1605 1170 1658 quadraginta
1198 1605 1366 1657 imperio
1395 1613 1532 1646 nostro
1561 1605 1707 1646 addita.
1770 1605 1963 1657 Regionis
1983 1605 2103 1657 capiti
2130 1619 2279 1647 nomen

245 1667 420 1708 inditum
439 1674 511 1717 est,
532 1668 644 1719 quod
672 1666 793 1707 etiam
821 1667 924 1708 inter
950 1669 1077 1708 Indos
1103 1667 1256 1719 aliquid
1282 1668 1374 1708 felix
1401 1669 1730 1719 fortunatumque
1756 1667 1977 1719 significare
1996 1668 2281 1719 existimatur⁴3

244 1729 342 1771 inde
367 1743 519 1770 nornen
545 1729 799 1781 episcopatus
827 1729 922 1770 novi
947 1737 1040 1770 ante
1064 1731 1139 1770 hos
1161 1737 1350 1782 quattuor
1374 1744 1503 1771 annos
1526 1730 1700 1782 primum
1724 1730 1931 1770 constituti
1957 1730 2180 1770 derivatum
2206 1738 2277 1772 est.

245 1793 448 1844 Tempore
472 1798 608 1832 autem
634 1792 780 1832 eodem
808 1791 1057 1843 episcopatui
1085 1805 1193 1832 novo
1222 1792 1360 1833 addita
1385 1800 1445 1833 est
1476 1792 1681 1844 provincia
1715 1806 1860 1845 magna
1872 1806 1884 1842 ;
1921 1799 1961 1833 et
1989 1792 2031 1832 in
2062 1792 2150 1845 ipso
2175 1794 2279 1843 loco,

245 1854 316 1896 ubi
343 1854 510 1895 flumina
538 1867 649 1894 saera
674 1855 758 1894 duo
783 1853 824 1893 in
853 1867 980 1894 unum
1009 1856 1229 1904 confluunt,
1255 1855 1510 1907 episcopatus
1540 1856 1656 1895 sedes
1685 1854 1771 1906 ipsa
1799 1854 1929 1907 posita
1954 1862 2015 1895 est
2043 1863 2083 1895 et
2112 1855 2281 1896 ecclesia

244 1916 483 1960 cathedralis
502 1917 675 1958 condita.
737 1916 877 1958 Hodie
896 1931 991 1958 vero
1010 1917 1241 1969 provinciae
1261 1925 1396 1958 tantae
1416 1918 1651 1970 episcopum
1671 1919 1845 1971 primum
1864 1918 2034 1959 libenter
2048 1920 2277 1968 salutamus,

242 1980 372 2022 virum
399 1993 471 2032 per
497 1993 627 2020 annos
655 1981 893 2031 complures,
924 1980 1045 2020 etiam
1075 1980 1230 2032 imperii
1259 1980 1384 2021 nostri
1414 1981 1546 2021 Indici
1575 1981 1616 2020 in
1643 1981 1731 2033 ipso
1757 1981 1898 2034 capite,
1928 1980 2132 2022 laboribus
2161 1982 2281 2022 sacris

243 2050 468 2096 spectatum
486 2042 794 2095 probatumque.
855 2041 968 2082 Faxit
990 2044 1101 2083 Deus
1121 2050 1165 2083 ut
1186 2043 1330 2084 Indiae
1350 2043 1457 2095 regio
1484 2057 1629 2096 magna
1655 2043 1807 2084 alumni
1834 2043 1958 2084 nostri
1981 2043 2076 2084 fidei
2099 2051 2139 2084 et
2162 2058 2280 2085 curae

243 2106 398 2158 tradita,
420 2107 491 2147 ubi
509 2114 603 2147 ante
623 2108 697 2147 hos
717 2105 980 2159 quadraginta
999 2120 1129 2147 annos
1148 2107 1357 2147 seditionis
1377 2108 1564 2147 flammae
1584 2107 1868 2148 formidulosae
1889 2106 2023 2147 subito
2037 2115 2278 2158 exarserunt,

243 2184 353 2212 nunc
386 2178 504 2220 certe,
533 2169 687 2210 alumni
717 2169 842 2210 nostri
871 2183 954 2210 non
983 2169 1070 2210 sine
1095 2169 1254 2220 auxilio,
1285 2169 1447 2211 Christo
1478 2172 1582 2210 duce
1611 2178 1651 2211 et
1684 2170 1846 2222 auspice
1875 2169 2047 2219 Christo,
2079 2169 2280 2222 religionis

243 2248 368 2288 purae
387 2234 644 2275 sacramentis
663 2234 820 2274 imbuta
838 2233 900 2283 sit,
922 2241 962 2274 et
988 2233 1195 2274 militantis
1221 2233 1414 2274 ecclesiae
1438 2233 1576 2274 castris
1602 2233 1785 2274 felicibus
1811 2240 2019 2285 occupata.
2080 2235 2187 2286 Ergo
2213 2234 2280 2275 die

243 2296 418 2338 crastino
443 2296 524 2337 diei
549 2296 619 2347 qui
647 2295 838 2348 Corporis
869 2295 1018 2337 Christi
1043 2303 1310 2349 nuncupatur,
1331 2296 1518 2348 auspiciis
1543 2296 1704 2348 optimis
1727 2303 1940 2348 praesento
1966 2295 2080 2336 vobis
2110 2297 2280 2349 Collegii

243 2360 340 2401 inde
358 2358 556 2399 nominati
574 2359 784 2399 alumnum
804 2358 1009 2408 dilectum,
1031 2360 1277 2398 ALFREDUM
1299 2360 1532 2409 Cur-FORD,
1554 2359 1790 2411 episcopum
1810 2360 1862 2399 de
1883 2359 2098 2400 Lucknow.

1065 2517 1123 2563 19
1148 2501 1293 2567 sune
1333 2503 1459 2563 1897

354 2620 469 2674 (277)
504 2622 744 2662 RUSSORUM
771 2634 820 2662 ex
838 2618 1007 2673 imperio
1026 2619 1202 2660 maximo
1221 2621 1273 2660 ad
1294 2620 1409 2660 litora
1429 2627 1564 2660 nostra
1586 2619 1814 2672 nuperrime
1833 2620 2026 2660 advectus
2045 2627 2106 2660 est
2124 2621 2278 2672 legatus

243 2683 420 2736 insignis,
441 2683 689 2736 imperatoris
708 2683 832 2735 ipsius
851 2682 1051 2735 auspiciis,
1073 2682 1114 2722 in
1139 2683 1335 2723 honorem
1361 2682 1565 2723 Victoriae
1589 2682 1780 2735 Reginae,
1802 2681 1843 2722 in
1868 2683 2063 2723 honorem
2086 2682 2279 2723 ecclesiae

242 2745 501 2798 Angfioanae,
522 2746 575 2786 ab
598 2744 792 2786 ecclesiae
814 2744 1017 2786 orientalis
1037 2744 1235 2796 episcopis
1255 2745 1307 2784 ad
1328 2744 1576 2784 Britanniam
1604 2743 1776 2784 missus⁶.
1838 2746 1944 2796 Ergo
1964 2745 2134 2784 Senatus
2153 2744 2279 2785 nostri

244 2807 410 2848 nomine
434 2807 562 2848 virum
590 2815 673 2848 tam
698 2807 969 2848 venerabilem
994 2806 1165 2847 libenter
1189 2808 1420 2856 salutamus,
1443 2807 1512 2858 qui
1538 2806 1711 2858 primum
1735 2806 1776 2847 in
1800 2806 2022 2847 Academia
2050 2806 2278 2847 Kazanensi

242 2883 369 2923 prope
397 2869 535 2923 viginti
562 2883 692 2911 annos
719 2869 965 2922 theologiam
994 2871 1234 2921 pastoralem
1259 2868 1379 2922 (quae
1408 2868 1569 2922 dicitur)
1594 2870 1795 2921 praeclare
1823 2870 2036 2921 professus,
2058 2868 2207 2910 deinde
2235 2869 2277 2910 in

244 2933 467 2974 Academia
495 2933 804 2987 Petroburgensi
832 2934 1033 2986 professor
1060 2940 1183 2985 atque
1211 2934 1315 2974 adeo
1344 2940 1474 2973 rector
1502 2932 1754 2981 constitutus,
1785 2931 2077 2984 archiepiscopi
2110 2945 2276 2973 munere

330 3021 343 3042 ¹
368 3023 524 3055 Direetor
539 3023 578 3055 of
589 3021 700 3055 Naval
716 3022 966 3062 Construction,
988 3022 1214 3065 1885—1902.
1417 3020 1430 3041 ¹
1454 3020 1573 3064 virgil,
1594 3021 1705 3063 Georg.
1726 3020 1760 3053 iv
1780 3019 1852 3053 116.
2072 3018 2087 3041 ⁸
2109 3019 2151 3054 ib.
2172 3019 2183 3052 i
2200 3030 2276 3062 303.

242 3064 257 3086 ⁴
280 3065 383 3099 Oudh
406 3066 503 3099 takes
526 3066 568 3099 its
590 3077 689 3100 name
712 3066 798 3099 from
821 3067 879 3100 the
901 3066 1035 3099 ancient
1058 3067 1173 3098 sacred
1197 3066 1264 3108 city
1288 3065 1395 3098 called
1419 3065 1453 3097 in
1478 3065 1631 3098 Sanskrit
1654 3065 1842 3107 A-yodltya,
1865 3064 1940 3097 ‘the
1963 3063 2185 3101 invincible’;
2209 3064 2277 3096 and

244 3110 420 3142 Lucknow
436 3110 464 3143 is
480 3109 629 3153 possibly
644 3121 664 3143 a
678 3110 872 3154 corruption
888 3110 926 3142 of
938 3110 1219 3149 Lakshmanauti,
1239 3109 1296 3142 the
1315 3111 1324 3126 ‘
1336 3109 1503 3141 fortunate
1517 3108 1524 3122 ’
1549 3120 1587 3141 οι·
1608 3112 1616 3126 ‘
1630 3109 1730 3151 lucky
1743 3109 1751 3124 ‘
1770 3107 1880 3151 (Isaac
1896 3108 2049 3151 Taylor's
2064 3108 2190 3140 Names
2205 3108 2279 3140 and

245 3154 334 3186 their
348 3155 522 3194 Hister-ies,
547 3154 640 3198 1896,
657 3153 748 3197 s.v.).
882 3154 896 3174 ⁶
917 3153 996 3196 Ltfe
1010 3154 1083 3186 and
1096 3154 1223 3186 Letters
1236 3153 1442 3195 ofMandell
1460 3153 1649 3195 Cretghton,
1667 3153 1702 3186 iii
1721 3163 1795 3195 2³7·

1234 3240 1309 3278 133
