2704 3770
530 292 626 341 Sir
669 289 897 340 William
932 287 1148 353 Reynell
1177 285 1231 334 A
1238 302 1371 336 nson.
1443 285 1539 334 Sir
1569 284 1845 350 Benjamz‘n
1878 284 2069 334 Baker.

290 436 489 489 Reginam
511 435 640 487 ipsam
665 443 705 476 et
728 437 940 475 Senatores
963 433 1052 473 illos
1074 432 1331 483 interpretem
1355 429 1727 480 internuntiumque
1749 429 2034 480 gravissimum,
2057 428 2125 479 qui
2146 429 2315 469 Senatus

287 500 394 541 illius
424 499 628 552 privilegia
659 499 845 551 postulat,
877 498 963 538 iura
994 505 1035 538 et
1069 493 1382 537 consuetudines
1415 492 1609 542 defendit,
1641 492 1878 544 dignitatem
1911 499 2130 540 conservat,
2161 499 2317 532 contro-

288 561 436 604 versias
462 561 703 610 moderatur,
731 558 1070 612 interpellationes
1098 555 1398 609 intempestivas
1424 561 1593 595 coercet.
1652 553 1763 595 Olim
1789 552 2061 604 Collegiorum
2091 560 2317 593 nostrorum

289 625 466 666 maximo
482 624 716 677 adscriptus,
731 631 772 665 et
790 624 832 664 in
851 623 1019 665 scientia
1037 621 1178 663 morali
1192 622 1369 661 lauream
1384 618 1555 672 primam
1574 618 1756 670 adeptus,
1773 617 1908 657 adhuc
1922 615 2076 656 iuvenis
2091 615 2317 667 aequalium

289 699 453 728 suorum
475 686 831 728 deliberationibus
856 685 1037 739 praefuit,
1064 683 1262 735 sortisque
1288 683 1444 722 futurae
1468 680 1640 729 nescius,
1666 681 1837 720 Senatus
1866 678 2013 718 summi
2041 677 2082 717 in
2107 677 2318 718 simulacro

287 750 462 800 iuvenili,
482 750 686 803 dignitatis
708 749 786 790 sibi
810 749 1030 801 aliquando
1054 747 1277 790 destinatae
1305 745 1421 798 quasi
1446 744 1655 797 augurium
1679 751 1720 784 et
1742 742 1992 795 praesagium
2019 741 2192 794 primum
2212 754 2321 793 prae-

287 811 515 854 sentiebat&
572 811 743 853 Utinam
775 811 968 864 plurimos
1000 824 1072 863 per
1098 822 1227 851 annos
1255 808 1358 848 inter
1385 806 1568 848 omnium
1601 805 1935 858 approbationem
1970 805 2157 844 alumnus
2185 811 2321 844 noster

289 874 455 928 insignis
482 875 655 916 Senatus
684 873 904 914 Britannici
932 886 1092 926 praeses
1120 870 1315 924 supersit!

397 938 518 978 Duco
535 937 589 978 ad
608 950 679 978 vos
698 936 827 977 virum
846 937 1070 977 admodum
1091 933 1383 982 honorabilem,
1404 933 1682 972 WxLLELMUM
1703 931 1857 972 Coum
1877 930 2056 971 GULLv2.

396 1081 512 1135 (329)
541 1082 751 1133 Quantum
774 1080 901 1133 patria
923 1081 1095 1121 Scholae
1118 1077 1326 1127 Etonensi,
1347 1085 1546 1130 quantum
1564 1075 1686 1117 etiam
1707 1074 1891 1127 Collegio
1911 1073 2137 1115 Balliolano
2156 1073 2320 1115 debuit!

287 1145 516 1185 Salutamus
553 1145 699 1184 domus
737 1143 944 1195 utriusque
980 1143 1190 1183 alumnum
1224 1140 1434 1192 insignem,
1468 1139 1572 1179 inter
1605 1137 1858 1179 Oxonienses
1892 1149 1986 1177 suos
2020 1135 2193 1188 primum
2227 1136 2321 1176 iuris

287 1207 448 1261 Anglici
479 1209 757 1260 professorem,
791 1208 941 1249 deinde
975 1206 1144 1258 Collegii
1179 1204 1374 1247 Omnium
1408 1203 1647 1244 Animarum
1680 1200 1917 1254 praesidem,
1950 1207 2091 1252 postea
2124 1199 2323 1252 paulisper

287 1270 655 1324 procancellarium,
687 1278 893 1323 postremo
926 1269 1157 1311 Britanniae
1193 1268 1235 1309 in
1269 1270 1462 1310 Senatum
1499 1265 1746 1307 Academiae
1779 1264 1902 1306 totius
1936 1263 2101 1305 nomine
2134 1265 2319 1304 electum.

289 1333 402 1374 Inter
425 1332 520 1374 iuris
549 1332 708 1386 Anglici
737 1332 885 1386 peritos
914 1340 1034 1373 notus
1066 1339 1126 1373 est
1154 1331 1255 1372 liber
1282 1330 1461 1379 eximius,
1493 1341 1615 1381 quem
1645 1329 1698 1368 de
1726 1326 1982 1380 pactionibus
2011 1326 2205 1366 faciendis
2234 1327 2323 1378 plus

289 1408 412 1448 quam
434 1397 559 1437 semel
585 1396 732 1438 edidit⁸
743 1411 755 1446 ;
783 1396 964 1449 pluribus
987 1403 1130 1436 notum
1153 1394 1346 1435 librorum
1369 1407 1441 1446 par
1464 1392 1612 1441 nobile,
1634 1391 1675 1431 in
1699 1391 1846 1443 quibus
1872 1390 2042 1431 civitatis
2069 1389 2323 1430 Britannicae

288 1458 375 1500 iura
403 1466 444 1500 et
481 1459 796 1501 consuetudines
825 1461 1049 1500 luculenter
1079 1458 1318 1511 explicavit⁴.
1381 1458 1488 1509 Ergo
1521 1458 1692 1497 Senatus
1727 1454 1947 1495 Britannici
1978 1454 2193 1506 imaginem
2224 1452 2322 1494 olim

289 1521 332 1563 in
353 1522 491 1564 animo
513 1534 588 1564 suo
614 1530 853 1576 conceptam
877 1530 918 1563 et
940 1522 1142 1564 coloribus
1166 1521 1267 1563 veris
1289 1520 1588 1562 accuratissime
1611 1532 1849 1572 expressam,
1870 1532 1980 1559 nunc
2003 1519 2168 1558 demum
2196 1517 2322 1558 oculis

288 1585 372 1627 suis
389 1593 642 1638 praesentem
662 1593 702 1627 et
721 1599 796 1627 usu
816 1593 857 1627 et
875 1586 1117 1639 experientia
1136 1585 1340 1638 cognitam
1360 1585 1665 1636 contemplatur.
1722 1583 1884 1623 Talium
1904 1582 2077 1623 virorum
2097 1581 2322 1621 interventu

289 1649 478 1702 quotiens
502 1649 862 1690 controversiarum
890 1651 999 1691 velut
1021 1649 1063 1689 in
1093 1648 1190 1689 silva
1213 1649 1359 1689 densa⁶
1381 1649 1495 1700 quasi
1523 1648 1591 1687 lux
1614 1660 1720 1688 nova
1747 1661 1770 1688 e
1792 1645 1968 1688 tenebris
1997 1646 2181 1698 effulget!
2238 1643 2324 1684 Viri

286 1711 388 1753 tales
412 1712 511 1753 dum
538 1711 855 1754 Universitatum
881 1719 1106 1753 nostrarum
1129 1712 1294 1752 nomine
1317 1711 1359 1751 in
1382 1712 1575 1752 Senatum
1601 1709 1823 1759 mittuntur,
1845 1708 2138 1751 Universitates
2164 1714 2324 1747 nostrae

290 1772 465 1827 suffragii
482 1772 567 1816 iure
585 1786 808 1827 numquam
828 1774 1097 1827 privabuntur.

400 1837 522 1878 Duco
556 1837 610 1878 ad
642 1850 715 1878 vos
746 1836 875 1877 virum
909 1836 1004 1877 iuris
1035 1837 1259 1877 admodum
1293 1835 1476 1888 peritum,
1513 1835 1769 1876 baronettum
1803 1833 2011 1886 insignem,
2044 1834 2321 1873 WrzLELMUM

291 1899 502 1940 anmm.
528 1900 693 1940 Auson.

398 2039 512 2094 (330)
548 2041 758 2092 Quantum
796 2039 962 2081 miratus
998 2047 1103 2081 esset
1141 2039 1395 2080 historiarum
1433 2038 1611 2091 scriptor,
1651 2037 1777 2079 Gaius
1815 2035 2028 2078 Cornelius
2069 2035 2247 2085 Tacitus,
2287 2037 2320 2076 si

288 2103 498 2157 providere
521 2103 718 2156 potuisset
742 2105 826 2145 fore
851 2104 1082 2156 aliquando,
1103 2110 1148 2145 ut
1175 2102 1422 2145 Caledoniae
1449 2104 1604 2152 fretum,
1628 2102 1846 2143 Bodotriae
1871 2101 2036 2143 nomine
2065 2100 2142 2141 sibi
2165 2108 2319 2150 notum,

288 2167 450 2209 duobus
469 2166 661 2219 deinceps
680 2167 872 2219 pontibus
891 2167 1120 2208 immensis⁶
1137 2167 1388 2220 iungeretur!
1446 2167 1656 2218 Quantum
1681 2166 1845 2207 miratus
1868 2173 1973 2207 esset
1997 2163 2185 2205 historiae
2211 2171 2323 2216 pater

288 2231 385 2284 ipse,
415 2232 663 2280 Herodotus,
692 2231 726 2272 si
753 2231 971 2273 audivisset
998 2233 1083 2272 fore
1110 2231 1340 2283 aliquando,
1366 2238 1410 2271 ut
1438 2230 1497 2270 vir
1524 2230 1701 2282 quidam,
1727 2230 1781 2270 ab
1809 2229 1948 2270 insulis
1978 2227 2218 2268 Britannicis
2246 2227 2323 2267 sibi

289 2305 451 2346 prorsus
475 2293 622 2346 ignotis
645 2293 850 2344 oriundus,
871 2293 1047 2334 fluminis
1074 2293 1158 2334 Nili
1182 2306 1308 2345 aquas
1333 2293 1606 2334 redundantes
1630 2291 1782 2344 duplici
1806 2292 1913 2332 mole
1938 2298 1979 2332 et
2006 2304 2149 2343 aggere
2175 2303 2322 2342 magno

289 2362 502 2404 coerceret,
523 2362 564 2396 et
583 2355 755 2408 Aegypti
774 2355 926 2408 regioni
944 2355 1166 2396 immensae
1189 2355 1411 2407 irrigandae
1433 2354 1728 2395 conservaret⁷!
1786 2353 1931 2405 Operis
1957 2352 2164 2404 utriusque
2188 2352 2322 2404 magni

289 2418 542 2460 conditorem
571 2432 763 2472 magnum
791 2419 914 2460 hodie
942 2426 1193 2471 praesentem
1222 2419 1555 2470 contemplamur,
1576 2417 1646 2469 qui
1675 2430 1758 2458 non
1787 2416 1898 2469 pacis
1926 2423 2083 2456 tantum
2110 2415 2322 2468 triumphis

290 2488 516 2531 contentus,
547 2482 655 2522 velut
682 2482 782 2522 alter
809 2480 1086 2531 Archimedes,
1119 2481 1240 2521 etiam
1272 2479 1414 2520 Martis
1443 2487 1735 2520 tormentorum
1764 2478 1950 2519 inventor
1982 2486 2022 2518 et
2054 2477 2324 2518 machinator⁸

289 2542 535 2585 admirabilis
563 2543 722 2584 exstitit.
780 2542 906 2594 Atqui
931 2556 983 2583 ne
1008 2543 1150 2582 Martis
1176 2542 1342 2594 quidem
1365 2542 1468 2583 inter
1490 2554 1612 2594 opera
1637 2540 1747 2593 pacis
1770 2553 1934 2580 causam
1961 2553 2096 2580 revera
2122 2539 2322 2590 deseruit3

291 2607 443 2648 etenim
462 2607 663 2660 scriptoris
679 2607 836 2660 antiqui
856 2608 908 2648 de
928 2620 969 2647 re
989 2605 1147 2647 militari
1167 2606 1366 2647 monitum
1386 2618 1470 2646 non
1489 2604 1671 2658 ignotum
1691 2611 1752 2644 est
1767 2605 1845 2644 :—‘
1857 2602 1927 2654 qui
1946 2602 2147 2644 desiderat
2165 2616 2319 2655 pacem,

292 2678 501 2724 praeparet
520 2672 671 2712 bellum
685 2671 724 2712 ’⁹.

402 2735 522 2775 Duco
553 2735 607 2776 ad
637 2747 708 2776 vos
736 2734 846 2787 pacis
874 2733 1099 2775 ministrum
1129 2733 1342 2786 egregium,
1373 2732 1628 2774 Archimedis
1656 2733 1871 2780 aemulum,
1903 2731 2080 2784 equitem
2109 2731 2319 2784 insignem,

293 2798 519 2838 Burnum<
549 2799 712 2838 BAKER.

378 2902 392 2924 ¹
416 2905 589 2939 Presidnt
604 2905 644 2939 of
654 2905 711 2939 the
728 2905 855 2946 Union‚
876 2906 998 2939 Easter
1012 2906 1126 2945 Term,
1150 2906 1245 2947 1855.
1323 2903 1337 2924 ²
1360 2904 1568 2937 Afterwards
1585 2902 1698 2946 (¹905)
1715 2903 1879 2936 Viscount
1895 2903 2009 2946 Selby.
2098 2901 2112 2923 ⁸
2134 2902 2320 2945 Princtsples

293 2947 335 2991 qs
347 2947 402 2981 the
414 2947 562 2992 English
579 2949 663 2982 Law
676 2949 718 2992 of
734 2950 902 2983 Contract.
1027 2947 1042 2969 ⁴
1069 2948 1137 2982 The
1153 2949 1238 2981 Law
1251 2948 1325 2981 and
1340 2949 1473 2981 Custom
1494 2959 1512 2981 0
1548 2947 1603 2980 the
1621 2948 1857 2985 Constitution,
1874 2947 1907 2979 in
1925 2952 1992 2979 two
2009 2946 2104 2984 vols„
2123 2945 2168 2987 (r)
2186 2946 2320 2978 Parlia·

293 2996 394 3030 ment,
412 2992 461 3034 (π)
482 2993 550 3025 The
572 2993 705 3026 Crown.
921 2991 935 3014 ⁶
961 2994 970 3010 ‘
981 2994 1014 3026 A
1026 2992 1142 3036 jungle
1156 2992 1196 3025 of
1207 2991 1335 3025 words'
1352 3002 1421 3024 was
1437 2991 1491 3025 Sir
1552 3002 1585 3024 m
1603 2990 1749 3024 Anson's
1765 3002 1842 3024 own
1859 2991 1978 3034 phrase
1997 2990 2043 3032 (in
2063 2991 2118 3022 Mr
2136 2989 2318 3033 Humphry

292 3035 426 3069 Ward's
441 3037 549 3079 Retssgn
563 3037 605 3078 os
613 3037 722 3078 Quem
746 3037 901 3075 Victoria,
918 3048 952 3080 p.
976 3048 988 3070 1
998 3036 1062 3079 14).
1207 3036 1221 3057 ⁶
1243 3036 1319 3069 The
1334 3041 1402 3069 two
1417 3040 1490 3069 vast
1505 3035 1632 3069 central
1649 3046 1749 3078 spans
1764 3035 1803 3068 of
1814 3035 1872 3068 the
1889 3034 1984 3068 Firth
1999 3034 2037 3066 of
2058 3034 2164 3066 Forth
2181 3033 2316 3076 Bridge.

292 3077 487 3157 2,ᾟέῗο
500 3085 595 3131 great
610 3081 706 3158 dlams
720 3091 833 3115 across
848 3081 905 3114 the
921 3081 1002 3114 Nile
1018 3087 1051 3114 at
1069 3081 1202 3113 Assuan
1219 3080 1286 3113 and
1303 3079 1428 3113 Assiut.
1575 3077 1590 3099 ⁸
1613 3079 1709 3122 Livy,
1729 3079 1808 3111 xxiv
1825 3089 1878 3121 34.
2039 3077 2053 3098 ⁹
2075 3078 2245 3121 Vegetius,
2265 3078 2319 3110 De

325 3134 342 3157 e
424 3135 436 3157 ι
450 3135 516 3165 art,
535 3134 555 3166 3
571 3135 632 3168 pro
648 3147 657 3158 .

1278 3208 1349 3248 155
2079 3209 2209 3235 20-2
