2704 3770
488 357 494 362 ›
552 324 732 391 sames
776 322 1006 372 Wllz'am
1040 320 1311 370 Redlzouse.
1390 320 1580 384 George
1617 321 1866 384 Stephens.

203 471 366 513 cordiae
390 483 474 512 non
500 470 742 522 interruptae
767 468 924 521 pignus,
948 466 1140 519 pacisque
1166 465 1208 505 in
1237 472 1476 518 perpetuum
1503 466 1714 505 duraturae
1741 478 1861 504 omen
1888 465 2051 504 feliciter
2074 466 2230 505 exstitit.

205 534 313 587 Ergo
337 530 584 574 Academiae
610 538 770 572 nostrae
797 530 902 571 oliva
927 529 1040 569 illum
1064 527 1187 568 hodie
1210 526 1474 567 libentissime
1497 539 1739 567 coronamus
1759 526 1839 577 qui,
1862 526 1944 566 sive
1969 526 2070 566 inter
2097 528 2233 567 Gallos

203 597 286 639 sive
322 597 426 638 inter
459 596 685 645 Britannos,
722 593 876 635 Galliae
914 591 1209 639 devotissimus,
1245 590 1354 631 idem
1393 597 1452 630 est
1491 590 1674 629 omnium
1714 589 1920 629 Gallorum
1955 589 2234 640 Cantabrigiae

203 659 442 701 carissimus.

311 721 440 762 Vobis
458 727 670 774 praesento
690 720 939 759 WILELMUM
961 718 1207 757 HENRICUM
1229 717 1547 755 WADmNGToN.

313 877 403 933 (83)
440 877 582 918 Virum
614 878 666 918 de
700 877 1042 918 Ottomannorum
1074 874 1212 914 litteris
1243 875 1445 925 praeclare
1475 872 1661 913 meritum
1695 871 1812 911 titulo
1841 878 1979 911 nostro
2012 870 2235 911 honorifico

206 954 360 988 ornare,
381 940 450 981 illo
469 939 558 992 ipso
577 939 674 979 anni
697 938 763 979 die
782 937 946 979 Senatui
969 944 1107 977 nostro
1134 950 1261 988 nuper
1287 935 1448 988 placuit,
1471 948 1552 987 quo
1580 934 1674 974 urbs
1701 933 1960 974 celeberrima
1983 933 2238 974 Constantini

205 1004 548 1045 Ottomannorum
576 1001 696 1042 armis
724 1001 821 1042 olim
851 1008 1076 1053 expugnata
1104 1007 1174 1040 est.
1236 1000 1445 1050 Quantum
1478 1006 1615 1039 autem
1644 1006 1730 1038 tum
1766 999 1953 1049 Europae
1986 999 2119 1046 totius,
2150 1005 2237 1037 tum

205 1064 438 1120 praesertim
458 1065 700 1114 Britanniae,
722 1063 876 1105 intersit
894 1071 1057 1116 gentem
1077 1062 1186 1102 illam
1206 1062 1366 1114 penitus
1390 1061 1592 1114 cognitam
1619 1068 1952 1114 perspectamque
1972 1060 2131 1109 habere,
2153 1074 2236 1100 non

206 1136 267 1170 est
292 1130 404 1182 quod
432 1128 590 1180 longius
618 1140 893 1179 exsequamur,
920 1140 970 1167 eo
996 1125 1227 1178 praesertim
1256 1133 1476 1178 praesente,
1505 1127 1570 1165 cui
1594 1125 1664 1165 uni
1689 1126 1789 1165 haec
1812 1124 1949 1164 omnia
1974 1137 2096 1176 quam
2122 1124 2239 1164 nobis

207 1191 396 1232 omnibus
425 1191 583 1232 notiora
610 1204 697 1232 esse
726 1190 972 1231 arbitramur.
1031 1190 1161 1230 Adest
1187 1188 1338 1229 scilicet
1365 1188 1422 1228 vir
1447 1189 1528 1241 qui,
1550 1188 1694 1241 partim
1719 1189 2074 1235 Ottomannorum,
2095 1187 2239 1239 partim

207 1254 492 1295 Britannorum
518 1254 716 1307 auspiciis,
738 1253 867 1306 gentis
893 1253 998 1293 illius
1024 1253 1184 1305 linguae
1209 1260 1250 1293 et
1275 1252 1466 1293 institutis
1489 1253 1649 1305 penitus
1673 1252 1966 1305 cognoscendis
1991 1265 2120 1291 annos
2150 1253 2239 1304 plus

207 1330 330 1370 quam
355 1318 646 1371 quinquaginta
671 1317 882 1358 dedicavit.
942 1318 1068 1368 Quod
1094 1316 1264 1357 Nelsoni
1290 1316 1416 1357 nostri
1441 1317 1532 1366 vita,
1554 1319 1666 1369 quod
1692 1317 1817 1358 Paleii
1842 1316 1968 1357 nostri
1992 1323 2237 1368 argumenta,

207 1382 320 1433 quod
338 1381 589 1423 Testamenti
609 1381 716 1422 Novi
735 1382 896 1421 oracula
915 1380 958 1420 in
977 1380 1153 1432 linguam
1174 1379 1282 1420 illam
1303 1380 1386 1421 sive
1405 1380 1579 1432 primurn
1600 1381 1682 1422 sive
1703 1395 1811 1422 nunc
1831 1382 1996 1422 demum
2016 1380 2239 1420 accuratius

207 1443 365 1486 reddita
401 1452 506 1492 sunt,
545 1444 664 1485 huius
701 1444 804 1484 inter
839 1445 980 1484 laudes
1018 1443 1159 1483 merito
1197 1451 1545 1484 commemoratur.
1606 1446 1730 1495 Quod
1769 1447 1977 1485 Persarum
2016 1444 2239 1484 carminum

209 1506 467 1559 mysticorum
493 1507 751 1559 pulchritudo
777 1506 898 1546 etiam
918 1505 1119 1545 Britannis
1139 1513 1259 1557 patet,
1282 1505 1376 1546 huic
1397 1506 1624 1558 nuperrime
1642 1515 1854 1559 acceptum
1875 1506 2130 1546 rettulimus¹.
2191 1508 2240 1546 In

208 1568 476 1621 grammaticis
509 1576 643 1610 autem
677 1567 981 1621 quaestionibus
1016 1568 1262 1619 explicandis
1296 1581 1418 1619 quam
1452 1568 1609 1609 lucidus
1647 1571 1730 1609 est!
1770 1569 1810 1608 in
1844 1568 1979 1609 lexicis
2017 1568 2241 1609 condendis

209 1644 333 1684 quam
351 1631 531 1673 eruditus
547 1635 554 1672 l
612 1633 775 1683 Quanta
794 1645 888 1672 vero
904 1644 974 1682 spe
994 1638 1033 1670 et
1049 1631 1347 1683 exspectatione
1363 1645 1465 1683 opus
1484 1632 1583 1673 illud
1605 1632 1732 1672 maius
1753 1632 1822 1672 diu
1843 1632 2076 1684 flagitamus,
2095 1632 2136 1672 in
2157 1646 2239 1684 quo

209 1701 270 1735 tot
301 1695 544 1747 populorum
579 1694 846 1735 Orientalium
874 1693 1057 1733 doctrina
1085 1695 1193 1733 velut
1226 1694 1266 1732 in
1301 1695 1488 1734 thesauro
1518 1695 1697 1745 quodam
1726 1694 1926 1734 immenso
1955 1694 2119 1734 condita
2148 1707 2241 1734 con-

210 1756 439 1797 servabitur.
497 1756 639 1796 Tantis
668 1757 848 1808 profecto
876 1754 1082 1795 laboribus
1108 1756 1161 1795 ad
1189 1755 1339 1795 exitum
1369 1756 1527 1795 felicem
1556 1757 1774 1807 aliquando
1804 1756 2020 1808 perductis,
2046 1756 2164 1796 huius
2193 1770 2242 1796 ex

210 1817 466 1870 amplissimis
485 1818 692 1859 doctrinae
712 1817 839 1869 copiis
863 1816 1080 1856 litterarum
1108 1817 1333 1869 respublica
1355 1819 1433 1866 fiet,
1458 1825 1501 1857 ut
1529 1818 1673 1858 Horati
1700 1818 1830 1859 verbis
1857 1826 2026 1866 utamur,
2049 1819 2242 1858 thesauris

210 1881 394 1920 Arabum
412 1879 660 1932 opulentt‘or'.

321 1944 470 1985 Merito
499 1944 616 1997 igitur
648 1944 867 1984 litterarum
899 1943 1107 1983 doctorem
1137 1942 1260 1983 hodie
1288 1942 1545 1983 nominamus
1576 1943 1793 1983 litterarum
1824 1943 2090 1984 Orientalium
2125 1943 2241 1982 inter-

210 2014 364 2060 pretem
393 2007 718 2056 eruditissimum,
748 2008 945 2046 IACOBUM
976 2007 1226 2046 WILELMUM
1259 2008 1510 2047 REDHOUSE.

320 2161 409 2215 (84)
429 2163 558 2204 Adest
577 2161 769 2214 deinceps
784 2161 842 2201 vir
860 2175 882 2202 e
901 2168 1020 2213 gente
1040 2167 1177 2201 nostra
1196 2160 1403 2207 oriundus,
1420 2160 1501 2212 qui,
1520 2161 1646 2213 patria
1667 2161 1724 2215 (in
1745 2162 1832 2215 ipsa
1851 2162 2074 2216 iuventute)
2095 2163 2242 2212 relicta,

211 2224 363 2278 patriae
391 2226 444 2266 de
474 2238 658 2265 sermone
691 2224 867 2276 antiqua,
898 2223 1048 2275 patriae
1082 2224 1134 2263 de
1168 2223 1442 2264 monumentis
1476 2224 1754 2265 vetustissimis
1787 2238 1858 2277 per
1890 2239 2019 2265 annos
2050 2227 2243 2278 plurimos

211 2301 374 2341 peregre
392 2289 497 2330 bene
516 2289 679 2329 meritus
699 2295 769 2328 est.
829 2287 988 2327 Scilicet
1014 2287 1117 2327 inter
1144 2288 1284 2327 Danos
1311 2286 1413 2335 illos,
1434 2287 1502 2339 qui
1529 2287 1728 2328 artissimo
1752 2288 2058 2329 necessitudinis
2082 2290 2243 2330 vinculo

210 2350 425 2391 nobiscum
463 2350 667 2390 coniuncti
706 2357 810 2397 sunt,
851 2357 1028 2389 nostram
1066 2349 1243 2401 linguam
1282 2357 1322 2389 et
1359 2349 1626 2401 antiquiorem
1665 2358 1704 2391 et
1743 2351 2005 2391 recentiorem
2044 2354 2244 2404 praeclare

212 2414 425 2466 professus,
454 2413 614 2465 linguae
642 2413 747 2452 illius
776 2413 1071 2465 simplicitatem
1101 2413 1320 2462 robustam,
1350 2426 1432 2453 non
1461 2414 1683 2466 praeceptis
1713 2423 1867 2455 tantum
1898 2416 1990 2466 suis,
2022 2418 2093 2456 sed
2124 2416 2244 2457 etiam

213 2478 399 2529 exemplo
418 2490 492 2518 suo
511 2477 597 2517 aliis
616 2476 839 2517 identidem
859 2477 1170 2516 commendavit.
1230 2476 1312 2526 Qui
1339 2476 1457 2528 igitur
1482 2477 1618 2529 lingua
1641 2478 1707 2517 illa
1730 2486 1866 2518 nostra
1889 2492 2011 2530 quam
2032 2479 2161 2520 dulcis
2182 2479 2242 2528 sit,

213 2552 336 2592 quam
361 2541 506 2591 ampla,
528 2552 649 2590 quam
676 2546 822 2587 tenera,
850 2552 971 2590 quam
999 2538 1129 2586 virilis,
1159 2551 1240 2578 non
1269 2538 1469 2579 immerito
1494 2548 1795 2590 commemorat,
1824 2540 1889 2581 ille
1915 2543 2095 2593 profecto
2122 2542 2244 2582 hodie

213 2601 343 2655 patrio
361 2601 430 2642 illo
450 2615 634 2642 sermone
654 2600 794 2641 debuit
813 2600 927 2640 vobis
951 2600 1238 2649 commendari,
1261 2614 1343 2640 non
1368 2609 1503 2641 nostra
1526 2602 1810 2654 qualicumque
1838 2603 2052 2644 Latinitate
2078 2605 2242 2644 laudari.

214 2665 360 2716 Neque
379 2671 516 2704 tamen
536 2662 605 2714 (ne
625 2662 779 2702 minora
797 2662 1032 2714 referamus)
1053 2675 1155 2713 opus
1175 2661 1274 2702 illud
1294 2662 1435 2714 ingens
1456 2663 1577 2703 hodie
1597 2663 1755 2704 silentio
1780 2665 1991 2716 praeterire
2016 2679 2241 2717 possumus,

213 2726 257 2767 in
282 2739 365 2779 quo
392 2728 579 2778 Europae
607 2724 927 2778 septentrionalis
957 2733 1220 2765 monumenta
1248 2725 1536 2777 antiquissima,
1560 2726 1698 2767 litteris
1727 2728 1894 2768 Runicis
1921 2742 2024 2780 quae
2053 2738 2246 2770 vocantur

214 2788 415 2841 inscripta,
443 2788 581 2829 omnia
609 2802 713 2840 quae
741 2789 875 2828 adhuc
904 2787 1165 2827 innotuerunt
1194 2787 1497 2839 diligentissime
1526 2788 1566 2827 in
1596 2803 1722 2828 unum
1751 2791 1920 2842 collegit,
1948 2792 2245 2833 accuratissime

214 2851 435 2904 descripsit,
467 2851 697 2892 fidelissime
726 2852 1006 2902 interpretatus
1035 2851 1125 2890 est³.
1184 2852 1290 2902 Ergo
1320 2852 1570 2891 saeculorum
1600 2852 1774 2904 priorum
1806 2855 2025 2905 fragmenta
2052 2855 2131 2903 illa,
2161 2870 2244 2896 non

215 2913 296 2954 iam
315 2913 357 2953 in
377 2912 540 2954 sedibus
555 2914 718 2953 remotis
733 2912 912 2964 dispersa
927 2919 966 2952 et
982 2911 1183 2964 dissipata,
1202 2912 1415 2952 hominum
1432 2912 1608 2953 incuriae
1624 2914 1807 2963 obnoxia,
1824 2914 2020 2957 imbribus
2034 2917 2245 2970 ventisque

216 2983 366 3026 vexata,
388 2976 592 3017 oblivione
611 2975 853 3028 sempiterna
878 2975 1104 3016 minutatim
1129 2976 1349 3016 obruentur
1363 2990 1374 3026 3
1404 2977 1475 3016 sed
1499 2976 1700 3018 vindicem
1724 2986 1805 3018 tam
1832 2981 1975 3021 fortem
2003 2982 2245 3034 fidelemque

305 3106 317 3128 ¹
347 3108 414 3141 The
428 3109 583 3141 Mesnevz’
594 3108 894 3151 qfsela‘lu-'d-dz'n,
910 3108 1107 3148 translated,
1130 3109 1224 3141 1881.
1373 3108 1386 3129 ²
1411 3110 1556 3149 Horace,
1577 3110 1691 3143 Carm.
1708 3111 1742 3144 iii
1761 3122 1813 3154 24,
1836 3123 1848 3145 1
1862 3113 1884 3144 s.
2040 3113 2054 3134 3
2083 3115 2149 3148 The
2168 3115 2245 3148 Old-

216 3152 396 3184 Northern'
407 3153 522 3185 Runic
537 3153 752 3184 Monuments
767 3152 808 3194 of
815 3152 1042 3184 Scandinavt'a
1058 3153 1131 3184 and
1143 3153 1317 3194 England,
1340 3164 1358 3195 3
1375 3153 1454 3186 vols.
1476 3153 1568 3194 folio,
1595 3153 1752 3197 1866-84.

1211 3238 1260 3277 45
