2704 3770
590 331 801 381 Charles
838 331 984 381 Gore.
1044 331 1240 397 „Hemy
1272 331 1444 381 Henn.
1517 333 1793 382 Hermann
1828 336 1989 385 Diels.

276 486 544 527 consecratus,
572 478 828 531 episcopatus
857 478 919 518 sui
947 479 1085 518 sedem
1115 477 1156 517 in
1185 476 1339 529 oppido
1366 477 1653 517 amoenissimo
1683 478 1904 519 collocavit.
1964 481 2140 520 Alumno
2169 489 2307 521 nostro

275 539 437 590 dilecto,
476 548 608 593 partes
646 553 770 580 novas
807 539 988 592 auspicio
1030 539 1186 592 optimo
1223 538 1459 592 propediem
1496 547 1648 589 acturo,
1688 540 1825 580 omnia
1862 554 2050 592 prospera
2087 556 2135 582 ex
2171 543 2307 582 animo

277 610 526 655 exoptamus.

386 665 506 705 Duco
535 665 590 705 ad
619 677 690 705 vos
721 663 891 716 Collegii
922 665 1094 705 Sanctae
1126 663 1333 704 Trinitatis
1362 665 1583 712 alumnum,
1614 663 1743 704 virum
1775 666 1999 705 admodum
2033 667 2307 715 reverendum,

279 726 484 767 Ioannem
515 728 743 767 HucoNaM
774 727 1028 766 GRANVILLE
1057 727 1316 774 RANDOLPH,
1347 726 1584 778 episcopum
1614 727 1666 767 de
1696 726 1923 767 Guildford.

389 823 504 877 (508)
542 825 677 876 Quem
710 838 819 865 anno
852 825 1035 877 proximo
1072 825 1283 866 absentem
1316 824 1665 875 desideravimus¹‚
1699 825 1822 866 hodie
1852 827 2005 865 salvum
2037 825 2311 877 sospitemque

278 888 397 928 nobis
427 888 630 929 redditum
661 890 889 929 salutamus.
949 890 1077 929 Adest
1112 889 1284 929 militum
1318 890 1401 929 dux
1431 897 1471 929 et
1501 888 1662 941 signifer
1690 889 1905 929 duodecim
1938 889 2108 937 illorum,
2140 901 2310 940 quorum

277 950 320 991 in
349 951 493 992 vexillo
521 952 642 992 verba
669 951 736 992 illa
763 953 965 1004 praeclara
990 963 1076 991 Lux
1102 963 1246 991 MUNDI
1271 951 1462 1003 inscripta
1486 959 1589 991 sunt.
1649 951 1758 992 Olim
1786 965 1879 991 cum
1909 952 2132 1003 professore
2161 957 2310 998 nostro,

277 1020 419 1066 postea
447 1013 640 1066 episcopo
674 1014 953 1063 Dunelmensi,
989 1028 1120 1054 rerum
1159 1013 1385 1054 divinarum
1419 1013 1634 1066 interprete
1668 1013 1960 1064 subtilissim0²‚
1993 1015 2128 1053 adhuc
2158 1011 2312 1052 iuvenis

277 1075 532 1116 consociatus
562 1083 632 1116 est.
693 1077 787 1128 Ipse
816 1075 1052 1126 identidem,
1080 1078 1188 1116 velut
1222 1079 1232 1096 ‘
1247 1075 1378 1116 scriba
1408 1077 1554 1116 doctus
1586 1075 1627 1114 in
1661 1089 1785 1127 regno
1816 1078 2017 1116 caelorum
2032 1077 2053 1125 ’,
2086 1076 2257 1127 ‘profert
2290 1088 2313 1114 e

277 1139 465 1180 thesauro
493 1153 568 1179 suo
596 1152 701 1180 nova
729 1147 770 1179 et
798 1139 971 1180 vetera’8
982 1154 994 1189 3
1024 1146 1157 1180 vetera
1186 1139 1351 1191 quidem
1381 1140 1422 1178 in
1452 1138 1646 1179 ecclesiae
1675 1138 1928 1179 Christianae
1957 1139 2120 1179 veritate
2148 1137 2314 1189 antiqua

277 1201 431 1243 fortiter
459 1202 748 1252 defendenda⁴,
784 1217 889 1244 nova
918 1216 1013 1243 vero
1042 1202 1083 1242 in
1117 1202 1265 1242 saeculi
1296 1202 1390 1242 novi
1421 1202 1725 1254 quaestionibus
1755 1204 1945 1243 audacter
1976 1202 2242 1255 explorandis,
2271 1201 2314 1241 in

277 1264 454 1306 consiliis
487 1265 632 1306 dandis
665 1267 718 1307 de
747 1266 917 1306 ecclesia
950 1267 1174 1318 Anglicana
1200 1266 1241 1305 in
1271 1265 1414 1306 melius
1441 1268 1646 1316 mutanda,
1678 1266 1782 1307 vitae
1811 1267 1988 1319 denique
2017 1266 2244 1306 communis
2272 1264 2312 1304 in

278 1328 471 1368 societate
499 1327 683 1368 universa
709 1335 804 1368 ante
832 1330 972 1368 oculos
1001 1335 1160 1368 nostros
1188 1327 1229 1367 in
1258 1336 1498 1380 perpetuum
1527 1330 1825 1381 proponenda⁶.

390 1391 510 1430 Duco
542 1390 595 1430 ad
625 1403 696 1430 vos
727 1390 940 1430 dominum
970 1391 1194 1430 admodum
1223 1391 1499 1439 reverendum,
1531 1392 1746 1432 CAROLUM
1776 1392 1912 1441 GORE,
1944 1390 2115 1443 Collegii
2144 1391 2314 1430 Sanctae

280 1450 488 1492 Trinitatis
515 1453 626 1505 apud
655 1452 909 1493 Oxonienses
937 1451 1008 1492 diu
1037 1452 1206 1501 socium,
1237 1452 1472 1504 episcopum
1503 1454 1555 1492 de
1585 1452 1872 1505 Birmingham.

1103 1585 1161 1630 16
1191 1581 1334 1648 sune
1375 1598 1502 1644 1909

391 1698 509 1752 (509)
527 1700 725 1740 Sancus
753 1698 959 1739 Trinitatis
989 1700 1105 1748 Aula,
1136 1699 1230 1739 iuris
1258 1699 1513 1752 potissimum
1543 1698 1685 1739 studiis
1713 1712 1738 1738 a
1766 1699 1980 1738 fundatore
2007 1711 2092 1747 suo,
2124 1697 2316 1750 episcopo

281 1764 460 1816 quodam
485 1763 734 1812 Norvicensi,
765 1764 861 1803 olim
888 1764 1084 1811 dedicata,
1107 1770 1263 1814 praeter
1285 1763 1434 1803 saeculi
1463 1762 1612 1803 decimi
1637 1761 1737 1802 sexti
1765 1760 1977 1814 episcopos
2003 1768 2083 1801 tres
2108 1761 2314 1813 insignes⁶,

281 1826 385 1867 inter
402 1828 588 1866 alumnos
607 1839 701 1866 suos
721 1826 1004 1878 episcoporum
1025 1826 1191 1865 nomina
1210 1840 1293 1866 non
1314 1828 1440 1866 multa
1459 1826 1693 1866 numeravit.
1755 1827 1818 1865 Eo
1844 1824 1994 1865 maiore
2017 1824 2165 1877 gaudio
2187 1824 2316 1864 virum

281 1889 420 1930 litteris
452 1889 758 1930 humanioribus
791 1889 957 1929 feliciter
994 1891 1208 1938 excultum,
1245 1891 1374 1930 Aulae
1408 1890 1512 1930 illius
1546 1890 1755 1942 quondam
1789 1889 1944 1929 socium
1978 1888 2314 1940 acceptissimum,

281 1953 519 2006 episcopum
567 1953 871 1993 Burnleiensem
918 1952 1183 2004 designatum,
1229 1953 1409 2005 episcopi
1458 1953 1763 1993 Mancuniensis
1810 1952 2036 1993 adiutorem
2085 1954 2315 1992 salutamus.

282 2015 539 2057 Baccalaurei
565 2017 735 2068 gradum
764 2016 1032 2056 honorificum
1061 2016 1211 2056 abhinc
1239 2030 1368 2056 annos
1398 2017 1696 2069 duodetriginta
1721 2018 1904 2068 adeptus,
1926 2017 1967 2056 in
1992 2028 2101 2056 anno
2125 2023 2238 2055 sexto
2265 2016 2319 2055 ad

280 2079 438 2121 labores
462 2092 597 2120 sacros
625 2079 666 2119 in
691 2080 885 2119 comitatu
910 2078 1205 2119 Lancastriensi
1228 2087 1395 2119 vocatus
1424 2087 1512 2129 est3
1542 2079 1691 2120 deinde
1720 2093 1791 2131 per
1818 2092 1947 2119 annos
1976 2092 2044 2119 sex
2074 2077 2321 2129 Cantabrigi-

281 2141 446 2182 ensibus
465 2141 547 2182 suis
562 2141 754 2191 redditus,
771 2149 812 2182 et
826 2143 878 2182 ad
895 2141 1221 2182 Lancastrienses
1236 2142 1428 2194 deinceps
1443 2149 1663 2191 revocatus,
1680 2148 1771 2193 post
1785 2154 1915 2181 annos
1931 2155 1999 2181 sex
2012 2142 2319 2180 Boltonensium

281 2203 324 2245 in
349 2205 450 2246 urbe
477 2219 623 2258 magna
647 2206 766 2246 rebus
792 2205 913 2246 saeris
939 2213 1000 2246 est
1023 2205 1285 2257 praepositus.
1346 2205 1551 2258 Episcopo
1576 2204 1860 2245 Mancuniensi
1886 2212 2098 2256 propterea
2125 2202 2319 2255 imprimis

281 2271 536 2322 gratulamur,
557 2271 669 2321 quod
692 2269 733 2309 in
760 2269 943 2310 adiutore
969 2283 1042 2309 suo
1066 2269 1194 2309 virum
1221 2277 1261 2309 et
1285 2269 1431 2309 mentis
1455 2277 1495 2310 et
1519 2268 1696 2321 corporis
1720 2268 1884 2309 dotibus
1911 2267 2065 2307 eximiis
2085 2274 2320 2307 exornatum

283 2339 425 2372 nactus
444 2340 516 2373 est.
575 2332 767 2385 Episcopi
787 2340 894 2373 certe
914 2332 955 2372 in
979 2332 1185 2373 laboribus
1207 2332 1342 2373 arduis
1365 2332 1577 2381 obeundis,
1599 2340 1694 2373 ante
1717 2332 1854 2372 omnia
1875 2332 1936 2385 (ut
1962 2331 2164 2371 Iuvenalis
2191 2330 2320 2371 verbis

283 2393 389 2447 utar)
411 2395 631 2435 ‘orandum
651 2402 722 2444 est,
743 2402 788 2434 ut
807 2394 858 2434 sit
879 2408 992 2435 mens
1012 2408 1110 2435 sana
1129 2396 1170 2434 in
1191 2408 1358 2447 corpore
1378 2408 1478 2435 sano
1492 2394 1533 2434 '⁷.

395 2457 515 2496 Duco
539 2458 593 2497 ad
618 2470 690 2496 vos
712 2457 841 2496 virum
864 2456 1003 2496 amicis
1024 2456 1105 2497 suis
1125 2464 1165 2497 et
1185 2457 1584 2509 Cantabrigiensibus
1604 2463 1644 2497 et
1664 2455 2038 2496 Lancastriensibus
2057 2454 2318 2503 carissimum,

285 2521 530 2560 Hrmmcuu
552 2522 699 2570 HENN,
722 2520 959 2573 episcopum
981 2519 1285 2561 Burnleiensem
1306 2520 1573 2572 designatum.

1102 2663 1161 2695 22
1194 2646 1338 2714 sune
1381 2663 1507 2708 1909

393 2762 510 2817 (510)
550 2765 662 2804 Imm
699 2765 854 2817 optimo
894 2763 1022 2816 Regia
1059 2763 1325 2804 Scientiarum
1363 2764 1587 2804 Academia
1624 2763 1897 2804 Berolinensis
1935 2776 2028 2804 eum
2067 2761 2323 2815 potissimum

284 2828 461 2879 legatum
488 2827 542 2867 ad
570 2840 646 2867 nos
674 2826 793 2875 misit,
815 2825 884 2878 qui
913 2825 1063 2866 abhinc
1091 2839 1220 2866 annos
1250 2825 1410 2878 triginta
1435 2839 1556 2878 opere
1579 2825 1737 2878 egregio
1764 2826 1816 2866 de
1848 2824 2128 2878 Doxographis
2157 2823 2322 2864 Graecis

286 2889 516 2942 conscripto
537 2889 776 2930 Litterarum
796 2889 848 2929 ab
869 2889 1091 2929 Academia
1112 2889 1362 2931 Berolinensi
1382 2889 1605 2940 praemium
1625 2889 1781 2942 insigne
1800 2888 2046 2941 reportavit⁸.
2095 2889 2323 2929 Salutamus

372 2990 386 3012 ¹
413 2993 549 3043 15July
567 2993 662 3036 1908.
772 2990 787 3012 ²
809 2993 907 3025 Then
924 2993 1045 3026 Canon
1061 2994 1229 3027 Westcott
1244 2993 1283 3026 of
1296 2994 1560 3036 Peterborough.
1671 2992 1686 3014 ³
1709 2994 1778 3026 Ev.
1795 2994 1832 3026 S.
1848 2994 1953 3026 Mati.
1970 2992 2029 3025 xiii
2046 3001 2099 3033 52.
2215 2990 2230 3011 ⁴
2257 2992 2291 3024 T
2286 2992 2327 3024 he

285 3036 528 3075 Incarnatwn3
560 3037 628 3069 The
640 3037 787 3069 Mis-sion
802 3037 844 3080 qs
849 3037 903 3069 the
923 3037 1074 3076 Church3
1105 3038 1140 3070 T
1133 3038 1173 3070 he
1191 3038 1295 3070 Creed
1306 3037 1348 3081 of
1355 3038 1408 3070 the
1428 3038 1617 3076 Chris-tiara,
1633 3041 1698 3071 etc.
1854 3036 1868 3057 ⁶
1889 3037 1976 3069 New
1996 3037 2144 3077 Century
2158 3035 2327 3068 Problems

288 3079 426 3123 (1901);
449 3080 501 3113 ed.
522 3080 651 3122 Essays
663 3091 706 3112 on
727 3080 861 3113 Church
877 3081 1034 3124 Reform;
1061 3082 1152 3114 Good
1167 3082 1382 3124 citizenship.
1536 3079 1551 3102 ⁸
1575 3081 1726 3125 Stephen
1755 3081 1933 3118 Gardiner‚
1966 3080 2116 3113 Richard
2144 3079 2323 3122 Sampson,

286 3124 354 3156 and
370 3124 521 3157 Thomas
536 3124 679 3166 Thirlby
693 3135 703 3163 ;
726 3125 892 3167 preceded
908 3125 953 3167 by
970 3126 1194 3158 Marmaduke
1211 3125 1354 3168 Lumley
1372 3124 1417 3168 (d.
1438 3124 1534 3168 1450)
1552 3125 1619 3158 and
1635 3126 1821 3159 succeeded
1837 3125 1883 3167 by
1901 3125 1980 3157 Wm
1997 3124 2130 3156 Barlow
2144 3123 2189 3165 (d.
2215 3123 2324 3167 1619),

285 3167 423 3202 Samuel
438 3167 591 3201 Hallifax
604 3166 652 3210 (d.
669 3169 779 3212 1790),
793 3169 861 3203 and
874 3169 1011 3205 Samuel
1023 3170 1171 3214 Horsley
1185 3169 1232 3212 (d.
1249 3168 1359 3210 1806).
1419 3168 1433 3190 ⁷
1453 3169 1611 3212 Juvenal,
1630 3181 1651 3202 x
1669 3169 1743 3212 356.
1807 3167 1821 3189 ⁸
1843 3168 2065 3213 Doxographi
2081 3168 2208 3206 Graeci,
2230 3168 2324 3210 1879.

1271 3254 1346 3293 2²7
2084 3255 2215 3296 29--2
