2704 3770
741 359 981 407 Mandell
1014 358 1056 406 C
1055 357 1292 422 rezgrlzton.
1364 358 1418 405 E
1419 358 1599 405 dwara'
1629 358 1811 423 Henry
1845 358 2169 408 Bz'ckerstetlc.

1289 583 1314 630 5
1352 569 1465 617 Feb.
1513 571 1634 630 1885

563 694 650 746 (88)
689 697 818 734 ANNo
857 695 1048 746 proximo,
1084 694 1184 734 inter
1222 693 1403 733 omnium
1440 694 1732 745 gratulationes,
1769 693 1993 745 Collegium
2030 693 2250 744 antiquum,
2286 692 2464 745 Reginae

455 755 607 796 Elissae
635 756 881 808 temporibus
908 757 1130 803 fundatum,
1157 768 1308 795 annum
1333 754 1385 794 ab
1412 754 1561 806 origine
1588 768 1659 794 sua
1684 754 2006 794 trecentesimum
2032 753 2195 794 feliciter
2220 753 2461 794 celebravit¹.

455 816 622 868 Collegii
640 817 743 857 illius
768 817 1011 865 liberalitate,
1034 815 1276 856 Academiae
1302 815 1422 856 totius
1448 817 1500 855 ad
1524 817 1707 863 fructum,
1729 816 1917 855 cathedra
1940 827 2043 854 nova
2070 814 2272 855 Historiae
2295 814 2467 855 Ecclesi-

453 878 599 918 asticae
625 878 726 918 inter
751 892 824 918 nos
849 880 1056 919 docendae
1082 891 1208 929 nuper
1231 877 1415 918 dedicata
1443 885 1512 917 est.
1572 877 1709 917 Hodie
1738 877 1853 928 igitur
1881 875 2123 916 Academiae
2151 876 2272 916 totius
2301 876 2465 917 nomine

453 942 602 981 salvere
639 941 822 981 iubemus
863 941 1064 981 Historiae
1098 941 1201 980 illius
1237 941 1503 980 Professorem
1542 940 1713 992 primum
1752 939 2129 991 Cantabrigiensem,
2164 939 2331 991 Collegii
2367 939 2465 979 anti-
2498 971 2501 974 .

453 1002 633 1053 quissimi
664 1002 902 1043 Oxoniensis
934 1004 1139 1053 quondam
1170 1003 1333 1050 socium,
1365 1002 1492 1041 virum
1524 1002 1727 1042 laboribus
1757 1001 1876 1041 sacris
1907 1009 2128 1052 spectatum
2159 1002 2460 1053 probatumque,

453 1062 670 1103 litterarum
703 1064 877 1116 denique
915 1065 955 1104 in
994 1064 1197 1116 republica
1227 1063 1328 1103 inter
1358 1063 1607 1103 historiarum
1639 1063 1848 1115 scriptores
1878 1062 2019 1102 merito
2051 1064 2268 1103 laudatum.
2325 1062 2463 1103 Nostis

454 1123 528 1176 ipsi
554 1125 731 1165 libellum
757 1127 962 1166 aureolum
989 1126 1030 1165 in
1056 1139 1136 1177 quo
1163 1126 1368 1176 quondam
1394 1125 1572 1177 Reginae
1594 1125 1744 1165 Elissae
1764 1132 1945 1177 tempora
1963 1124 2054 1164 stilo
2072 1125 2207 1164 lucido
2226 1123 2461 1167 illustravit².

455 1185 621 1226 Vidistis
641 1186 759 1226 etiam
782 1186 931 1226 maiora
948 1187 1015 1226 illa
1034 1187 1247 1237 volumina,
1269 1187 1309 1226 in
1330 1187 1475 1238 quibus
1494 1194 1771 1239 argumentum
1787 1186 1926 1238 ingens
1940 1185 2464 1238 aggressurus‚—Ecclesiae

455 1249 604 1289 scilicet
631 1251 840 1290 Romanae
865 1250 1070 1290 historiam
1096 1252 1198 1290 inter
1220 1252 1377 1290 saecula
1402 1250 1443 1289 in
1463 1250 1581 1290 rebus
1610 1250 1728 1290 saeris
1752 1249 1901 1290 ordinis
1927 1249 2094 1301 purioris
2120 1248 2464 1301 cupida,-operis

455 1313 554 1351 tanti
577 1313 738 1352 exordia
769 1326 910 1364 magna
938 1314 1022 1352 sine
1050 1314 1132 1352 ullo
1161 1312 1331 1364 partium
1361 1312 1505 1361 studio,
1537 1326 1695 1352 summo
1721 1312 1843 1352 animi
1866 1313 2051 1361 candore,
2082 1325 2238 1352 summa
2265 1311 2465 1352 scribendi

455 1374 646 1426 dignitate
670 1374 881 1414 inchoavit.
943 1374 1182 1414 Meministis
1205 1373 1294 1413 libri
1319 1374 1422 1413 illius
1450 1381 1603 1425 partem
1633 1387 1753 1425 quam
1783 1387 1967 1425 magnam
1996 1380 2166 1424 occupet
2195 1373 2378 1413 Pontifex
2399 1372 2466 1413 ille

458 1438 676 1484 Romanus,
698 1438 855 1476 Aeneas
876 1436 1028 1483 Silvius,
1047 1436 1411 1475 Piccolorninorum
1431 1443 1548 1488 gente
1569 1437 1771 1484 oriundus,
1786 1436 1899 1475 cuius
1918 1437 2021 1475 facta
2040 1437 2237 1487 quaedam
2256 1435 2466 1475 illustriora

455 1506 538 1537 arte
566 1497 709 1537 eximia
737 1499 808 1538 sed
835 1498 897 1536 vix
927 1498 1019 1538 satis
1049 1497 1156 1538 fideli
1187 1498 1345 1549 depicta
1375 1498 1642 1538 bibliothecae
1672 1497 1858 1537 Senensis
1889 1497 1930 1536 in
1959 1497 2174 1549 parietibus
2205 1496 2466 1549 contemplari

456 1559 558 1600 licet.
617 1561 823 1610 Quantum
855 1562 1016 1600 miratus
1047 1568 1150 1600 esset
1182 1563 1338 1600 Aeneas
1367 1561 1443 1608 ille,
1474 1560 1543 1612 qui
1575 1560 1616 1599 in
1648 1560 1893 1600 Britanniam
1921 1562 2126 1612 quondam
2156 1567 2287 1600 orator
2309 1560 2462 1610 missus,

455 1622 622 1673 Angliae
653 1622 968 1673 septentrionalis
1000 1624 1200 1674 regionem
1233 1624 1436 1674 quandam
1467 1623 1667 1663 horridam
1698 1623 1970 1675 incultamque
1999 1624 2059 1675 (ut
2087 1624 2142 1663 illi
2171 1624 2333 1674 quidem
2362 1623 2467 1664 vide-

457 1684 587 1738 batur)
619 1699 700 1725 non
730 1685 815 1725 sine
844 1685 946 1724 vitae
975 1699 1069 1725 suae
1097 1686 1275 1736 periculo
1304 1686 1550 1738 peragravit3,
1582 1685 1614 1725 si
1641 1686 1847 1737 providere
1873 1687 2067 1738 potuisset
2096 1687 2312 1739 aliquando
2342 1699 2465 1738 prope

455 1746 563 1786 illam
610 1747 737 1798 ipsam
783 1747 986 1798 regionem
1023 1746 1149 1786 virum
1189 1747 1299 1786 omni
1336 1747 1553 1787 litterarum
1591 1761 1734 1799 genere
1777 1750 1977 1788 excultum
2016 1761 2108 1788 suos
2146 1747 2465 1790 Commentarios

455 1807 663 1859 diligenter
688 1810 965 1860 perlecturum,
993 1821 1105 1847 suam
1131 1809 1251 1847 vitam
1279 1810 1477 1848 Britannis
1504 1810 1672 1848 fideliter
1697 1808 1962 1848 traditurum⁴.
2022 1810 2165 1850 Orator
2186 1809 2264 1857 ille,
2285 1809 2318 1849 si
2343 1809 2465 1849 hodie
2519 1823 2521 1825 ·

455 1872 596 1911 adesse
619 1878 658 1911 et
685 1871 921 1911 Professoris
947 1871 1070 1911 nostri
1097 1870 1235 1910 merita
1258 1871 1394 1910 omnia
1416 1884 1649 1922 percensere
1674 1871 1878 1922 potuisset,
1901 1871 1961 1911 sui
1984 1871 2182 1923 proverbii
2207 1885 2360 1911 memor
2382 1884 2465 1911 non

456 1932 653 1972 immerito
680 1933 851 1982 dixisset,
873 1933 994 1973 hodie
1023 1947 1105 1973 non
1134 1933 1287 1973 homini
1315 1933 1478 1974 cuilibet
1506 1933 1739 1985 dignitatem
1768 1947 1854 1973 esse
1877 1934 2022 1982 datam,
2049 1935 2120 1974 sed
2145 1933 2271 1974 virum
2299 1933 2465 1986 dignum

457 1994 636 2047 dignitati
645 1995 669 2034 ⁵.

566 2060 670 2110 Ergo
690 2058 858 2098 libenter
878 2060 1046 2098 Senatus
1066 2058 1189 2098 nostri
1207 2058 1249 2098 in
1269 2058 1450 2098 ordinem
1471 2058 1633 2098 honoris
1653 2072 1772 2098 causa
1791 2059 2050 2099 adsciscimus
2071 2059 2273 2100 Historiae
2297 2059 2466 2100 Ecclesi-

456 2119 602 2159 asticae
622 2121 890 2160 Professorem
911 2120 1083 2172 primum
1103 2120 1482 2171 Cantabrigiensem,
1504 2120 1631 2160 virum
1650 2122 1910 2161 reverendum
1932 2123 2149 2160 MANDELL
2169 2122 2438 2162 Ckmcfl‘ron.

1279 2301 1335 2344 19
1372 2285 1484 2333 Feb.
1533 2287 1653 2347 1885

566 2406 654 2460 (89)
689 2409 816 2457 QUAE
844 2407 991 2446 abhinc
1021 2420 1148 2446 annos
1179 2407 1439 2458 quadraginta
1471 2407 1511 2446 in
1545 2409 1622 2447 hoc
1653 2407 1740 2459 ipso
1773 2409 1864 2448 loco
1893 2408 2077 2448 iuvenem
2109 2409 2311 2459 quendam
2341 2408 2466 2449 tribus

458 2470 647 2521 deinceps
667 2469 837 2509 comitiis
858 2469 1037 2509 maximis
1057 2483 1216 2509 carmen
1237 2469 1475 2509 numismate
1498 2483 1633 2510 annuo
1657 2470 1862 2522 dignatum
1888 2471 2120 2511 recitantem
2143 2471 2302 2519 audivit,
2324 2473 2465 2511 eadem

458 2533 677 2572 Academia
700 2540 790 2584 post
816 2539 874 2572 tot
897 2545 1024 2571 annos
1049 2534 1256 2572 alumnum
1280 2546 1408 2580 suum,
1434 2532 1686 2584 episcopatus
1712 2534 1854 2573 honori
1878 2548 2003 2585 nuper
2032 2534 2292 2586 designatum,
2318 2547 2365 2573 ea
2387 2547 2467 2585 qua

457 2607 527 2644 par
546 2601 604 2634 est
624 2593 874 2634 observantia
893 2595 1044 2633 salutat.
1104 2596 1254 2633 Salutat
1277 2595 1452 2634 eundem
1477 2595 1698 2646 Collegium
1719 2595 1817 2636 illud
1838 2596 2065 2644 maximum,
2088 2596 2201 2635 cuius
2219 2595 2292 2635 tria
2310 2596 2467 2635 saecula

458 2656 537 2695 fere
557 2657 701 2696 eodem
721 2663 900 2707 tempore
920 2655 1083 2695 feliciter
1109 2663 1245 2695 exacta
1268 2655 1442 2695 carmine
1465 2656 1609 2695 eximio
1632 2656 1784 2696 iuvenis
1811 2657 2030 2701 celebravit,
2093 2656 2257 2696 Interim
2282 2657 2466 2695 alumnus

458 2726 591 2757 noster
616 2726 714 2770 quot
740 2719 922 2757 laborum
949 2731 1149 2757 sacrorum
1177 2718 1418 2770 experientia
1443 2726 1591 2769 quanta
1617 2720 1806 2770 probatus
1835 2727 1893 2759 est
1907 2735 1918 2770 ;
1946 2733 2019 2760 suo
2048 2719 2155 2771 gregi
2184 2726 2318 2770 pastor
2345 2732 2466 2770 quam

458 2779 596 2827 fidelis,
630 2793 750 2830 quam
784 2779 953 2819 dilectus
966 2793 977 2827 3
1015 2780 1087 2818 sed
1120 2779 1239 2828 idem,
1275 2780 1376 2818 ultra
1413 2792 1560 2830 pascua
1593 2793 1688 2820 suae
1718 2793 1835 2819 curae
1866 2787 1905 2819 et
1934 2781 2139 2819 custodiae
2169 2781 2392 2828 commissa,
2424 2779 2466 2819 in

458 2841 637 2892 regiones
657 2849 828 2882 remotas
848 2855 968 2892 quam
995 2843 1072 2881 late
1096 2842 1319 2892 prospicere
1347 2841 1496 2890 solitus,
1517 2842 1674 2881 illorum
1697 2843 1876 2882 omnium
1902 2850 2083 2882 strenuus
2108 2842 2265 2882 adiutor
2284 2842 2363 2893 qui,
2385 2842 2467 2882 sive

458 2900 499 2939 in
527 2903 671 2951 Africa,
694 2903 775 2942 sive
802 2902 843 2941 in
874 2902 1001 2951 India,
1030 2902 1178 2942 Christi
1205 2903 1257 2941 ad
1286 2903 1388 2942 ovile
1417 2910 1589 2942 errantes
1618 2904 1821 2943 reducunt.
1882 2905 1993 2953 Quot
2021 2903 2233 2943 lectoribus
2262 2903 2346 2943 noti
2375 2910 2467 2943 sunt

459 2964 732 3004 commentarii
764 2965 820 3003 illi
858 2966 898 3003 in
937 2964 1043 3004 Novi
1080 2964 1327 3004 Testamenti
1364 2964 1485 3004 libros
1518 2965 1569 3004 ab
1603 2966 1681 3004 hoc
1713 2965 1796 3005 viro
1834 2965 2047 3017 conscripti
2060 2980 2071 3015 3
2109 2973 2206 3016 quot
2236 2966 2276 3005 in
2308 2964 2465 3017 templis

546 3070 557 3089 ¹
582 3071 779 3103 Emmanuel
795 3071 951 3113 College;
976 3082 1029 3113 cp.
1047 3082 1102 3103 no,
1119 3072 1173 3109 86,
1189 3077 1303 3113 supra.
1416 3071 1430 3091 ²
1458 3072 1491 3103 T
1485 3072 1524 3103 lte
1538 3073 1607 3114 Age
1623 3071 1853 3114 ofElizabetlz,
1874 3072 1967 3114 1876.
2077 3072 2091 3093 3
2114 3073 2305 3115 Creighton,
2325 3073 2466 3113 History

459 3113 560 3155 oftlze
575 3115 715 3156 Papacy,
734 3115 769 3145 iii
787 3122 826 3154 54
836 3113 858 3151 f,
876 3115 929 3146 ed.
952 3125 1040 3156 1900.
1158 3114 1173 3133 ⁴
1195 3115 1295 3147 Vicar
1310 3115 1348 3147 of
1361 3115 1552 3154 Embleton,
1573 3115 1893 3154 Northumberland,
1915 3117 2071 3158 1875—84.
2176 3116 2190 3136 ⁵
2215 3118 2225 3134 ‘
2239 3116 2466 3158 Dignitatibus

459 3157 546 3189 viros
571 3158 707 3197 dandos,
734 3168 801 3189 non
823 3158 1001 3199 dignitates
1023 3158 1213 3190 hominibus
1225 3157 1243 3195 '‚
1267 3158 1309 3190 ib.
1333 3169 1366 3200 p.
1394 3159 1468 3199 338.

1446 3237 1496 3282 48
