2704 3770
1021 309 1208 372 Henry
1258 309 1420 358 Ware.

208 457 280 511 qui
306 457 450 498 artium
473 455 515 496 in
539 455 743 509 provincia
761 457 851 508 plus
880 468 1002 507 quam
1028 468 1109 494 una
1137 453 1240 494 inter
1263 453 1468 513 principes
1497 461 1739 503 numeratus,
1761 461 1800 495 et
1828 454 1966 495 Italiae
1992 456 2235 496 renascentis

206 528 247 564 et
266 520 442 571 Orientis
460 519 590 560 ultimi
609 533 732 572 opera
749 519 944 572 exquisita
962 531 1057 559 cura
1075 516 1232 557 infinita
1251 516 1421 569 collegit,
1436 518 1604 557 collecta
1624 516 1897 557 munificentia
1916 531 2073 558 summa
2086 518 2236 570 patriae

207 583 381 626 donavit.
442 583 560 624 Idem
580 596 663 623 non
682 590 904 623 exterarum
930 589 1087 622 tantum
1112 579 1290 632 gentium
1318 593 1440 631 opera
1467 579 1734 631 pulcherrima
1759 579 1980 620 identidem
2008 580 2237 621 Britanniae

206 645 368 699 largitus
401 653 471 695 est,
502 646 574 686 sed
608 645 728 686 etiam
759 646 883 685 semel
914 645 1052 684 saltem
1087 642 1181 683 artis
1216 641 1470 682 Britannicae
1503 649 1814 682 monumentum
1846 642 2168 694 antiquissimum
2198 650 2238 684 et

207 707 550 763 pretiosissimum,
572 707 721 748 saeculi
746 706 844 747 noni
867 705 961 747 dico
987 705 1181 746 cistellam
1209 703 1625 753 Northumbriensem,
1648 704 1751 745 inter
1776 711 1930 745 exteros
1954 705 2238 746 absconditum

157 784 162 788 ·
208 772 368 821 detexit,
396 769 576 819 redemit,
600 769 829 810 Britanniae
858 767 1060 810 reddidit1.
1123 767 1405 808 Munificentia
1430 766 1618 819 singulari
1637 766 1803 819 insignis
1822 767 1918 818 ipse,
1943 766 2239 808 munificentiae

207 835 436 886 exemplum
464 832 585 873 etiam
613 832 700 872 aliis
727 830 925 884 praetulit.
983 830 1068 872 Uni
1097 838 1204 871 certe
1232 844 1280 870 ex
1308 829 1447 870 amicis
1476 830 1558 869 suis
1585 836 1726 869 auctor
1753 837 1836 869 erat
1866 842 2095 882 suasorque,
2125 837 2169 869 ut
2198 830 2239 869 in

206 895 430 938 Academia
458 909 542 936 non
570 908 651 935 una
678 896 751 935 sed
779 902 820 935 et
851 893 1042 934 Londinii
1070 901 1110 934 et
1141 892 1324 934 Oxoniae
1353 900 1393 934 et
1423 892 1713 945 cantabrigiae,
1741 893 1937 946 pecuniae
1965 907 2123 933 summa
2146 893 2240 934 satis

206 961 342 1014 ampla
368 961 508 1012 legata,
535 958 679 999 artium
709 959 953 1011 professores
982 957 1024 997 in
1054 964 1292 1010 perpetuum
1322 955 1576 997 institueret’.
1649 958 1756 1008 Ergo
1781 956 1906 997 animi
1935 957 2034 1009 grati
2063 957 2104 996 in
2136 956 2241 998 testi-

209 1023 391 1066 monium
429 1024 509 1064 hoc
541 1023 695 1063 honore
730 1023 1103 1075 quantulocumque
1135 1022 1344 1060 alumnum
1377 1027 1558 1060 nostrum
1593 1019 1765 1060 libenter
1802 1034 2002 1060 ornamus.
2065 1019 2238 1069 Etenim,

207 1094 252 1128 ut
280 1087 488 1130 Ciceronis
516 1094 605 1127 utar
636 1086 778 1135 verbis,
809 1087 908 1137 quid
935 1093 995 1126 est
1026 1085 1162 1125 melius
1193 1089 1268 1123 aut
1297 1084 1396 1135 quid
1414 1084 1686 1135 praestantius
1716 1084 1885 1123 bonitate
1911 1089 1948 1123 et
1978 1083 2243 1135 beneficentia?

212 1152 366 1194 Gratus
382 1158 520 1192 autem
537 1151 696 1190 am'mus
713 1156 770 1189 est
786 1163 866 1189 una
886 1151 1024 1198 virtus,
1043 1162 1121 1188 non
1140 1149 1264 1187 solum
1285 1148 1474 1196 maxima,
1492 1148 1561 1187 sed
1575 1148 1693 1187 etiam
1714 1151 1841 1186 mater
1857 1148 2049 1187 virtutum
2067 1147 2242 1186 omnium

209 1215 480 1268 reliquarum⁸.
1874 1250 1876 1252 ,

322 1279 443 1319 Duco
460 1277 514 1318 ad
533 1289 604 1317 vos
623 1275 751 1316 virum
779 1276 923 1316 artium
950 1282 990 1315 et
1013 1274 1232 1315 litterarum
1256 1274 1376 1314 laude
1399 1273 1603 1322 illustrem,
1626 1272 1836 1314 Societatis
1860 1281 2019 1314 nostrae
2045 1273 2244 1313 Archaeo-

208 1339 363 1393 logicae
399 1353 423 1381 e
458 1338 737 1380 conditoribus
777 1352 912 1386 unum,
953 1336 1237 1389 antiquitatum
1278 1335 1599 1376 Britannicarum
1637 1335 1806 1387 aevique
1845 1335 1967 1376 medii
2010 1335 2051 1375 in
2097 1337 2243 1375 Museo

210 1401 444 1444 Britannico
472 1402 682 1443 custodem
714 1401 962 1449 munificum,
994 1402 1238 1440 AUGUSTUM
1268 1400 1536 1439 WOLLAsroN
1567 1399 1756 1438 FRANKS.

1039 1613 1055 1645 1
1069 1611 1094 1658 7
1140 1595 1243 1645 Oct.
1290 1597 1416 1657 1889

319 1722 436 1777 (157)
470 1725 848 1764 PROCANCELLARH
878 1724 994 1765 novi⁴
1018 1723 1206 1776 auspiciis
1235 1737 1387 1763 annum
1416 1736 1567 1764 novum
1599 1737 1726 1776 nuper
1754 1722 1940 1775 ingressa,
1972 1723 2071 1763 nihil
2099 1723 2247 1776 gratius

210 1785 444 1836 Academia,
464 1785 565 1826 nihil
584 1786 710 1839 magis
729 1793 1048 1828 consentaneum
1068 1785 1288 1835 arbitratur,
1312 1798 1434 1837 quam
1455 1785 1625 1838 Collegii
1645 1785 1827 1826 eiusdem
1853 1785 1906 1826 ab
1928 1787 2104 1835 alumno,
2126 1793 2247 1838 atque

209 1850 315 1891 adeo
333 1849 541 1901 quondam
560 1848 682 1897 socio,
706 1849 907 1888 honorum
927 1862 1091 1889 suorum
1112 1849 1255 1888 seriem
1276 1861 1423 1888 novam
1442 1846 1652 1900 auspicari.
1710 1847 1822 1898 Quid
1841 1849 2016 1887 lauream
2043 1847 2247 1899 duplicem

210 1911 334 1953 hodie
359 1923 684 1958 commemorem,
707 1923 799 1962 qua,
825 1910 966 1950 studiis
990 1909 1283 1950 mathematicis
1306 1908 1526 1961 litterisque
1554 1908 1858 1949 humanioribus
1881 1909 2047 1950 feliciter
2069 1909 2246 1959 excultis,

210 1975 254 2016 in
281 1975 362 2016 hoc
386 1974 538 2025 templo
567 1973 731 2014 honoris
759 1973 910 2014 abhinc
937 1987 1067 2014 annos
1096 1988 1164 2014 sex
1192 1980 1232 2014 et
1261 1973 1422 2026 triginta
1450 1980 1665 2013 coronatus
1691 1975 1781 2013 est?
1810 1974 1908 2025 quid
1934 1986 2063 2013 annos
2092 1981 2247 2026 septem

210 2045 352 2092 postea
377 2036 495 2079 Cami
520 2036 562 2076 in
588 2036 674 2089 ripa
697 2037 892 2078 iuventuti
919 2037 1190 2078 instituendae
1217 2037 1455 2077 dedicatos?
1489 2036 1588 2089 quid
1614 2051 1682 2078 sex
1705 2044 1745 2078 et
1768 2036 1906 2089 viginti
1932 2036 2124 2089 deinceps
2150 2037 2249 2077 ruris

210 2100 354 2143 remoti
390 2099 433 2141 in
471 2113 643 2149 secessu,
678 2100 783 2140 Luni
816 2114 942 2153 prope
977 2100 1207 2153 marginem,
1245 2100 1394 2142 Christi
1429 2100 1651 2141 ministerio
1682 2102 1989 2141 consecratos?¹⁵
2045 2099 2250 2141 Ecclesiae

211 2162 462 2207 Carlislensis
474 2163 760 2204 canonicorum
777 2164 906 2205 ordini
922 2165 1012 2217 plus
1025 2178 1147 2216 quam
1161 2165 1285 2204 semel
1298 2163 1535 2216 adscriptus,
1550 2178 1678 2216 nuper
1692 2164 1884 2217 episcopo
1900 2164 1986 2217 ipsi,
2000 2164 2084 2205 viro
2099 2171 2139 2205 et
2153 2163 2250 2205 olim

212 2234 254 2269 et
266 2240 377 2267 nunc
391 2225 790 2278 cantabrigiensibus
807 2226 956 2267 dilecto
963 2226 987 2276 ⁶,
1002 2228 1258 2279 episcopatus
1272 2226 1367 2267 novi
1383 2240 1476 2267 cum
1490 2228 1655 2267 nomine
1667 2227 1827 2268 adiutor
1839 2228 1957 2268 datus
1973 2234 2044 2268 est.
2086 2228 2249 2267 Nomen

212 2297 348 2331 autem
373 2288 628 2341 episcopatus
651 2288 747 2337 eius,
777 2289 833 2329 uti
860 2289 1110 2339 meministis,
1136 2303 1219 2330 non
1243 2291 1369 2330 modo
1397 2290 1652 2331 Lancastriae
1676 2290 1997 2343 septentrionalis
2022 2290 2075 2330 ab
2098 2290 2251 2343 oppido

213 2351 414 2394 maritimo
433 2350 656 2392 derivatum
673 2351 758 2401 est⁷‚
773 2352 887 2393 cuius
902 2355 1039 2404 amplo
1055 2367 1078 2393 e
1093 2353 1224 2394 reditu
1241 2353 1479 2394 Cancellarii
1495 2354 1620 2394 nostri
1637 2354 1913 2395 munificentia
1927 2354 1969 2394 in
1985 2353 2249 2394 Academiam

212 2414 361 2456 totiens
379 2413 569 2463 defluxit,
598 2415 670 2454 sed
689 2413 810 2454 etiam
830 2414 959 2466 ipsam
979 2415 1184 2467 regionem
1204 2423 1298 2456 ante
1318 2416 1459 2456 oculos
1478 2424 1650 2465 revocat,
1672 2416 1742 2456 ubi
1762 2415 2013 2458 Cancellario
2032 2416 2085 2456 ab
2104 2417 2251 2457 eodem

212 2476 383 2519 fideliter
429 2476 665 2523 custoditae,
706 2477 935 2517 monasterii
974 2491 1168 2529 perquam
1208 2478 1409 2531 magnifici
1448 2478 1587 2519 ruinae
1630 2480 1778 2520 saeculi
1825 2479 1966 2531 prioris
2014 2479 2249 2520 memoriam

211 2540 480 2583 conservant⁸.
541 2541 618 2580 Illo
643 2547 749 2580 certe
775 2540 817 2580 in
843 2542 996 2593 templo
1019 2541 1274 2582 aedificando
1300 2541 1487 2582 conditor
1506 2542 1602 2594 ipse,
1625 2550 1766 2595 postea
1786 2542 1979 2595 Stephani
2000 2542 2163 2583 nomine
2184 2556 2249 2583 rex

214 2603 384 2657 Angliae
411 2611 578 2652 creatus,
600 2603 731 2643 verbis
758 2603 923 2656 egregiis
946 2611 1114 2645 testatus
1139 2611 1210 2654 est,
1233 2618 1370 2657 regum
1400 2618 1510 2645 rosas
1534 2606 1727 2658 paulatim
1754 2619 2011 2654 marcescere,
2033 2607 2184 2646 ducum
2209 2614 2249 2647 et

213 2668 499 2721 imperatorum
537 2668 655 2707 flores
693 2667 864 2716 interire,
896 2667 1123 2720 principum
1162 2681 1332 2708 coronas
1370 2675 1410 2708 et
1449 2670 1602 2720 palmas
1640 2669 1827 2710 decidere
1865 2676 1904 2710 et
1942 2669 2079 2722 perire,
2114 2670 2252 2709 omnia

213 2729 391 2782 denique
411 2742 528 2770 cursu
548 2731 728 2781 quodam
747 2731 942 2770 continuo
962 2731 1015 2770 ad
1035 2731 1158 2770 finem
1183 2731 1342 2771 fatalem
1371 2738 1623 2782 mortemque
1642 2732 1883 2783 properare⁹.
1943 2730 2092 2772 Christi
2115 2739 2250 2771 autem

214 2793 257 2833 in
275 2794 428 2846 templo
448 2793 665 2833 condendo
681 2792 714 2832 si
734 2793 823 2845 quis
844 2793 1013 2834 fideliter
1031 2794 1279 2843 laboraverit,
1297 2794 1382 2834 viro
1402 2793 1470 2833 tali
1490 2794 1674 2834 novimus
1694 2795 1746 2835 ab
1766 2794 2048 2847 episcoporum
2068 2794 2251 2835 omnium

215 2854 401 2909 Principe
419 2855 557 2897 divino
577 2855 619 2896 in
638 2863 877 2908 perpetuum
897 2857 1084 2898 reservari
1107 2871 1190 2898 non
1215 2857 1430 2909 perituram
1454 2857 1602 2910 gloriae
1626 2872 1830 2899 coronam.
1889 2860 2034 2911 Operis
2058 2857 2251 2899 cotidiani

304 2971 317 2992 ¹
340 2972 415 3006 The
432 2973 700 3006 Northumbrian
715 2973 831 3007 casket
848 2974 883 3007 in
899 2975 956 3007 the
973 2974 1220 3018 Anglo-Saxon
1239 2975 1349 3007 Room
1366 2974 1405 3007 of
1422 2975 1478 3008 the
1495 2975 1619 3008 British
1637 2976 1805 3009 Museum.
1990 2975 2005 2996 ²
2027 2975 2123 3009 Felix
2136 2975 2252 3010 Slade·

217 3014 233 3037 ⁸
254 3016 309 3049 De
324 3016 408 3049 Nat.
428 3017 531 3050 Deor.
548 3017 559 3050 i
580 3020 665 3058 12133
685 3023 747 3060 pro
763 3019 912 3058 Plancio,
933 3021 986 3051 80.
1135 3018 1149 3038 ⁴
1174 3019 1222 3051 H.
1244 3019 1293 3051 M.
1316 3019 1441 3057 Butler,
1459 3019 1566 3058 D.D.,
1586 3020 1714 3052 Master
1729 3019 1769 3052 os
1779 3020 1922 3063 Trinity.
2065 3019 2079 3040 ⁵
2101 3020 2203 3053 vioer
2218 3014 2258 3052 of

219 3059 554 3102 Kirkby-Lonsda1e‚
569 3071 614 3093 on
632 3061 689 3094 the
706 3062 814 3101 Lune,
833 3062 991 3095 1862—88.
1116 3061 1131 3083 ὅ
1156 3063 1294 3105 Harvey
1311 3062 1491 3102 Goodwin‚
1510 3064 1561 3106 Bp
1578 3064 1617 3095 of
1629 3064 1783 3102 Carlisle‚
1799 3064 1959 3107 1869-91.
2077 3062 2091 3085 ⁷
2115 3065 2252 3097 Barrow

218 3103 254 3136 in
270 3103 299 3135 F
300 3114 426 3137 umess.
560 3102 574 3124 ⁸
598 3105 743 3138 Fumess
758 3106 891 3148 Abbey.
1001 3104 1015 3125 ⁹
1039 3106 1214 3139 Proemble
1230 3106 1269 3139 of
1281 3106 1423 3140 Charter
1438 3107 1476 3139 of
1490 3107 1634 3139 Furness
1650 3108 1782 3150 Abbey.
1799 3108 1924 3151 quoted
1941 3109 1974 3141 in
1990 3107 2252 3141 Wordsworth's

217 3151 298 3181 note
313 3158 357 3181 on
373 3147 431 3180 the
446 3147 514 3180 line
530 3148 564 3180 in
587 3149 654 3181 The
670 3149 876 3189 Excursion,
896 3149 994 3182 Book
1011 3150 1070 3190 vii,
1091 3152 1100 3167 ‘
1113 3150 1230 3183 Perish
1246 3150 1304 3184 the
1321 3161 1412 3184 roses
1427 3151 1494 3183 and
1510 3151 1567 3184 the
1584 3151 1714 3185 flowers
1729 3151 1769 3185 of
1781 3151 1923 3196 Kings’.

1214 3235 1264 3275 79
