2704 3770
402 311 644 361 Frederic
677 311 737 360 de
771 311 1024 361 Martens.
1103 311 1158 362 T.
1199 312 1278 361 M.
1322 311 1374 361 C.
1414 311 1590 362 Asser.
1663 313 1816 362 Felix
1846 314 2197 366 Lz‘ebermann.

395 454 511 509 (248)
550 457 776 497 Russorum
814 471 863 498 ex
899 456 1068 509 imperio
1100 456 1350 509 amplissimo
1387 458 1563 508 legatum
1593 458 1647 498 ad
1684 471 1759 498 nos
1793 458 1958 499 missurn
1993 473 2113 511 quam
2148 461 2318 503 libenter

285 517 519 572 excipimus,
539 532 662 571 quam
691 519 862 560 libenter
889 520 1112 560 laudamus.
1172 518 1384 570 Quotiens,
1411 518 1561 570 patriae
1589 518 1630 558 in
1660 521 1836 569 nomine,
1857 528 2009 561 exteras
2037 522 2140 563 inter
2167 531 2317 575 gentes,

285 579 463 622 consiliis
482 581 643 633 quantis
662 594 784 634 quam
804 583 1023 634 prudenter
1041 581 1230 622 interfuit.
1290 582 1340 621 In
1359 581 1459 621 urbe
1478 583 1589 633 quod
1610 583 1822 634 Belgarum
1838 590 1960 634 caput
1975 591 2047 633 est,
2061 584 2156 624 olim
2169 587 2221 626 de
2236 586 2320 627 iure

285 642 412 692 be11i¹‚
446 657 574 696 nuper
606 645 660 685 de
693 646 881 685 Afrorum
910 644 1126 695 libertate²,
1151 644 1243 685 viris
1277 644 1445 685 summis
1472 644 1799 694 deliberantibus,
1827 654 1978 698 quanta
2006 661 2099 687 cum
2126 648 2319 700 dignitate

284 704 440 757 imperii
460 706 623 746 maximi
643 706 757 759 quasi
777 720 991 760 personam
1010 706 1142 759 gessit.
1201 707 1330 756 Idem,
1352 720 1404 748 ne
1423 707 1579 748 minora
1597 721 1924 758 commemorem,
1943 717 2094 761 quanta
2112 710 2317 761 industria,

282 774 436 819 quanto
464 767 638 820 ingenio,
661 769 825 809 foedera
853 769 990 809 omnia
1019 771 1245 810 Russorum
1272 769 1325 809 ab
1354 769 1522 821 imperio
1551 783 1644 810 cum
1675 771 1862 823 Europae
1889 771 2076 823 gentibus
2104 771 2194 821 icta,
2220 782 2319 824 quot

283 831 535 872 voluminum
555 832 597 872 in
617 834 717 873 serie
737 832 908 884 collegit,
930 833 1099 874 collecta
1118 832 1328 881 ordinavit,
1351 831 1535 873 ordinata
1554 832 1741 873 historiae
1764 835 1853 874 luce
1879 834 2096 875 illustravit.
2156 835 2319 885 Quanta

282 906 378 935 cum
403 895 609 947 voluptate
630 895 837 936 volumina
863 896 1146 936 Britannorum
1174 896 1402 937 foederibus
1429 904 1636 946 reservata,
1658 898 1768 938 haud
1791 898 1846 938 ita
1868 898 2023 950 pridem
2044 899 2243 950 incohata,
2265 901 2318 940 ad

281 956 405 997 finem
420 957 578 998 felicem
590 959 785 1009 perducta
799 957 1056 998 videbimus⁸.
1118 958 1297 1006 Interim,
1314 971 1436 999 aureo
1455 959 1592 999 libello
1611 959 1761 1000 abhinc
1779 973 1908 1000 annos
1928 960 2104 1001 sedecim
2125 961 2166 1000 in
2186 962 2317 1002 lucem

282 1017 417 1068 misso,
457 1018 620 1060 orientis
659 1019 778 1060 rebus
816 1027 1014 1071 quantum
1052 1021 1190 1061 lumen
1228 1020 1404 1061 attulerit
1440 1021 1577 1061 animo
1615 1029 1726 1074 grato
1763 1024 2048 1063 recordamur⁴.
2118 1024 2318 1076 Optamus

281 1079 460 1132 denique
481 1088 538 1129 ut,
559 1082 670 1122 salvo
697 1083 934 1131 Russorum‚
957 1083 1067 1122 salvo
1091 1082 1210 1122 etiam
1238 1090 1376 1124 nostro
1406 1090 1446 1123 et
1471 1083 1671 1123 sociorum
1698 1092 1925 1124 nostrorum
1950 1084 1990 1124 in
2017 1084 2114 1125 Asia
2136 1085 2316 1138 imperio,

280 1142 460 1183 terminis
488 1142 690 1195 utrimque
718 1143 944 1184 coniunctis
973 1151 1014 1184 et
1042 1144 1083 1184 in
1112 1151 1352 1196 perpetuum
1380 1145 1575 1194 stabilitis,
1604 1147 1716 1186 nullo
1744 1148 1962 1187 certamine
1991 1149 2220 1195 commisso,
2246 1150 2317 1190 sed

280 1208 433 1259 populo
452 1214 624 1260 utroque
643 1207 685 1247 in
705 1207 802 1247 Asia
822 1209 963 1248 saltem
983 1207 1130 1260 pariter
1148 1207 1311 1255 invicto,

1098 1281 1283 1334 ‘paribus
1312 1295 1355 1322 se
1383 1282 1538 1334 legibus
1565 1282 1710 1323 ambae

769 1335 942 1376 invictae
970 1343 1110 1388 gentes
1138 1343 1301 1377 aeterna
1329 1336 1370 1376 in
1400 1338 1563 1378 foedera
1592 1337 1804 1377 mittantff.

391 1411 510 1450 Duco
539 1411 591 1450 ad
617 1423 689 1450 vos
714 1410 824 1462 pacis
855 1410 1080 1451 ministrum
1107 1410 1316 1463 insignem,
1340 1411 1443 1451 Iuris
1470 1411 1663 1452 Gentium
1689 1412 1867 1453 Instituti
1888 1414 2095 1465 quondam
2122 1414 2315 1466 praesidis

280 1472 485 1523 vicarium,
507 1475 773 1526 professorem
795 1475 1168 1527 Petroburgensem‚
1191 1477 1482 1515 FREDERICUM
1504 1487 1561 1514 DE
1583 1477 1809 1516 MARTENS.

1137 1605 1193 1652 18
1218 1603 1364 1670 June
1407 1606 1533 1666 1896

389 1719 505 1774 (249)
534 1723 807 1763 BATAVORUM
834 1735 856 1762 e
881 1729 1001 1774 gente
1029 1721 1310 1771 sollertissima,
1334 1722 1463 1763 Grotii
1489 1736 1512 1762 e
1531 1721 1657 1774 patria
1677 1722 1946 1772 celeberrima,
1969 1722 2094 1763 virum
2115 1722 2313 1776 insignem

277 1784 333 1825 ad
365 1797 440 1825 nos
471 1784 639 1825 feliciter
665 1786 880 1826 advectum
909 1786 1079 1826 Senatus
1108 1785 1233 1825 nostri
1262 1785 1428 1826 nomine
1460 1785 1632 1826 libenter
1661 1788 1890 1826 salutamus.
1950 1788 2177 1827 Salutarnus
2211 1787 2314 1828 Iuris

278 1847 473 1889 Gentium
507 1847 687 1888 Instituti
716 1862 740 1889 e
773 1849 1051 1890 conditoribus
1085 1863 1223 1898 unum,
1261 1850 1439 1890 Instituti
1473 1850 1654 1902 eiusdem
1685 1852 1775 1902 plus
1808 1864 1929 1902 quam
1965 1852 2089 1891 semel
2122 1851 2314 1903 praesidis

276 1910 479 1961 vicarium,
500 1910 628 1951 virum
656 1911 760 1951 inter
784 1912 997 1963 populares
1023 1924 1117 1951 suos
1141 1925 1225 1951 non
1252 1913 1377 1953 modo
1401 1913 1453 1952 de
1473 1912 1648 1952 fluminis
1670 1913 1806 1953 Rheni
1825 1912 2078 1965 navigatione
2097 1914 2169 1953 sed
2192 1914 2312 1953 etiam

275 1974 330 2016 de
347 1975 467 2016 rebus
485 1975 657 2016 externis
676 1975 946 2016 consiliarium
966 1975 1241 2016 constitutum.
1301 1977 1442 2028 Nuper
1460 1977 1702 2028 populorum
1718 1976 1984 2028 complurium
2005 1976 2134 2028 legati,
2151 1977 2203 2017 de
2219 1976 2313 2016 iuris

275 2036 456 2090 gentium
481 2038 636 2090 legibus
661 2039 715 2078 ad
741 2045 891 2078 certam
918 2039 1124 2090 quandam
1152 2051 1336 2078 normam
1356 2037 1575 2090 dirigendis
1595 2045 1634 2078 et
1654 2038 1948 2090 componendis
1967 2038 2128 2090 publice
2147 2038 2315 2079 deliber-

274 2106 400 2149 antes,
440 2099 647 2140 neminem
679 2100 803 2140 alium
832 2101 1060 2141 habuerunt
1089 2100 1345 2153 praesidem⁶.
1405 2100 1504 2141 Viro
1531 2108 1644 2141 tanto
1674 2102 1918 2152 gratulamur
1946 2102 2058 2153 quod
2087 2109 2310 2153 praecepta,

275 2161 612 2215 philosophorum
643 2162 685 2202 in
718 2162 1063 2214 disputationibus
1095 2163 1149 2203 ad
1177 2162 1360 2214 gentium
1388 2164 1496 2215 leges
1525 2162 1628 2203 inter
1656 2177 1699 2203 se
1732 2163 1950 2203 contrarias
1983 2163 2024 2202 in
2053 2163 2312 2204 concordiam

276 2224 515 2278 redigendas
544 2239 617 2278 per
646 2233 707 2266 tot
737 2227 896 2266 saecula
930 2226 1145 2274 elaborata,
1179 2239 1283 2275 mox,
1313 2234 1357 2267 ut
1388 2240 1607 2279 speramus,
1639 2240 1723 2267 non
1752 2226 1839 2266 sine
1870 2240 2016 2279 magno
2046 2234 2312 2267 mercatorum

277 2287 461 2328 omnium
500 2288 710 2336 beneficio,
746 2301 830 2328 non
863 2287 950 2328 sine
984 2295 1126 2328 mutuo
1156 2288 1261 2328 vitae
1298 2289 1608 2329 commodorum
1643 2289 1861 2328 multorum
1900 2290 2041 2338 fructu,
2076 2289 2313 2329 auctoritate

278 2349 442 2402 publica
468 2350 572 2391 inter
599 2364 742 2391 omnes
770 2359 911 2403 gentes
939 2359 1024 2391 rata
1051 2359 1168 2392 erunt
1197 2358 1236 2392 et
1265 2353 1512 2392 confirmata.

387 2413 495 2464 Ergo
521 2412 728 2464 plausibus
754 2412 894 2453 vestris
928 2413 1071 2453 merito
1100 2413 1318 2465 excipietur
1346 2413 1440 2453 iuris
1470 2413 1652 2465 gentium
1681 2414 1824 2454 doctor
1847 2413 2122 2466 peritissimus,
2152 2416 2311 2454 TOBIAS

279 2475 527 2515 Mmumms
557 2476 760 2517 CARoms
787 2476 960 2515 ASSER7.

386 2601 503 2656 (250)
533 2604 660 2655 Leges
686 2603 856 2655 Angliae
882 2604 1079 2655 antiquas,
1112 2602 1194 2644 sive
1221 2603 1407 2644 Edwardi
1430 2603 1682 2652 confessoris,
1708 2604 1790 2643 sive
1818 2602 2017 2652 Willelmi,
2039 2603 2122 2643 sive
2143 2604 2311 2645 Henrici

277 2665 395 2718 primi
421 2666 587 2707 nomine
613 2674 878 2719 nuncupatas,
901 2667 990 2707 rudi
1017 2674 1056 2707 et
1083 2666 1281 2719 indigesta
1307 2668 1414 2707 mole
1442 2666 1512 2707 diu
1542 2668 1740 2715 confusas,
1769 2666 1822 2706 ab
1847 2667 1926 2706 hoc
1951 2666 2035 2706 viro
2061 2666 2102 2706 in
2126 2667 2309 2708 ordinem

277 2729 443 2768 tandem
464 2729 645 2770 redactas
665 2737 705 2770 et
723 2730 946 2770 luculenter
965 2729 1178 2769 illustratas
1197 2729 1334 2769 animo
1353 2736 1465 2781 grato
1484 2729 1753 2768 recordamur.
1812 2729 2089 2768 Recordamur
2112 2742 2309 2769 annorum

275 2789 415 2842 viginti
440 2791 597 2832 labores
623 2792 778 2844 legibus
805 2792 950 2832 nostris
976 2791 1149 2843 antiquis
1174 2805 1332 2831 summa
1351 2791 1556 2839 industria,
1578 2804 1735 2830 summa
1754 2790 1928 2830 sollertia
1947 2790 2232 2843 investigandis
2258 2793 2311 2832 ab

276 2853 423 2893 eodem
442 2853 664 2895 dedicatos.
724 2855 1004 2894 Recordamur
1023 2853 1199 2906 denique
1222 2854 1427 2894 annalium
1455 2861 1682 2894 nostrorum
1707 2853 1943 2893 memoriam
1970 2854 2182 2894 obscuram
2208 2854 2312 2895 inter

277 2914 519 2956 Germaniae
551 2915 740 2968 antiquae
774 2923 1039 2956 monumenta
1070 2916 1124 2956 ab
1157 2917 1303 2957 eodem
1332 2918 1438 2956 clara
1468 2917 1510 2955 in
1540 2917 1630 2955 luce
1658 2916 1907 2955 collocatam.
1967 2917 2073 2968 Ergo
2101 2916 2229 2956 virum
2257 2917 2310 2957 ab

277 2975 516 3029 imperatore
536 2980 740 3020 Germano
760 2979 995 3032 professoris
1014 2979 1131 3020 titulo
1147 2979 1289 3020 merito
1304 2981 1551 3028 decoratum,
1569 2978 1688 3019 etiam
1710 2978 1959 3020 Universitas
1978 2987 2114 3019 nostra
2133 2980 2311 3021 doctoris

360 3065 373 3087 ¹
400 3068 492 3110 1874.
636 3067 651 3089 ²
677 3071 760 3113 1889
772 3069 795 3102 f.
921 3068 935 3090 ³
964 3070 998 3102 T
992 3070 1092 3102 ruitis
1107 3070 1235 3102 conclus
1243 3074 1314 3111 par
1328 3070 1362 3102 la
1379 3069 1508 3108 Russie,
1529 3068 1611 3102 vols.
1629 3068 1765 3106 ix—xii,
1787 3068 1924 3111 1892-8.
2058 3067 2072 3089 ⁴
2094 3070 2222 3103 Russia
2237 3072 2313 3103 and

275 3110 445 3153 England
453 3113 492 3144 in
511 3113 651 3145 Central
664 3115 761 3153 Asia,
780 3124 838 3156 pp.
860 3124 932 3155 130,
955 3115 1048 3157 1879.
1191 3113 1205 3133 ⁶
1227 3114 1345 3156 virgil,
1366 3115 1450 3146 Aen.
1472 3113 1517 3145 xii
1539 3123 1598 3156 190
1609 3112 1631 3144 f.
1783 3110 1797 3131 ⁶
1820 3112 2028 3146 Conference
2043 3118 2077 3146 at
2096 3114 2152 3147 the
2169 3115 2304 3157 Hague,

279 3155 417 3198 1893-4.
549 3155 563 3178 ⁷
587 3157 719 3199 Degree
735 3157 888 3190 deferred
904 3157 989 3190 from
1006 3158 1026 3189 8
1043 3158 1132 3200 Aug.
1154 3159 1248 3199 1895.

1262 3243 1336 3281 123
2066 3233 2193 3271 16—2
