2704 3770
664 329 850 394 George
885 330 1093 378 Forrest
1126 331 1353 380 Browne.
1436 331 1647 379 Thomas
1680 331 1895 381 Francis
1928 332 2152 396 Bayard.

1204 507 1264 551 26
1300 504 1431 552 Nov.
1479 506 1602 564 1896

514 618 626 671 (256)
650 621 846 660 SCHOLAE
864 620 1163 672 antiquissimae
1183 621 1453 674 discipulum¹,
1475 622 1655 674 Collegio
1674 623 1726 662 ab
1745 622 1911 675 antiquo
1930 623 2092 664 honoris
2111 637 2231 664 causa
2250 622 2412 664 Socium

404 682 605 729 electum²‚
627 681 754 721 virum
778 683 829 722 de
854 683 1122 723 Universitate
1145 691 1228 723 tota
1251 686 1449 735 praeclare
1469 684 1663 734 meritum,
1685 685 1805 726 etiam
1826 686 1901 738 ipsi
1920 686 2083 726 honoris
2107 699 2226 726 causa
2244 685 2415 726 libenter

405 744 635 782 salutamus.
692 743 854 784 Abhinc.
873 758 1000 784 annos
1020 745 1198 796 quinque
1218 746 1352 785 Sancti
1373 746 1485 786 Pauli
1505 746 1708 786 canonicis
1727 747 1949 799 adscriptus
1969 755 2008 787 et
2028 747 2278 799 episcopatus
2298 746 2414 787 titulo

403 812 542 856 postea
572 811 744 854 ornatus,
781 806 965 846 novimus
997 815 1146 858 quanta
1175 808 1406 848 assiduitate
1443 808 1483 848 in
1517 809 1718 849 laboribus
1756 810 1876 850 sacris
1909 810 2106 850 obeundis
2138 817 2313 850 versatus
2346 809 2416 859 sit;

404 866 590 918 quotiens
615 867 753 918 populi
777 867 897 908 totius
921 867 960 907 in
985 868 1149 920 gratiam
1177 869 1380 910 Ecclesiae
1406 870 1651 922 Anglicanae
1676 871 1880 911 historiam
1904 879 2054 923 quanto
2078 871 2228 911 lumine
2252 871 2416 911 illustra-

405 928 530 969 verit³.
591 930 867 969 Recordamur
885 938 1036 981 quanto
1055 930 1194 982 prioris
1213 931 1299 971 aevi
1319 945 1455 972 amore
1470 932 1680 973 instinctus
1697 934 1845 986 patriae
1860 942 2122 975 monumenta
2136 934 2300 986 antiqua
2313 934 2416 974 inter

405 999 562 1032 nosmet
582 992 689 1044 ipsos
714 1006 785 1044 per
804 993 1122 1045 quinquennium
1143 994 1420 1046 interpretatus
1447 995 1516 1035 sit⁴
1528 1010 1539 1045 ;
1567 1003 1719 1047 quanto
1738 996 1886 1037 iudicio
1906 996 2169 1048 procuratoris
2193 996 2325 1037 officio
2343 1009 2416 1048 per

404 1067 471 1093 sex
490 1067 618 1093 annos
638 1055 797 1093 functus
816 1054 865 1094 sit
879 1069 890 1103 ;
919 1054 1196 1095 Universitatis
1217 1055 1371 1095 statutis
1391 1057 1526 1096 denuo
1546 1057 1799 1097 recensendis
1819 1065 2005 1109 quattuor
2024 1071 2094 1109 per
2112 1070 2239 1098 annos
2258 1057 2416 1098 adiutor

404 1129 525 1167 quam
545 1123 727 1156 strenuus
747 1116 959 1166 exstiterit3
989 1117 1264 1157 Universitatis
1288 1118 1459 1158 concilio
1484 1127 1633 1170 quanta
1656 1133 1748 1159 cum
1772 1120 1963 1171 dignitate
1988 1134 2058 1172 per
2084 1134 2212 1160 annos
2238 1120 2414 1161 sedecim

403 1177 621 1217 interfuerit
634 1192 645 1226 ;
674 1177 952 1218 Universitatis
972 1178 1145 1230 denique
1159 1179 1326 1231 imperio
1346 1193 1428 1219 non
1444 1181 1567 1220 modo
1586 1181 1736 1232 patriae
1754 1195 1824 1233 per
1839 1195 1979 1222 omnes
1998 1189 2127 1234 partes
2147 1183 2219 1222 sed
2237 1183 2357 1222 etiam
2372 1182 2414 1222 in

403 1238 581 1278 colonias
613 1246 767 1278 nostras
799 1238 1036 1290 longinquas
1068 1253 1254 1291 prospere
1286 1243 1544 1293 propagando
1574 1255 1701 1282 annos
1734 1243 1816 1282 duo
1849 1251 1887 1283 et
1920 1243 2057 1294 viginti
2094 1257 2214 1295 quam
2251 1243 2416 1285 feliciter

402 1300 673 1341 dedicaverit⁶.
733 1301 843 1350 Quid
863 1301 995 1341 dicam
1011 1303 1061 1342 de
1076 1303 1247 1354 Alpibus
1262 1304 1357 1355 ipsis
1375 1305 1428 1344 ab
1446 1306 1610 1344 alumno
1630 1312 1766 1346 nostro
1785 1306 1931 1347 totiens
1950 1307 2046 1347 olim
2067 1306 2288 1358 superatis?
2316 1307 2414 1358 quid

404 1365 456 1404 de
488 1364 609 1403 antris
641 1363 871 1415 glacialibus
900 1364 951 1404 ab
980 1366 1125 1405 eodem
1154 1367 1344 1406 audacter
1369 1367 1629 1419 exploratis?⁶
1682 1369 1848 1408 Alumni
1877 1369 2000 1409 nostri
2029 1382 2189 1418 nomen,
2219 1382 2301 1409 non
2334 1369 2414 1409 iam

403 1426 506 1465 antri
538 1425 785 1477 inhospitalis
814 1425 856 1465 in
885 1426 1128 1466 obscuritate
1159 1428 1441 1468 absconditum
1470 1430 1542 1469 sed
1570 1428 1678 1469 urbis
1706 1443 1873 1481 magnae
1901 1430 1941 1469 in
1971 1430 2104 1470 media
2131 1432 2232 1478 luce,
2261 1430 2416 1482 imperii

405 1486 622 1527 Britannici
646 1487 687 1526 in
710 1487 798 1539 ipso
821 1487 950 1538 capite
975 1488 1317 1540 conspiciendum,
1340 1503 1423 1530 non
1449 1490 1530 1530 saxi
1556 1490 1645 1531 duri
1668 1490 1710 1530 in
1733 1490 1878 1531 tabulis
1903 1491 2147 1543 insculptum
2176 1493 2247 1532 sed
2276 1492 2416 1533 Matris

403 1550 546 1589 Almae
573 1548 615 1588 in
643 1555 804 1600 pectore
831 1556 942 1600 grato
971 1548 1011 1588 in
1039 1558 1276 1602 perpetuum
1305 1551 1378 1591 erit
1409 1552 1653 1604 inscriptum.
1713 1551 1875 1592 Etenim
1904 1553 2041 1593 talium
2070 1553 2243 1593 virorum
2269 1553 2416 1594 auxilio

404 1611 682 1652 Universitatis
703 1619 860 1652 nostrae
880 1612 985 1652 fama
1008 1611 1048 1651 in
1072 1626 1213 1654 omnes
1236 1621 1357 1654 terras
1380 1621 1517 1655 evecta
1540 1622 1610 1664 est,
1632 1621 1671 1654 et
1693 1622 1904 1666 praecepta
1929 1616 2013 1655 eius
2037 1615 2144 1655 orbis
2163 1623 2351 1656 terrarum
2373 1616 2415 1656 in

402 1674 582 1726 regiones
610 1674 892 1715 remotissimas
921 1682 1186 1727 penetrarunt.
1244 1677 1403 1717 Talium
1431 1677 1603 1718 virorum
1632 1685 1671 1718 et
1700 1685 1912 1729 praecepto
1942 1685 1981 1718 et
2010 1679 2192 1730 exemplo
2219 1678 2416 1719 admoniti

403 1737 562 1789 plurimi
591 1737 816 1778 didicerunt
845 1737 966 1777 vitam
999 1738 1085 1778 sine
1114 1739 1193 1778 veri
1231 1739 1488 1791 inquisitione
1520 1753 1608 1780 esse
1637 1754 1815 1789 vacuam,
1851 1741 1936 1781 sine
1968 1741 2108 1781 ordine
2140 1754 2226 1781 esse
2258 1754 2412 1790 vanam,

404 1802 573 1840 multum
593 1802 722 1841 valere
741 1800 963 1841 doctrinam
984 1801 1165 1841 examine
1177 1801 1288 1857 „iusto
1308 1810 1525 1855 spectatam
1546 1810 1585 1843 et
1608 1804 1814 1855 probatam
1829 1817 1840 1852 ;
1869 1803 2041 1844 Socratis
2067 1804 2241 1855 denique
2263 1803 2415 1844 dictum

403 1864 491 1914 plus
511 1877 632 1915 quam
651 1877 733 1903 uno
753 1863 794 1903 in
814 1877 933 1904 sensu
953 1865 1088 1903 denuo
1108 1878 1195 1904 esse
1214 1877 1350 1904 verum
1367 1865 1452 1905 :-‹‘›
1471 1864 1719 1911 οἶνεξέταστος
1736 1865 1824 1915 βίος
1842 1865 1885 1903 οὐ
1904 1865 2042 1916 βιωτὸς
2057 1864 2268 1918 α’νθρῶπῳῚ.

513 1929 631 1967 Duco
649 1929 702 1967 ad
721 1941 792 1967 vos
811 1927 937 1968 virum
957 1929 1177 1967 admodum
1197 1929 1469 1977 reverendum,
1488 1929 1722 1968 GEORGmM
1739 1930 1934 1968 FORREs'r
1951 1930 2151 1978 Bnowmz,
2169 1930 2414 1981 Episcopum

405 1989 718 2040 Stepneiensem.

1192 2154 1242 2185 11
1283 2138 1472 2187 March
1514 2141 1636 2200 1897

514 2255 626 2308 (257)
648 2257 845 2296 NONDUM
874 2257 926 2296 ad
952 2255 1103 2296 vicinos
1133 2263 1300 2304 nostros,
1328 2257 1429 2296 freto
1457 2264 1626 2308 angusto
1654 2270 1677 2296 a
1700 2256 1816 2296 nobis
1843 2263 2052 2308 separatos
2076 2257 2147 2296 sed
2174 2257 2227 2296 ad
2254 2263 2413 2308 gentem

404 2330 556 2357 oceano
577 2317 739 2368 quidem
759 2317 992 2369 interposito
1012 2325 1216 2366 remotam,
1239 2318 1311 2357 sed
1330 2319 1500 2358 eandem
1519 2317 1744 2358 communis
1771 2317 1982 2369 sanguinis,
2005 2317 2229 2357 communis
2257 2317 2414 2370 linguae

404 2380 594 2420 societate
622 2380 898 2432 propinquam,
931 2381 1206 2421 transeamus⁸.
1265 2381 1389 2431 Atqui
1413 2380 1541 2432 gentis
1569 2387 1704 2421 tantae
1732 2387 1812 2420 tam
1840 2387 2026 2428 remotae,
2057 2387 2137 2419 tam
2166 2381 2414 2432 propinquae

403 2442 554 2492 legatus
572 2455 596 2481 a
614 2450 732 2493 gente
752 2442 880 2482 vicina
900 2442 1092 2494 originem
1113 2441 1293 2481 ultimam
1313 2442 1472 2482 duxisse
1499 2442 1652 2490 dicitur,
1674 2442 1782 2494 pacis
1808 2442 1848 2481 in
1871 2441 2020 2481 artibus
2046 2440 2190 2492 equitis
2215 2441 2412 2494 intrepidi,

404 2502 546 2553 equitis
566 2502 825 2555 integerrimi⁹
845 2504 1008 2543 nomine
1031 2510 1070 2543 et
1093 2517 1237 2554 genere
1259 2517 1342 2543 non
1365 2503 1563 2555 indignus.
1622 2505 1738 2544 Idem
1758 2510 1864 2543 trans
1884 2516 2034 2555 aequor
2053 2502 2298 2542 Atlanticum
2317 2502 2412 2543 olim

403 2571 631 2604 senatorum
661 2564 791 2604 ordini
823 2563 1056 2616 adscriptus,
1092 2564 1239 2604 abhinc
1271 2579 1399 2605 annos
1428 2572 1615 2616 quattuor
1647 2579 1729 2604 non
1760 2564 1838 2604 iam
1872 2564 2039 2604 ministri
2071 2565 2143 2604 sed
2175 2564 2293 2615 legati
2321 2577 2413 2604 cum

402 2625 517 2666 titulo
550 2627 699 2678 patriae
727 2627 918 2678 interpres
946 2628 998 2667 ad
1028 2640 1101 2667 nos
1131 2628 1303 2667 advenit.
1362 2628 1516 2668 Patriae
1544 2627 1746 2679 dignitatis
1775 2635 1909 2668 custos
1938 2641 2058 2679 quarn
2087 2627 2216 2667 fidelis
2243 2627 2390 2667 exstitit
2402 2641 2414 2676 ς

403 2687 510 2727 idem
544 2687 821 2728 benevolentia
854 2701 974 2739 quam
1000 2688 1155 2728 infinita
1182 2689 1281 2729 illud
1310 2689 1385 2728 sibi
1414 2697 1507 2729 ante
1535 2689 1670 2729 omnia
1698 2689 1915 2741 proposuit,
1946 2697 1990 2729 ut
2017 2695 2175 2740 gentem
2204 2695 2414 2739 utramque

402 2750 598 2790 amicitiae
617 2751 783 2790 vinculis
803 2750 931 2791 indies
949 2751 1159 2791 artioribus
1178 2751 1280 2791 inter
1299 2765 1385 2791 sese
1405 2751 1445 2791 in
1469 2759 1705 2803 perpetuum
1729 2751 1998 2803 coniungeret.
2056 2750 2208 2792 Oceani
2234 2750 2275 2789 in
2299 2749 2413 2790 litore

491 2844 502 2864 ¹
526 2844 565 2878 St
581 2845 704 2877 Peter's
721 2845 857 2885 School,
876 2845 981 2878 York.
1114 2844 1130 2865 ²
1151 2846 1191 2879 St
1207 2846 1413 2880 Catharine’s
1428 2846 1578 2888 college.
1703 2845 1717 2866 ⁸
1746 2847 1812 2879 The
1835 2846 2006 2878 Vener-able
2022 2846 2107 2877 Bede
2122 2844 2252 2888 (1879);
2275 2845 2414 2877 Lessons

395 2887 491 2928 from
507 2889 616 2930 Early
631 2890 779 2929 English
799 2890 933 2921 Church
949 2890 1089 2930 History
1105 2888 1230 2932 (1893),
1247 2895 1310 2922 etc.
1459 2888 1474 2909 4
1497 2890 1625 2932 Disney
1641 2889 1820 2927 Professor,
1842 2891 2000 2931 1887-92.
2152 2887 2166 2907 ⁵
2189 2889 2363 2930 Secretary
2378 2888 2417 2920 of

403 2931 459 2963 the
474 2931 675 2974 Cambridge
692 2933 795 2965 Loeal
812 2932 1076 2972 Examinations‚
1099 2934 1255 2976 1870-92.
1347 2932 1362 2953 θ
1383 2934 1437 2965 Ice
1449 2934 1551 2965 Caves
1565 2933 1605 2975 of
1612 2934 1740 2965 France
1750 2934 1823 2964 and
1833 2932 2061 2971 Switzerland,
2079 2930 2171 2972 1865.
2259 2930 2274 2952 ⁷
2298 2932 2405 2971 Plato,

405 2975 502 3016 Apol.
520 2977 561 3016 38
574 2984 608 3007 Α.
779 2974 793 2995 ⁸
816 2976 899 3008 This
914 2977 1090 3008 unnatural
1107 2976 1254 3018 opening
1269 2987 1336 3008 was
1351 2977 1416 3009 due
1432 2982 1467 3009 to
1483 2977 1539 3008 the
1555 2976 1620 3008 fact
1636 2977 1710 3008 that
1725 2987 1769 3008 on
1783 2976 1931 3018 grounds
1947 2975 1986 3007 of
1997 2976 2152 3017 persona!
2167 2975 2369 3017 precedence
2385 2974 2412 3007 it

404 3027 473 3049 was
497 3019 660 3060 suddenly
684 3019 786 3051 found
814 3029 987 3061 necessary
1010 3024 1044 3051 to
1071 3019 1210 3052 transfer
1234 3020 1290 3052 the
1318 3020 1613 3052 Ex-Ambassador
1639 3020 1677 3051 of
1700 3019 1757 3051 the
1783 3019 1910 3052 United
1935 3018 2046 3051 States
2072 3024 2107 3050 to
2130 3019 2187 3050 the
2197 3019 2285 3061 first
2305 3017 2411 3060 place,

403 3059 534 3092 instead
549 3062 587 3093 of
629 3063 795 3104 resenting
809 3062 879 3094 him
899 3062 988 3104 aster
1001 3062 1058 3094 the
1075 3063 1204 3094 French
1221 3063 1449 3096 Ambassador
1469 3063 1503 3095 in
1523 3073 1543 3094 a
1563 3063 1684 3105 speech
1705 3062 1776 3094 that
1794 3061 1843 3104 (as
1865 3062 2030 3104 prepared
2052 3062 2103 3094 for
2125 3059 2286 3103 delivery)
2302 3061 2412 3103 began

406 3103 487 3135 with
503 3115 522 3136 a
537 3114 596 3145 per
611 3105 697 3147 ectly
713 3106 842 3137 natural
859 3105 978 3147 phrase
993 3106 1032 3137 of
1043 3106 1216 3138 transition
1232 3106 1318 3138 from
1335 3107 1462 3139 France
1474 3107 1542 3145 ,—‘
1555 3107 1587 3138 A
1602 3105 1720 3138 vicinis
1735 3106 2105 3138 nostris...transeamus
2116 3103 2136 3135 '.
2301 3102 2315 3124 ⁹
2337 3104 2411 3136 The

404 3145 534 3179 famous
548 3148 709 3179 chevalier
723 3159 801 3180 sans
809 3154 899 3189 peur
912 3154 941 3181 et
955 3160 1033 3180 sans
1048 3149 1208 3190 repraehe.

1380 3224 1455 3259 126
