2704 3770
764 324 1033 376 Frederick
1070 327 1311 378 Seebohm.
1383 327 1607 379 Horatio
1654 328 1880 379 Wz‘llz'am
1913 328 2129 380 Parker.

449 468 694 518 proferendis
731 482 857 521 nuper
892 470 1163 522 praepositum
1176 486 1187 521 3
1226 471 1375 523 Regiae
1414 472 1588 523 denique
1621 472 1828 512 Societatis
1862 473 1964 512 inter
2001 473 2151 512 lumina
2187 473 2265 513 iam
2300 475 2454 516 dudum

449 538 711 571 numeratum.
770 530 852 581 Qui
877 531 1029 572 insulae
1059 532 1310 572 Britannicae
1333 533 1644 584 explorationem
1673 534 1936 585 magneticam
1962 547 2044 574 non
2073 537 2195 575 semel
2221 543 2375 576 tantum
2403 537 2456 577 ad

449 593 570 633 finem
601 593 757 634 felicem
787 594 980 645 perduxit,
1012 608 1120 635 nunc
1154 595 1411 637 Universitati
1444 596 1639 636 maximae
1672 603 1732 636 est
1768 596 2025 648 praepositus,
2061 596 2101 636 in
2139 609 2228 648 qua,
2262 598 2385 638 animi
2417 598 2456 639 vi

448 658 622 707 quadam
665 657 886 709 magnetica
927 660 1139 710 praeditus,
1179 660 1418 710 collegarum
1460 672 1622 699 suorum
1662 659 1842 699 omnium
1880 660 2002 699 corda
2037 660 2090 699 ad
2127 672 2170 699 se
2205 660 2380 711 attrahit,
2415 667 2456 702 et

450 717 727 759 Universitatis
755 720 876 760 totius
903 722 955 760 ad
984 733 1241 760 communem
1269 721 1441 760 fructum
1471 720 1804 760 Londiniensium
1832 720 2107 761 liberalitatem
2134 721 2266 761 allicit.

557 782 674 822 Duco
693 783 745 822 ad
763 795 834 822 vos
854 782 1130 824 Universitatis
1151 782 1433 823 Londiniensis
1447 782 1669 833 praesidem
1684 782 1891 834 insignem,
1909 784 2164 823 ARTHURUM
2179 784 2454 825 WrLLELMUM

447 843 644 883 RuchR.

553 950 668 1003 (357)
702 950 856 990 Erasmi
890 950 1080 991 memoria
1114 949 1506 1001 Cantabrigiensibus
1539 956 1621 989 tam
1654 962 1744 989 cara
1776 956 1846 999 est,
1877 956 1920 989 ut
1953 950 2060 989 hunc
2093 949 2219 990 virum
2253 950 2371 991 nobis
2402 964 2452 992 eo

444 1012 631 1052 libentius
649 1020 858 1064 propterea
876 1012 1157 1059 adsciscamus,
1175 1013 1285 1063 quod
1304 1011 1345 1050 in
1365 1011 1466 1051 libro
1485 1011 1630 1051 eximio
1651 1024 1799 1050 novum
1820 1011 2042 1051 studiorum
2058 1012 2240 1052 ordinem
2255 1026 2279 1052 a
2294 1013 2450 1062 Coleto,

443 1087 467 1114 a
488 1076 619 1121 Moro,
638 1074 690 1114 ab
711 1075 877 1113 Erasmo
897 1073 1072 1125 denique
1091 1073 1192 1114 inter
1213 1073 1423 1113 Britannos
1447 1073 1542 1113 olim
1566 1073 1826 1112 instauratum
1850 1072 2014 1113 feliciter
2036 1074 2238 1122 enarravit,
2261 1075 2452 1126 quodque

442 1135 562 1175 etiam
585 1138 729 1176 eodem
755 1138 806 1176 de
831 1137 990 1176 saeculo
1016 1135 1194 1175 libellum
1219 1137 1425 1175 aureolum
1451 1135 1713 1186 conscripsit¹.
1771 1135 1856 1174 Viri
1879 1136 2058 1176 eiusdem
2082 1151 2104 1177 e
2123 1137 2262 1177 studiis
2282 1150 2452 1178 oecono-

443 1198 568 1247 micis,
601 1213 626 1238 a
656 1213 743 1239 rure
781 1199 856 1239 sibi
882 1199 1109 1251 propinquo
1143 1198 1303 1247 exorsis,
1337 1198 1416 1237 iam
1451 1199 1605 1238 dudum
1637 1197 1850 1238 didicimus
1884 1197 1925 1237 in
1960 1199 2164 1238 Britannia
2200 1199 2320 1239 etiam
2357 1207 2451 1240 ante

443 1262 720 1302 Romanorum
747 1261 1063 1302 dominationem
1086 1261 1167 1313 agri
1186 1261 1336 1312 publici
1356 1262 1438 1300 duo
1456 1274 1600 1312 genera
1619 1260 1824 1308 exstitisse,
1846 1260 1887 1300 in
1907 1261 2087 1301 orientali
2106 1262 2270 1314 quidem
2289 1262 2449 1314 regione

440 1323 572 1364 vicum
600 1337 939 1376 unumquemque,
970 1324 1012 1363 in
1039 1323 1278 1363 occidentali
1305 1330 1438 1362 autem
1468 1322 1615 1362 tribum
1643 1330 1768 1362 totam
1796 1336 1934 1374 agrum
1962 1323 2148 1364 habuisse
2177 1338 2446 1373 communem,

439 1399 564 1437 genus
583 1386 754 1438 primum
774 1400 796 1426 e
816 1386 1012 1434 servitute,
1034 1387 1201 1425 alterum
1221 1399 1244 1425 e
1263 1385 1443 1424 libertate
1458 1384 1650 1436 originem
1670 1385 1842 1434 traxisse,
1865 1387 1936 1426 sed
1955 1386 2150 1426 hodierno
2169 1400 2299 1426 rerum
2318 1386 2449 1427 ordini

438 1456 622 1489 neutrum
638 1462 724 1489 esse
739 1455 1052 1488 consentaneum
1061 1450 1084 1486 ².
1144 1450 1269 1487 Hunc
1284 1447 1514 1499 magistrum
1529 1447 1665 1495 secuti,
1684 1447 1912 1488 Britanniae
1926 1448 2130 1489 historiam
2146 1449 2448 1490 oeconomicam

438 1509 570 1550 minus
598 1509 819 1561 simplicem
846 1511 1022 1556 fortasse,
1050 1510 1122 1549 sed
1150 1510 1321 1549 eandem
1351 1508 1475 1560 magis
1502 1510 1678 1560 amplam
1706 1522 1827 1560 quam
1855 1517 1972 1550 antea
2000 1523 2099 1558 esse,
2123 1523 2254 1562 neque
2281 1512 2334 1551 ad
2361 1524 2449 1552 sese

438 1581 593 1613 tantum
621 1573 816 1625 pertinere
844 1572 1054 1621 cernimus,
1077 1574 1148 1613 sed
1176 1572 1295 1613 etiam
1323 1571 1478 1624 generis
1507 1571 1672 1611 humani
1700 1585 1793 1611 cum
1819 1571 1981 1612 historia
2007 1572 2188 1612 universa
2215 1572 2446 1613 consociari.

438 1637 551 1677 Licet
570 1651 663 1677 cum
682 1638 826 1678 eodem
846 1649 1001 1688 sperare
1016 1635 1137 1675 hodie
1153 1634 1399 1674 Britanniam
1415 1641 1603 1682 nostram,
1619 1633 1807 1673 institutis
1822 1633 1965 1682 liberis,
1983 1634 2171 1674 institutis
2190 1633 2448 1686 popularibus

435 1701 586 1749 fretam,
608 1700 762 1753 imperii
781 1700 877 1740 moli
896 1699 1024 1739 indies
1045 1698 1183 1739 maiori
1203 1698 1459 1738 sustinendae
1479 1698 1790 1748 haudquaquam
1814 1698 1897 1737 fore
1920 1696 2124 1748 imparem,
2147 1710 2277 1749 neque
2297 1698 2446 1737 fessum

435 1762 545 1803 illurn
566 1769 708 1815 poetae
727 1762 872 1802 Titana
891 1776 977 1802 esse
997 1761 1247 1809 imitaturam,
1270 1760 1338 1813 qui
1358 1760 1486 1812 capite
1507 1759 1666 1811 obstipo
1686 1759 1924 1800 destinatam
1945 1761 1997 1800 ad
2018 1768 2164 1800 metam
2183 1760 2291 1800 labat
2310 1760 2446 1800 labore

435 1826 573 1874 lassus,
595 1824 769 1866 humeris
787 1823 984 1865 Atlanteis

1109 1877 1269 1928 pondus
1296 1875 1360 1915 vix
1388 1875 1602 1924 tolerabile,

1110 1930 1178 1970 fati
1206 1931 1344 1970 orbem
1373 1929 1552 1978 nimium,
1584 1930 1744 1969 ferens3.

545 2011 662 2049 Duco
681 2009 733 2048 ad
752 2021 822 2047 vos
842 2007 969 2046 virum
988 2005 1029 2044 in
1049 2004 1189 2044 studiis
1210 2002 1479 2043 oeconomicis
1499 2002 1706 2054 insignem,
1729 2004 2015 2042 FREDEmcUM
2036 2003 2250 2042 Smssonm.

544 2107 656 2159 (358)
678 2106 857 2158 Collegio
876 2107 1069 2154 Yaleano,
1088 2106 1188 2143 ultra
1208 2115 1404 2142 oceanum
1425 2101 1670 2140 Atlanticum
1690 2101 1830 2152 posito,
1849 2101 1903 2140 ob
1922 2113 2049 2140 annos
2064 2101 2259 2140 ducentos
2278 2099 2443 2141 feliciter

432 2178 591 2210 exactos
624 2170 732 2208 haud
765 2168 819 2207 ita
851 2167 1005 2219 pridem
1039 2165 1207 2204 libenter
1236 2162 1449 2215 gratulati⁴‚
1480 2176 1561 2202 non
1596 2162 1727 2202 minus
1753 2162 1921 2202 libenter
1949 2161 2070 2202 hodie
2098 2161 2225 2201 virum
2252 2161 2441 2202 eximium

432 2234 648 2272 salutamus
667 2231 736 2282 qui
756 2229 935 2281 Collegio
955 2228 996 2268 in
1015 2229 1159 2268 eodem
1177 2234 1302 2266 artem
1322 2224 1515 2264 musicam
1535 2225 1732 2275 praeclare
1747 2225 1962 2275 profitetur.
2021 2223 2105 2262 Viri
2123 2222 2288 2263 huiusce
2306 2231 2441 2263 autem

432 2296 548 2343 fama,
579 2307 661 2333 non
694 2291 842 2344 patriae
867 2298 1022 2331 tantum
1051 2289 1196 2328 finibus
1226 2288 1390 2334 inclusa,
1421 2286 1540 2326 etiam
1569 2294 1676 2325 trans
1705 2298 1901 2325 oceanum
1933 2286 1986 2325 ad
2016 2298 2089 2324 nos
2115 2284 2270 2324 volavit.
2331 2286 2441 2325 Inter

432 2369 552 2408 opera
574 2355 658 2395 eius
687 2353 850 2405 egregia,
872 2365 975 2404 quae
1000 2363 1196 2390 annorum
1221 2349 1351 2388 minus
1375 2362 1495 2400 quam
1524 2346 1661 2399 viginti
1684 2347 1725 2386 in
1748 2346 1877 2398 spatio
1903 2346 2045 2398 exiguo
2068 2348 2157 2398 plus
2186 2359 2306 2398 quam
2330 2345 2442 2397 quin·

430 2419 619 2469 quaginta
637 2417 689 2456 ad
709 2427 917 2455 numerum
938 2412 1074 2460 edidit,
1094 2411 1187 2451 artis
1208 2410 1382 2450 musicae
1401 2409 1535 2461 peritis
1555 2416 1650 2448 nota
1674 2415 1766 2448 sunt
1789 2407 1983 2459 imprimis
2006 2407 2141 2448 Sancti
2165 2407 2441 2458 Christophori

430 2488 519 2519 acta
539 2478 668 2518 modis
688 2475 848 2516 musicis
863 2476 914 2514 ab
930 2487 979 2514 eo
993 2473 1340 2521 accommodata⁶;
1369 2471 1488 2511 etiam
1504 2483 1665 2522 peregre
1680 2477 1799 2510 notus
1815 2478 1874 2509 est
1894 2470 2047 2510 Cantus
2063 2469 2148 2509 eius
2164 2468 2440 2519 Peregrinus⁶;

431 2556 561 2594 neque
594 2541 725 2581 minus
758 2547 853 2579 nota
889 2541 898 2558 ‘
914 2540 1026 2577 Hora
1059 2536 1338 2585 Novissima’⁷,
1374 2542 1413 2575 et
1446 2547 1605 2574 carmen
1639 2533 1748 2581 illud,
1780 2532 1892 2572 cuius
1923 2532 1964 2571 in
1997 2532 2085 2583 ipso
2117 2530 2253 2570 limine
2288 2534 2439 2571 ‘astant

430 2606 661 2655 angelorum
680 2600 841 2641 chori’⁸.
900 2601 938 2639 N
942 2612 1020 2638 unc
1042 2611 1239 2638 annorum
1263 2604 1416 2648 septem
1439 2603 1529 2648 post
1552 2596 1707 2634 labores
1730 2593 1961 2645 professoris
1984 2593 2025 2633 in
2049 2606 2212 2633 munere
2238 2594 2439 2642 toleratos,

429 2667 524 2707 anni
551 2666 669 2706 unius
697 2665 780 2705 otio
809 2665 912 2703 bene
940 2670 1053 2714 parto
1081 2661 1219 2701 fruitur
1232 2675 1243 2710 ;
1276 2661 1347 2700 sed
1373 2673 1424 2699 ne
1456 2659 1497 2698 in
1525 2658 1608 2698 otio
1637 2657 1800 2708 quidem
1826 2656 1900 2695 arti
1928 2669 2022 2695 suae
2050 2655 2216 2695 eximiae
2243 2655 2437 2694 colendae

428 2729 564 2770 defuit.
624 2729 808 2780 Orpheus
828 2727 922 2778 ipse,
945 2725 977 2765 si
998 2738 1086 2765 vera
1105 2723 1212 2763 canit
1230 2722 1437 2774 Vergilius,
1455 2721 1574 2762 etiam
1594 2732 1828 2771 camporum
1850 2719 2073 2771 Elysiorum
2088 2718 2188 2758 inter
2203 2717 2284 2757 otia
2302 2716 2436 2757 divina

812 2806 820 2822 ‘
835 2802 1064 2852 obloquitur
1092 2797 1267 2838 numeris
1295 2803 1449 2847 septem
1477 2793 1706 2835 discrimina
1733 2806 1888 2841 vocum,

831 2856 991 2906 iamque
1020 2855 1162 2894 eadem
1190 2851 1332 2903 digitis,
1364 2850 1443 2890 iam
1472 2848 1630 2901 pectine
1659 2848 1789 2899 pulsat
1818 2846 2023 2886 eburno'9.

514 2937 526 2958 ¹
555 2939 589 2970 T
583 2939 622 2970 he
652 2937 783 2979 Oxsord
801 2936 1001 2979 quormers,
1031 2934 1125 2973 Colet,
1152 2933 1318 2965 Erasmus
1344 2930 1416 2962 and
1437 2930 1530 2961 More
1542 2940 1552 2967 ;
1583 2927 1649 2959 and
1679 2926 1746 2959 lee
1772 2926 1848 2957 Era
1873 2924 1914 2968 qf
1932 2924 1985 2956 tlte
2011 2924 2201 2956 Protestant
2223 2922 2432 2972 Revolutiqn.

427 2981 440 3001 ²
469 2983 535 3014 The
550 2981 696 3023 English
720 2981 844 3021 Village
863 2978 1087 3018 Community.
1254 2974 1267 2994 ³
1291 2978 1298 2992 ‘
1310 2974 1384 3005 The
1406 2982 1514 3022 weary
1530 2971 1640 3009 Titan,
1721 2971 1727 3011 Ι
1748 2969 1947 3011 Staggering
1962 2978 2006 2999 on
2022 2972 2057 2999 to
2072 2967 2132 2999 her
2145 2966 2245 3009 goal;
2265 2964 2270 3008 Ι
2291 2966 2433 3023 Beni-ing

428 3036 472 3058 on
488 3025 660 3057 shoulders
675 3023 847 3059 immense,
867 3022 872 3064 Ι
893 3023 1085 3059 Atlantean,
1104 3019 1161 3051 the
1176 3018 1265 3057 load‚
1288 3016 1293 3059 Ι
1314 3016 1485 3058 Wellmgh
1500 3020 1558 3046 not
1571 3020 1605 3046 to
1620 3014 1662 3045 be
1678 3013 1792 3050 borne,
1813 3015 1819 3054 Ι
1839 3011 1888 3044 Of
1900 3011 1957 3043 the
1973 3016 2030 3043 too
2045 3014 2117 3042 vast
2127 3010 2193 3060 ‘orb
2208 3008 2247 3041 of
2256 3009 2315 3041 her
2335 3008 2402 3041 fate
2422 3030 2432 3040 .

430 3069 594 3101 Matthew
609 3067 751 3104 Arnold,
767 3067 904 3098 Heine’s
923 3066 1041 3101 Grave,
1057 3062 1182 3106 quoted
1197 3062 1232 3092 in
1249 3061 1383 3092 Preface
1399 3064 1435 3091 to
1457 3059 1523 3090 The
1538 3057 1649 3098 Early
1673 3056 1795 3097 Village
1814 3055 2036 3094 Community,
2053 3064 2087 3095 p.
2103 3063 2172 3085 vui.
2253 3051 2268 3072 ⁴
2293 3062 2330 3093 13
2343 3052 2432 3094 June

432 3122 524 3154 1901.
669 3110 683 3130 ⁶
713 3111 780 3142 The
794 3109 925 3151 Legend
936 3108 978 3150 of
984 3109 1024 3139 St
1041 3106 1261 3147 Christoplzer.
1408 3102 1422 3123 ⁶
1444 3104 1475 3133 A
1502 3100 1707 3133 Wanderer’s
1721 3098 1847 3130 Psalm.
1991 3095 2005 3117 ⁷
2028 3097 2151 3128 Words
2165 3096 2210 3138 by
2225 3095 2374 3128 Bernard
2388 3094 2431 3127 de

428 3155 582 3187 Morlaix.
760 3152 773 3173 ⁸
798 3153 919 3185 Words
934 3152 979 3193 by
994 3150 1142 3183 Thomas
1154 3148 1174 3181 ὲ.
1190 3147 1341 3189 Kempis.
1519 3144 1533 3163 ¹³
1555 3146 1643 3176 Aen.
1659 3143 1693 3175 vi
1709 3141 1783 3184 646.

1397 3229 1412 3254 1
1421 3218 1470 3254 66
