2704 3770
767 318 975 367 Clzarles
1008 318 1180 367 Bootlz.
1254 318 1322 366 H
1317 301 1438 383 en&
1472 317 1748 383 Pz'ckerz'ng
1778 317 2049 367 Bowdz'tclz.

402 462 603 503 conversis
635 463 840 515 ingeniose
872 463 1115 515 disputavit1.
1175 465 1281 504 Illud
1314 477 1407 504 vero
1438 463 1632 504 felicitatis
1663 462 1904 513 conspicuae
1932 462 2219 501 documentum
2253 459 2414 501 Nestori

404 532 540 565 nostro
566 524 742 576 contigit,
764 525 873 576 quod
899 532 939 565 et
958 524 1127 565 Athenis
1153 533 1192 564 et
1216 524 1405 565 Londinii
1429 524 1714 564 architecturae
1736 522 1876 563 studiis
1902 522 1970 563 diu
1991 522 2160 571 deditus,
2183 535 2266 562 non
2290 522 2414 563 modo

404 587 538 627 Sancti
572 587 684 627 Pauli
717 587 907 628 ecclesiae
940 587 1175 627 cathedralis
1206 587 1246 627 in
1276 588 1450 628 culmine
1476 589 1547 628 sed
1576 587 1695 628 etiam
1726 586 1833 626 Iovis
1865 586 2040 638 Olympii
2068 588 2344 626 columnarum
2371 585 2413 625 in

405 649 560 701 fastigio
581 651 688 689 solus
711 650 892 689 omnium
917 650 1141 690 mortalium
1165 650 1352 690 constitit.
1410 652 1507 690 Viro
1532 652 1585 690 ad
1611 657 1762 690 tantam
1787 649 2038 690 altitudinem
2061 657 2199 690 evecto
2223 663 2307 689 non
2329 649 2415 689 sine

406 711 624 751 reverentia
644 713 818 763 quadam
838 712 879 751 in
900 713 977 752 hoc
998 709 1148 764 templo
1168 713 1330 753 honoris
1350 715 1524 753 lauream
1545 721 1719 753 nostram
1740 713 1833 753 laeti
1852 713 2115 753 decernimus.

515 775 632 813 Duco
669 775 721 814 ad
757 787 827 814 vos
866 774 1032 826 Collegii
1068 776 1331 827 Magdalenae
1362 777 1526 825 socium,
1563 775 1844 816 Britannorum
1875 777 2044 816 Scholae
2081 773 2414 827 Archaeologicae

407 835 644 876 Atheniensi
666 843 706 875 et
732 835 860 887 Regio
883 836 1202 877 Architectorum
1228 837 1416 878 Instituto
1443 852 1568 890 nuper
1594 839 1875 891 praepositum,
1898 841 2175 879 FRANCISCUM
2199 839 2415 879 CRANMER

410 899 619 938 PENROSE.
2351 899 2356 905 '

516 1026 629 1079 (292)
669 1026 829 1079 Imperii
868 1028 1010 1080 magni,
1044 1029 1197 1080 imperii
1232 1043 1319 1069 vere
1352 1030 1504 1082 paterni
1543 1030 1644 1070 inter
1677 1031 1806 1071 officia
1838 1039 1909 1079 est,
1944 1045 2026 1071 non
2059 1031 2226 1072 divitum
2260 1037 2414 1071 tanturn

408 1088 632 1128 commodis
655 1088 841 1129 inservire
867 1091 938 1130 sed
961 1103 1179 1142 pauperum
1206 1105 1367 1143 quoque
1396 1091 1436 1131 in
1463 1092 1743 1133 condicionem
1770 1092 1978 1144 inquirere,
1999 1106 2191 1144 pauperes
2216 1091 2415 1140 adiuvare,

409 1164 601 1202 pauperes
623 1152 675 1191 ad
701 1151 839 1191 altiora
864 1153 1009 1192 tollere.
1069 1154 1196 1193 Adest
1220 1153 1276 1193 vir
1299 1154 1367 1205 qui
1392 1154 1552 1206 ingenio
1576 1157 1732 1196 excelso
1756 1163 1795 1196 et
1818 1156 2010 1197 industria
2029 1156 2183 1196 infinita
2202 1155 2413 1208 praeditus,

409 1212 562 1264 imperii
596 1213 728 1265 magni
757 1214 888 1254 officio
921 1215 1093 1266 privatus
1124 1217 1283 1256 functus
1313 1224 1383 1265 est,
1416 1225 1455 1257 et
1488 1231 1707 1269 pauperum
1740 1218 1819 1259 vita
1847 1227 1886 1259 et
1919 1219 2120 1260 laboribus
2155 1218 2416 1259 minutissime

408 1276 625 1328 descriptis,
665 1277 795 1328 operis
834 1277 1021 1318 omnibus
1059 1279 1232 1318 numeris
1269 1279 1441 1320 absoluti
1483 1282 1682 1332 exemplar
1723 1281 1833 1322 domi
1870 1281 2042 1333 forisque
2079 1283 2131 1321 ad
2178 1280 2415 1321 imitandum

408 1338 595 1389 reliquit2.
652 1338 811 1378 Talium
833 1341 1003 1379 virorum
1023 1353 1045 1379 e
1064 1339 1277 1389 laboribus,
1300 1343 1437 1392 populi
1458 1341 1578 1381 totius
1598 1341 1837 1383 condicione
1855 1350 2036 1382 accurate
2060 1342 2228 1394 cognita,
2249 1349 2289 1382 et
2310 1343 2416 1394 leges

409 1401 539 1441 bonae
559 1408 598 1441 et
618 1401 873 1442 humanitatis
895 1403 997 1442 bene
1017 1410 1258 1454 temperatae
1278 1403 1407 1443 officia
1427 1404 1654 1444 exoriuntur
1667 1419 1678 1453 3
1706 1405 1844 1444 talium
1864 1404 2035 1444 virorum
2061 1419 2083 1445 e
2106 1404 2308 1444 laboribus
2333 1417 2416 1444 non

405 1464 527 1503 modo
547 1462 736 1514 temporis
755 1463 937 1503 hodierni
957 1464 1119 1503 historia
1138 1465 1217 1504 fide
1237 1464 1358 1516 digna
1377 1465 1608 1514 contexitur,
1631 1467 1703 1506 sed
1722 1466 1841 1506 etiam
1863 1467 1903 1506 in
1919 1474 2121 1518 posterum
2137 1464 2309 1506 melioris
2328 1464 2416 1505 aevi

407 1525 602 1564 adventus
622 1526 741 1576 paulo
760 1525 922 1576 propius
942 1525 1153 1565 adducitur
1165 1540 1176 1574 3
1206 1526 1343 1566 talium
1367 1527 1536 1567 virorum
1561 1541 1583 1567 e
1606 1528 1808 1568 laboribus
1831 1527 1950 1567 officii
1973 1527 2138 1567 humani
2163 1527 2330 1568 formula
2352 1526 2419 1566 illa

409 1585 552 1634 divina,
583 1599 607 1625 a
640 1587 791 1626 Seneca
821 1588 1026 1638 quondam
1057 1588 1226 1635 laudata,
1258 1590 1393 1629 denuo
1426 1603 1516 1628 vera
1550 1603 1636 1629 esse
1669 1589 1951 1641 comprobatur
1965 1591 2174 1629 :—‘omne
2202 1590 2280 1628 hoc
2307 1589 2416 1640 quod

407 1648 530 1696 vides,
564 1662 645 1700 quo
683 1649 817 1690 divina
848 1658 968 1702 atque
1001 1651 1175 1690 humana
1209 1652 1398 1691 conclusa
1435 1659 1538 1701 sunt,
1574 1665 1699 1691 unum
1737 1659 1820 1701 est,
1863 1651 2041 1691 membra
2073 1664 2210 1691 sumus
2243 1650 2417 1703 eorporis

410 1710 594 1762 magniffl.

518 1774 636 1812 Duco
665 1774 717 1813 ad
750 1786 820 1813 vos
846 1773 972 1813 virum
1003 1781 1042 1814 et
1071 1775 1122 1814 de
1151 1774 1291 1814 studiis
1320 1775 1589 1816 oeconomicis
1617 1783 1657 1816 et
1690 1777 1741 1816 de
1773 1777 1924 1828 populo
1958 1775 2187 1816 Britannico
2220 1775 2418 1827 praeclare

410 1833 606 1882 meritum,
638 1835 851 1875 CARoLUM
881 1836 1043 1875 ΒοοΤΗ.

1181 2050 1238 2097 25
1276 2037 1481 2101 August
1523 2039 1646 2098 1898

437 2154 666 2218 Meetz'ng
697 2154 762 2217 of
784 2154 863 2201 tlze
898 2154 1277 2204 Internatz'onal
1310 2155 1598 2219 Congresses
1632 2156 1696 2219 of
1719 2156 1767 2203 Z
1767 2157 1929 2220 oology
1963 2157 2070 2204 and
2098 2157 2395 2222 Physz'ology

520 2270 632 2322 (293)
674 2272 726 2309 IN
752 2269 840 2321 ipso
863 2269 999 2310 limine
1024 2271 1151 2311 laudis
1176 2278 1334 2312 nostrae
1357 2271 1455 2311 nihil
1477 2272 1718 2324 auspicatius
1739 2273 1983 2321 arbitramur,
2005 2286 2125 2324 quam
2148 2280 2207 2313 tot
2230 2273 2344 2322 viros,
2366 2274 2418 2314 de

410 2331 611 2382 zoologiae
644 2339 683 2371 et
716 2331 986 2383 physiologiae
1019 2332 1159 2372 studiis
1199 2333 1301 2373 bene
1334 2335 1507 2383 meritos,
1542 2348 1566 2374 a
1599 2342 1658 2374 tot
1690 2334 1797 2374 orbis
1831 2342 2019 2374 terrarum
2053 2334 2229 2386 partibus
2259 2336 2312 2375 ad
2343 2349 2418 2376 nos

410 2396 609 2443 advectos,
637 2394 880 2434 Academiae
906 2394 1069 2435 nomine
1102 2395 1238 2435 iubere
1271 2397 1429 2436 salvere.
1490 2398 1599 2436 Dum
1632 2397 1819 2437 omnibus
1848 2397 2025 2449 Collegia
2057 2404 2202 2446 nostra,
2232 2396 2422 2437 omnibus

410 2457 530 2498 etiam
560 2459 681 2497 corda
715 2465 848 2497 nostra
875 2457 1100 2509 pandimus,
1131 2471 1256 2497 unum
1287 2465 1393 2498 certe
1425 2458 1561 2499 animo
1589 2472 1713 2510 prope
1742 2460 1912 2500 fraterno
1942 2462 2268 2511 contemplamur,
2299 2459 2368 2511 qui
2395 2472 2419 2498 a

410 2521 592 2561 fratribus
616 2520 758 2561 nostris
786 2520 1055 2561 transmarinis
1077 2522 1129 2561 ad
1154 2534 1226 2561 nos
1253 2521 1515 2571 transmissus,
1537 2522 1668 2562 cordis
1692 2522 1921 2574 praesertim
1945 2523 1996 2562 de
2020 2530 2131 2562 motu
2151 2521 2355 2574 reciproco
2379 2528 2419 2561 et

411 2582 507 2622 olim
535 2589 575 2622 et
601 2596 726 2634 nuper
751 2584 920 2634 plurima
947 2582 1118 2634 protulit.
1179 2583 1294 2622 Idem
1323 2583 1364 2622 in
1394 2585 1663 2623 musculorum
1692 2591 1732 2623 et
1754 2584 2006 2623 ‘nervorum'
2030 2582 2090 2635 (ut
2117 2583 2245 2636 aiunt)
2264 2582 2420 2635 physio-

411 2644 556 2696 logiam
580 2647 749 2685 multum
775 2645 986 2697 inquisivit,
1008 2658 1139 2696 neque
1163 2645 1442 2697 psychologiae
1471 2645 1712 2697 provinciam
1742 2645 1911 2686 vicinam
1938 2645 2221 2697 inexploratam
2250 2644 2416 2696 reliquit.

414 2708 548 2748 Huius
577 2709 769 2760 imprimis
802 2711 984 2761 exemplo
1017 2716 1056 2749 et
1085 2709 1316 2749 auctoritate
1350 2710 1498 2749 factum
1527 2717 1596 2758 est,
1628 2718 1671 2749 ut
1704 2709 1823 2749 etiam
1854 2717 1960 2749 trans
1993 2722 2142 2760 aequor
2173 2707 2418 2748 Atlanticum

414 2772 682 2824 physiologiae
718 2773 849 2813 studia
889 2787 996 2813 nunc
1038 2772 1208 2812 maxime
1248 2772 1425 2821 floreant,
1465 2779 1588 2823 utque
1622 2773 1755 2811 matris
1791 2773 1919 2811 almae
1961 2769 2297 2822 Cantabrigiensis
2340 2769 2420 2809 filia

415 2834 684 2882 transmarina,
719 2834 882 2874 nomine
919 2835 1064 2874 eodem
1098 2841 1337 2885 nuncupata,
1373 2833 1594 2874 studiorum
1631 2833 1787 2873 illorum
1825 2833 1939 2872 sedes
1970 2831 2048 2871 iam
2081 2831 2235 2883 pridem
2273 2830 2421 2872 consti-

415 2901 499 2934 tuta
519 2896 578 2935 sit.

525 2959 643 2997 Duco
662 2959 714 2997 ad
733 2971 803 2997 vos
824 2959 1064 2997 HENRICUM
1086 2958 1327 2996 PchERlNG
1347 2957 1609 2997 Bomecff‘.

502 3046 514 3069 1
544 3048 577 3079 T
571 3047 610 3079 lte
629 3048 838 3080 Orientatz'em
853 3047 894 3089 os
904 3047 1004 3079 Greek
1026 3047 1059 3078 T
1052 3048 1167 3089 emples
1183 3048 1432 3086 (Transactions
1448 3047 1487 3080 of
1497 3047 1553 3080 the
1571 3047 1679 3089 Royal
1696 3046 1840 3089 Society,
1863 3047 2014 3089 1893-7).
2227 3045 2241 3065 ²
2261 3045 2339 3088 Life
2351 3046 2424 3078 and

416 3091 551 3122 Labour
563 3091 605 3131 of
611 3091 664 3123 the
679 3092 791 3133 People
804 3091 841 3122 in
858 3091 1006 3127 London,
1023 3090 1101 3122 nine
1116 3090 1211 3127 vols„
1233 3091 1369 3133 1891—7.
1494 3090 1508 3111 ³
1530 3092 1596 3133 Ep.
1614 3101 1666 3133 95,
1686 3101 1737 3131 52.
1868 3089 1883 3109 ⁴
1906 3090 2037 3122 Author
2052 3090 2091 3122 of
2102 3100 2220 3132 papers
2234 3090 2269 3121 in
2285 3089 2419 3123 Studies

415 3134 500 3165 from
517 3133 685 3175 Ludwig’s
703 3134 919 3176 Laboratory‚
936 3134 1003 3165 and
1019 3133 1053 3165 in
1059 3134 1215 3175 Journal
1227 3134 1267 3175 qf
1274 3135 1479 3176 Physzbhgy,
1499 3136 1565 3166 and
1581 3135 1763 3166 American
1769 3134 1926 3176 Journal
1938 3133 1977 3175 qs
1988 3133 2189 3174 Physiology.

1388 3218 1462 3254 140
