2704 3770
560 327 705 393 John
754 328 941 392 Wogan
976 327 1192 390 Festz‘ng.
1273 326 1457 390 George
1496 326 1701 390 Rodney
1736 326 1895 375 Eden.

216 473 394 526 antiquis
416 472 513 514 olim
539 473 874 513 commemorata¹
894 479 934 512 et
960 471 1013 511 ab
1042 473 1121 510 hoc
1149 470 1233 511 viro
1258 470 1299 510 in
1327 470 1490 510 latebris
1519 470 1604 510 eius
1631 470 1875 510 silvestribus
1899 471 2035 511 denuo
2064 473 2252 513 detecta?

217 537 330 589 Quid
348 537 402 578 de
420 537 561 576 Lunae
580 535 820 583 montibus²‚
842 548 925 576 non
945 533 1025 575 iam
1046 533 1269 574 fabularum
1287 533 1529 573 incertarum
1545 533 1654 574 nube
1673 533 1862 574 involutis
1878 535 1950 574 sed
1969 534 2142 575 veritatis
2161 537 2252 577 luce

216 612 327 640 nunc
356 599 522 640 demum
556 597 789 638 illustratis?
845 596 957 648 Quid
995 597 1047 637 de
1081 595 1164 636 Nili
1198 595 1361 648 origine,
1398 595 1501 636 inter
1534 597 1644 635 lacus
1680 608 1846 647 magnos
1881 596 2134 636 Ptolemaeo³
2168 610 2250 637 non

216 663 377 716 ignotos
405 661 525 702 etiam
553 660 725 713 amplius
756 661 985 713 patefacta?
1040 659 1179 700 Nostis
1208 659 1330 700 verba
1360 672 1385 699 a
1412 664 1533 711 poeta
1563 660 1752 699 Romano
1782 659 1943 700 Caesari
1974 660 2181 710 quondam
2211 660 2252 700 in

215 726 402 778 Aegypto
420 723 592 764 tributa:
625 726 738 775 ‘spes
764 722 815 763 sit
839 721 938 762 mihi
961 729 1070 762 certa
1094 721 1260 762 videndi
1287 720 1466 761 Niliacos
1493 722 1638 768 fontes,
1659 720 1811 761 bellum
1837 719 1952 760 civile
1976 720 2198 773 relinquam
2212 721 2248 761 '⁴.

218 787 444 842 Regionem
463 787 582 840 igitur
600 800 722 840 quam
743 787 901 835 Caesar,
926 785 1210 826 Britannorum
1230 784 1367 835 victor,
1390 797 1551 824 cernere
1575 783 1822 836 nequiquam
1845 783 2058 835 exoptavit,
2080 785 2252 824 eandem

213 851 344 906 gentis
374 850 628 892 Britannicae
657 851 855 900 alumnus,
892 849 1082 891 Cambria
1114 849 1155 888 in
1190 855 1326 889 nostra
1359 856 1477 889 natus
1511 855 1551 888 et
1583 847 1770 888 fratribus
1801 848 1946 888 nostris
1980 848 2252 888 transmarinis

215 921 358 967 postea
379 913 614 966 adscriptus,
636 912 832 953 comitum
860 912 1023 953 fortium
1049 919 1090 953 et
1114 911 1294 953 fidelium
1321 925 1414 952 cum
1440 911 1598 961 auxilio,
1621 912 1702 952 fide
1727 911 1936 960 indomita,
1962 912 2254 964 perseverantia

216 977 428 1028 indefessa,
445 976 680 1018 fortitudine
698 974 899 1028 intrepida
918 975 1045 1015 victor
1063 974 1295 1028 peragravit.
1355 975 1436 1025 Qui
1457 976 1627 1015 salutem
1647 973 1754 1014 aliis⁵
1773 974 1965 1015 audacter
1984 975 2140 1024 obtulit,
2158 989 2252 1016 eum

215 1039 349 1094 ipsum
377 1039 500 1081 hodie
528 1052 577 1079 ex
603 1037 741 1078 animo
770 1037 956 1079 iubemus
985 1039 1148 1078 salvere.

326 1104 447 1143 Duco
464 1103 518 1143 ad
537 1114 609 1142 vos
628 1100 756 1142 virum
775 1102 828 1142 de
847 1100 982 1142 Africa
1001 1102 1203 1154 praeclare
1224 1100 1423 1150 meritum,
1448 1102 1694 1141 Hmuucum
1717 1102 1966 1141 MORTLAKE
1985 1102 2191 1142 STANLEY.

1049 1229 1078 1274 6
1115 1225 1247 1275 Nov.
1296 1227 1424 1287 1890

325 1350 442 1404 (167)
474 1351 629 1392 SANCTI
653 1350 802 1391 Albani
827 1352 959 1400 aedes,
982 1351 1040 1391 uti
1064 1351 1190 1391 nostis
1212 1363 1367 1399 omnes,
1389 1350 1431 1390 in
1451 1350 1613 1403 regione
1632 1349 1764 1402 posita
1783 1356 1853 1399 est,
1876 1363 1980 1402 quae
1999 1349 2252 1402 aliquatenus

215 1414 304 1469 ipsa
321 1413 400 1455 loci
418 1413 675 1461 amoenitate,
698 1414 826 1453 multo
845 1420 980 1453 autem
1002 1412 1127 1465 magis
1151 1427 1282 1453 rerum
1308 1413 1529 1465 antiquitus
1556 1412 1613 1453 ibi
1639 1419 1839 1465 gestarum
1863 1413 1970 1452 fama
1990 1419 2050 1452 est
2073 1412 2250 1465 insignis.

218 1477 284 1518 Ibi
303 1477 511 1529 quondam
531 1483 614 1516 erat
633 1474 908 1517 Cassivelauni
928 1475 1136 1527 oppidum,
1152 1475 1259 1515 silvis
1279 1475 1576 1527 paludibusque
1596 1475 1841 1523 munitum⁶;
1870 1474 1938 1523 ibi,
1961 1474 2142 1516 Caesaris
2161 1482 2254 1527 post

217 1538 437 1588 victoriam,
457 1537 734 1579 Verulamium
754 1537 1019 1590 municipium
1040 1540 1273 1579 Romanum
1293 1537 1568 1587 constitutum,
1589 1552 1613 1578 a
1636 1537 1772 1590 regina
1796 1537 1998 1578 Boadicea
2020 1537 2209 1587 dirutum,
2230 1551 2255 1578 a

219 1601 414 1644 Suetonio
442 1600 612 1641 Paulino
641 1601 778 1641 denuo
807 1600 1049 1641 conditum⁷.
1107 1602 1188 1641 Sed
1216 1600 1295 1641 loci
1318 1600 1453 1652 gloria,
1476 1614 1568 1640 cum
1598 1607 1658 1640 tot
1686 1599 1919 1640 nominibus
1947 1599 2176 1649 coniuncta,
2201 1599 2254 1640 ab

218 1667 345 1706 altero
368 1664 410 1705 in
433 1666 603 1705 alterum
629 1664 741 1705 vallis
767 1666 871 1704 latus
893 1664 1130 1705 iamdudum
1159 1664 1324 1714 transiit,
1346 1664 1532 1717 circaque
1561 1666 1699 1704 fanum
1729 1672 1942 1714 vetustum,
1964 1677 2092 1716 nuper
2116 1665 2253 1705 denuo

218 1728 495 1775 instauratum,
534 1734 721 1775 moratur,
762 1727 832 1767 ubi
870 1726 1005 1767 militis
1040 1727 1227 1776 Romani,
1263 1727 1492 1768 Britanniae
1530 1727 1654 1768 totius
1688 1727 1868 1780 martyris
1901 1727 2029 1780 primi,
2065 1727 2254 1780 reliquiae

218 1793 427 1846 quondam
461 1798 719 1833 conservatae
748 1791 871 1832 fuisse
901 1791 1172 1843 perhibentur.
1232 1792 1374 1844 Nuper
1406 1798 1554 1840 autem,
1587 1790 1843 1843 episcopatus
1872 1793 1968 1832 sede
2002 1791 2056 1831 ibi
2088 1789 2255 1831 feliciter

219 1855 448 1904 constituta,
482 1855 575 1895 loco
605 1854 826 1907 antiquitus
856 1854 1002 1906 insigni
1032 1868 1137 1895 nova
1167 1855 1273 1894 fama
1303 1854 1480 1894 accessit.
1541 1854 1809 1907 Episcopatus
1842 1855 1946 1895 illius
1980 1856 2177 1895 honorem
2206 1868 2254 1895 ex

217 1917 392 1959 alumnis
422 1917 567 1959 nostris
600 1918 670 1957 uni
701 1917 930 1969 nuperrime
961 1917 1178 1970 contigisse
1209 1918 1414 1966 laetamur,
1451 1917 1520 1970 qui
1553 1918 1703 1959 abhinc
1733 1932 1862 1959 annos
1896 1918 2055 1971 triginta
2085 1917 2255 1970 Collegii

218 1980 381 2021 maximi
399 1987 484 2021 erat
502 1981 733 2033 discipulus,
755 1981 867 2032 quod
886 1979 990 2020 inter
1007 1981 1194 2021 alumnos
1213 1993 1307 2020 suos
1331 1980 1501 2021 illustres
1526 1980 1784 2021 Franciseum
1812 1983 2029 2030 Baconem‚
2053 1983 2253 2021 Baronem

217 2043 576 2094 Verulamiensem‚
606 2043 728 2084 fuisse
754 2043 954 2096 gloriatur.
1013 2045 1182 2084 Gratum
1214 2044 1408 2095 Collegio,
1439 2051 1595 2097 gratum
1626 2043 1884 2093 Academiae,
1914 2045 2025 2096 quod
2054 2043 2125 2084 viri
2154 2043 2254 2084 tanti

218 2107 414 2149 memoria
441 2106 578 2148 Sancti
602 2106 752 2147 Albani
780 2120 874 2147 cum
903 2106 1056 2159 oppido
1084 2107 1342 2159 Cantabrigia
1375 2114 1435 2148 est
1467 2109 1603 2149 adhuc
1633 2107 1874 2148 consociata.
1934 2110 2104 2148 Gratum
2133 2108 2254 2149 etiam

218 2170 353 2220 hodie,
383 2171 495 2224 quod
524 2171 832 2212 necessitudinis
861 2170 1021 2211 vincula
1048 2171 1115 2211 illa
1146 2179 1280 2212 vetera
1303 2171 1483 2224 episcopi
1514 2171 1608 2213 novi
1637 2172 1803 2213 nomine
1831 2174 1968 2214 denuo
1997 2180 2186 2213 renovata
2214 2179 2254 2214 et

219 2233 456 2275 confirmata
485 2242 589 2275 sunt.

327 2295 457 2337 Vobis
471 2303 684 2349 praesento
700 2295 849 2337 Christi
865 2295 1033 2337 militem
1049 2303 1268 2346 strenuum,
1287 2298 1442 2348 fortem,
1460 2298 1636 2346 fidelem,
1651 2299 1857 2339 IOANNEM
1873 2300 2039 2340 WOGAN
2054 2301 2251 2348 FESTmG,

220 2357 358 2399 Sancti
377 2359 527 2400 Albani
545 2358 652 2400 sedis
671 2358 908 2411 episcopum
928 2367 1220 2400 consecratum.

1044 2489 1104 2535 28
1130 2487 1259 2552 san.
1308 2490 1426 2548 1891

330 2603 447 2658 (168)
467 2606 691 2646 TEMPORIS
710 2604 858 2658 iniquis
878 2605 1055 2646 inclusus
1076 2606 1224 2659 spatiis,
1247 2607 1385 2648 nescio
1405 2621 1487 2660 quo
1506 2608 1760 2660 potissimum
1782 2608 1997 2660 praeconio
2017 2608 2252 2661 episcopum

221 2669 478 2710 Dubrensem
507 2668 753 2710 Academiae
780 2668 944 2709 nomine
973 2668 1155 2721 excipere
1184 2669 1368 2710 debeam.
1428 2671 1656 2712 Salutamus
1686 2679 1820 2711 tamen
1850 2670 2020 2711 libenter
2043 2673 2252 2711 alumnum

220 2738 415 2779 nostrum,
435 2731 606 2785 Collegii
627 2732 948 2782 Pembrochiani‚
972 2733 1141 2785 Collegii
1168 2747 1259 2774 vere
1282 2733 1531 2786 episcopalis,
1555 2736 1762 2787 quondam
1786 2735 2039 2787 discipulum,
2062 2735 2189 2776 virum
2214 2743 2254 2776 et

219 2793 359 2836 litteris
391 2794 695 2835 humanioribus
729 2802 769 2835 et
802 2795 1029 2848 theologiae
1059 2795 1202 2836 studiis
1236 2798 1450 2846 excultum,
1486 2797 1554 2849 qui
1587 2811 1668 2838 non
1704 2799 1828 2838 modo
1866 2805 2029 2850 propter
2066 2796 2252 2838 eximiam

219 2856 470 2898 Testamenti
508 2856 653 2898 Graeci
689 2857 873 2909 peritiam
911 2859 983 2899 sed
1021 2858 1141 2898 etiam
1181 2859 1235 2899 ob
1277 2859 1495 2900 litterarum
1533 2861 1793 2913 Anglicarum
1831 2863 2015 2914 exempla
2053 2863 2252 2914 quaedam

220 2918 386 2971 egregia,
401 2918 553 2970 optime
573 2921 615 2959 in
635 2921 713 2960 hoc
733 2919 821 2972 ipso
841 2922 932 2961 loco
952 2920 1125 2970 recitata,
1141 2921 1290 2961 abhinc
1309 2935 1438 2962 annos
1454 2924 1534 2964 fere
1554 2924 1746 2964 tredecim
1767 2923 1946 2977 praemio
1964 2925 2017 2964 ab
2033 2925 2255 2965 Academia

221 2988 283 3022 est
300 2982 495 3022 ornatus⁸.
553 2983 700 3023 Postea
719 2982 899 3036 episcopi
915 2983 1214 3033 Dunelmensis‚
1232 2998 1354 3036 quem
1370 2998 1498 3037 nuper
1518 2986 1783 3036 deflevimus⁰‚
1806 2988 1887 3027 sere
1907 2988 2049 3028 decem
2064 3000 2194 3028 annos
2213 2994 2254 3028 et

309 3070 405 3122 ¹·e.g.
422 3073 596 3114 Aristode,
614 3074 707 3107 Hist.
721 3075 792 3107 An.
809 3074 867 3108 viii
887 3085 936 3116 14.
1083 3074 1097 3095 ²
1121 3076 1208 3109 Ptol.
1226 3076 1259 3110 iv
1275 3078 1295 3110 8
1312 3078 1348 3117 ἐξ
1363 3087 1392 3119 3,
1413 3077 1446 3110 6.
1594 3076 1608 3098 ³
1631 3078 1664 3111 iv
1680 3089 1700 3122 9
1716 3079 1734 3118 ξ
1751 3089 1781 3121 3.
1928 3078 1943 3100 ⁴
1965 3079 2094 3120 Lucan,
2112 3090 2132 3112 x
2153 3088 2209 3121 191
2226 3078 2248 3112 f.

223 3114 238 3136 ³
259 3116 481 3166 Liyingstone
497 3116 611 3160 (1871)
625 3118 693 3150 and
709 3118 810 3151 Emin
828 3119 938 3152 Pasha
952 3118 1007 3163 (²9
1019 3119 1104 3163 Apr.
1122 3121 1231 3160 1888).
1321 3120 1335 3142 ⁶
1359 3121 1493 3159 Caesar,
1512 3121 1555 3154 B.
1570 3122 1610 3155 G.
1626 3133 1647 3155 v
1666 3133 1718 3155 21.
1807 3122 1822 3144 ⁷
1844 3123 1993 3163 Tacitus,
2011 3125 2108 3156 Ann.
2126 3123 2182 3156 xiv
2198 3133 2251 3166 33.

222 3159 237 3181 ⁸
259 3160 471 3194 Wmchester
487 3161 641 3204 Reading
659 3162 762 3200 Prize‚
786 3162 886 3205 1876;
910 3163 1016 3197 Carus
1032 3164 1146 3197 Greek
1163 3165 1358 3198 Testament
1376 3165 1479 3206 Prize‚
1503 3167 1595 3208 1878.
1743 3165 1757 3186 ⁹
1776 3167 1808 3210 J.
1827 3167 1865 3199 B.
1884 3167 2069 3210 Lightfoot,
2088 3168 2135 3200 ob.
2156 3167 2252 3211 1889.

1220 3239 1271 3289 85
