2704 3770
625 360 777 412 Lord
803 361 957 425 Reay.
1031 359 1245 408 Samuel
1272 358 1485 408 Drz'ver.
1557 359 1734 408 Franz
1768 361 1948 410 Ehrle.

383 506 500 560 (419)
538 507 666 547 Adest
703 505 825 547 etiam
862 504 921 545 vir
949 506 1048 545 alter
1081 503 1306 557 linguarum
1340 502 1481 556 peritia
1510 503 1688 556 insignis,
1725 504 1794 556 qui
1828 504 1931 545 inter
1964 507 2192 547 Caledones
2223 506 2311 559 (qui

273 569 425 623 ubique
442 577 635 610 terrarum
656 568 835 609 sentiunt
854 581 941 608 sese
961 580 1048 607 esse
1072 565 1202 619 domi)
1222 565 1352 618 gentis
1375 565 1536 606 illustris
1561 565 1831 619 principatum
1855 566 2023 607 obtinet.
2081 567 2190 608 Olim
2209 568 2312 608 inter

276 634 450 674 Batavos
483 631 583 680 illos,
614 630 790 683 primum
820 628 989 678 Erasmi,
1019 627 1168 669 deinde
1198 627 1371 669 Bentleii
1399 627 1441 669 in
1465 630 1627 669 saeculo
1656 628 1869 668 nobiscum
1898 627 2115 668 litterarum
2145 629 2311 670 vinculis

274 694 541 744 consociatos,
571 700 690 733 natus
721 699 792 733 est.
851 693 1008 740 Postea,
1041 690 1215 743 primurn
1248 690 1529 731 Universitatis
1564 689 1848 739 Caledonieae,
1884 690 1949 730 cui
1984 703 2133 731 nomen
2166 691 2312 732 indidit

275 758 446 798 Sanctus
471 757 667 804 Andreas,
689 761 820 795 rector
845 753 1112 803 constitutus;
1145 753 1295 794 deinde
1325 752 1468 793 Indiae
1497 752 1760 793 occidentalis
1788 751 2018 804 provinciae
2048 766 2217 805 magnae
2242 768 2313 806 per

275 819 598 873 quinquennium
624 818 886 870 praeposituS‚
908 824 948 857 et
974 818 1026 857 de
1052 818 1204 869 populo
1228 824 1314 857 toto
1338 817 1552 858 educando
1577 825 1616 857 et
1637 818 1689 858 de
1713 816 1856 857 Indiae
1875 816 2062 868 gentibus
2082 817 2313 857 commercii

274 882 443 924 vinculis
462 882 566 922 inter
585 894 673 921 sese
687 879 982 932 coniungendis
998 881 1197 932 praeclare
1213 879 1377 921 meritus
1390 895 1402 930 3
1430 879 1634 933 deinceps,
1652 880 1755 921 inter
1776 880 2083 929 Londinienses,
2102 887 2141 920 et
2162 881 2313 933 Regiae

274 943 465 986 Societati
487 942 699 991 Asiaticae,
729 949 769 982 et
799 941 1078 982 Universitatis
1106 942 1391 983 Londiniensis
1420 943 1614 995 Collegio,
1643 949 1683 983 et
1712 942 1899 984 Concilio
1928 955 2075 995 magno
2101 944 2153 982 de
2179 943 2314 983 liberis

273 1005 496 1048 educandis
522 1004 754 1053 constitut0,
778 1004 903 1044 multa
922 1017 1016 1044 cum
1038 1006 1159 1045 laude
1177 1004 1357 1056 praefuit,
1418 1006 1560 1057 Nuper
1578 1004 1755 1057 denique
1775 1006 1976 1045 honorum
1996 1005 2191 1054 omniurn,
2212 1005 2315 1046 inter

274 1070 489 1114 Britannos
518 1070 659 1109 saltem
689 1075 906 1120 gestorum,
933 1068 1043 1107 velut
1073 1069 1259 1108 cumulus
1289 1067 1459 1108 accessit
1486 1068 1555 1109 illo
1582 1068 1660 1118 die,
1689 1082 1770 1121 quo
1801 1068 2041 1109 Litterarum
2069 1069 2315 1109 Academiae

275 1132 531 1174 Britannicae
569 1131 719 1171 abhinc
765 1143 895 1170 annos
942 1138 1133 1183 quattuor
1179 1131 1355 1184 primum
1403 1132 1592 1173 conditae
1640 1146 1800 1185 praeses
1843 1133 1995 1184 primus
2034 1140 2094 1174 est
2132 1141 2311 1173 vocatus.

274 1194 520 1236 Academiae
552 1193 657 1234 illius
687 1193 729 1233 in
763 1192 947 1244 praeside
979 1193 1148 1243 habetis,
1183 1194 1431 1243 Academici,
1465 1194 1534 1234 viri
1575 1202 1616 1235 et
1648 1194 1873 1247 linguarum
1908 1195 2049 1247 peritia
2083 1209 2241 1236 summa
2274 1203 2314 1235 et

272 1257 418 1300 artium
456 1257 680 1299 liberalium
718 1256 931 1310 disciplina
968 1264 1008 1297 et
1039 1271 1198 1299 morum
1231 1258 1457 1299 urbanitate
1495 1259 1640 1300 eximia
1673 1267 1712 1300 et
1751 1259 1921 1300 naturali
1955 1261 2131 1312 quadam
2164 1259 2314 1312 ingenii

277 1321 513 1363 dexteritate
541 1319 712 1373 praediti
740 1321 954 1373 exemplar.

387 1387 508 1426 Duco
527 1386 580 1426 ad
600 1397 671 1425 vos
690 1383 819 1424 virum
839 1385 1064 1426 admodum
1083 1385 1376 1434 honorabilem,
1399 1387 1616 1426 BARoNEM
1639 1388 1773 1426 REAY.

385 1499 501 1554 (420)
521 1498 697 1539 Vinculo
720 1497 975 1539 fraternitatis
1003 1499 1202 1540 artissimo
1228 1513 1321 1539 curn
1350 1499 1621 1540 Universitate
1644 1508 1780 1541 nostra
1806 1501 2046 1542 coniunctus
2073 1509 2133 1542 est
2155 1501 2315 1554 linguae

277 1564 506 1606 Hebraicae
519 1565 720 1615 professor
734 1563 885 1615 Regius
898 1563 1153 1605 Oxoniensis.
1195 1564 1366 1604 Scholae
1378 1563 1653 1604 Wintonensis
1669 1566 1876 1616 quondam
1893 1564 2125 1617 discipulus,
2144 1565 2315 1618 Collegii

277 1627 386 1669 Novi
404 1634 545 1680 postea
565 1625 710 1675 socius,
732 1625 790 1665 vir
809 1624 1029 1666 litterarum
1050 1627 1294 1666 Graecarum
1315 1625 1549 1666 Latinarum
1574 1626 1868 1667 Hebraicarum
1894 1627 2142 1679 Syriacarum
2169 1627 2312 1679 peritia

276 1689 452 1743 insignis,
485 1689 589 1729 inter
621 1687 711 1728 illos
741 1695 972 1728 numeratus
1006 1695 1077 1738 est,
1111 1688 1181 1740 qui
1213 1688 1467 1729 Testamenti
1499 1687 1657 1728 Veteris
1690 1688 1800 1729 libris
1838 1689 1880 1729 in
1918 1689 2096 1742 linguam
2134 1698 2312 1730 nostram

275 1753 500 1795 accuratius
538 1752 755 1794 reddendis
794 1766 924 1792 annos
962 1760 1056 1793 octo
1094 1752 1343 1803 dedicarunt.
1403 1751 1604 1792 Britannis
1642 1751 1898 1803 potissimum
1937 1753 2023 1793 noti
2061 1760 2155 1793 sunt
2193 1754 2314 1796 Com-

277 1817 472 1867 mentarii,
493 1816 744 1858 Testamenti
770 1816 874 1856 illius
898 1816 938 1856 in
965 1815 1088 1856 libros
1113 1815 1291 1868 singulos
1319 1815 1372 1855 ab
1398 1828 1448 1855 eo
1474 1814 1691 1868 conscripti
1703 1830 1715 1865 5
1743 1815 1865 1856 etiam
1890 1815 1993 1856 inter
2021 1823 2205 1857 externos
2228 1829 2313 1857 non

276 1881 414 1934 ignota
442 1883 734 1934 Prolegomena
766 1883 1030 1921 Testamento
1061 1879 1117 1920 illi
1150 1879 1224 1920 toti
1257 1879 1494 1919 illustrando
1528 1876 1749 1919 destinati¹.
1809 1878 1919 1919 Olim
1950 1892 2034 1919 non
2065 1879 2152 1920 sine
2180 1881 2314 1922 favore

276 1951 467 1998 exceptus
495 1950 555 1985 est
583 1943 684 1983 liber
711 1943 764 1983 de
792 1942 1065 1994 Temporibus
1095 1941 1392 1983 Hebraicorum
1422 1941 1650 1981 Verborum
1679 1941 1837 1991 editus;
1874 1941 1995 1982 etiam
2026 1942 2069 1982 in
2097 1942 2314 1983 Thesauris

276 2006 442 2048 Biblicis
471 2007 580 2047 lucet
609 2006 695 2046 eius
727 2004 924 2053 eruditio,
962 2019 1014 2046 ne
1047 2004 1163 2045 lexici
1196 2004 1362 2056 quidem
1397 2002 1592 2044 Hebraici
1622 2004 1828 2044 condendi
1858 2004 2039 2045 laborem
2069 2004 2313 2046 immensum

275 2069 533 2122 pertimescit.
591 2067 759 2117 Videtis,
791 2068 1038 2116 Academici,
1070 2067 1199 2108 virum
1232 2067 1475 2119 philologiae
1506 2066 1669 2107 dotibus
1699 2067 1853 2108 eximiis
1886 2075 2083 2117 ornatum,
2114 2068 2243 2109 virum
2272 2068 2314 2108 in

276 2133 396 2174 rebus
416 2130 692 2173 minutissimis
712 2131 960 2183 explicandis
979 2139 1176 2180 exactum,
1198 2131 1241 2171 in
1261 2131 1380 2171 rebus
1400 2130 1581 2171 obscuris
1601 2130 1846 2172 illustrandis
1865 2131 2057 2180 lucidum,
2075 2132 2145 2184 qui
2164 2131 2315 2173 iudicio

275 2202 317 2236 et
336 2208 480 2238 sereno
499 2201 540 2235 et
558 2193 754 2247 imprimis
775 2195 985 2235 moderato
1008 2193 1224 2246 praeditus,
1248 2194 1300 2234 de
1322 2193 1561 2246 antiquitate
1585 2193 1791 2234 Hebraica
1816 2193 2020 2235 doctrinas
2046 2208 2170 2236 novas
2193 2195 2315 2236 etiam

278 2257 481 2299 Britannis
500 2255 750 2309 approbavit.

388 2322 508 2361 Duco
527 2320 581 2360 ad
599 2332 672 2360 vos
692 2319 851 2371 linguae
873 2319 1102 2361 Hebraieae
1122 2321 1391 2372 professorem
1413 2319 1702 2368 Oxoniensem,
1723 2321 1964 2361 SAMUELEM
1987 2322 2170 2361 DRIVER.

389 2432 506 2486 (421)
540 2434 591 2473 In
626 2432 811 2472 Raetiam
845 2433 1025 2486 profecti,
1057 2435 1188 2474 solum
1221 2435 1354 2474 natale
1387 2435 1606 2474 salutamus
1640 2434 1711 2475 viri
1742 2434 1995 2487 integerrimi,
2028 2435 2110 2488 qui,
2140 2436 2315 2477 veritatis

278 2510 416 2539 amore
445 2495 593 2548 insigni
621 2495 837 2547 praeditus,
869 2504 929 2537 tot
957 2510 1088 2537 rerum
1119 2505 1354 2549 argumenta
1382 2497 1571 2539 historiae
1598 2498 1640 2538 in
1670 2500 1759 2539 luce
1788 2501 1894 2540 clara
1923 2500 2145 2540 collocavit.
2205 2500 2317 2551 Quid

279 2559 414 2601 dicam
447 2559 500 2599 de
532 2558 832 2598 commentariis
865 2559 1057 2610 plurimis,
1094 2559 1241 2611 quibus
1274 2559 1423 2600 saeculi
1457 2560 1605 2600 decimi
1636 2560 1750 2609 tertii,
1787 2561 1927 2612 quarti,
1965 2561 2095 2612 quinti
2126 2562 2314 2615 denique,

278 2620 487 2663 historiam
525 2619 733 2660 illustravit
769 2621 1112 2662 ecclesiasticam?
1167 2621 1343 2662 Aedium
1383 2621 1668 2662 Vaticanarum
1707 2624 1758 2663 de
1797 2622 1962 2663 historia
2000 2637 2122 2664 nemo
2161 2625 2314 2676 melius,

278 2698 402 2726 nemo
426 2682 661 2732 accuratius,
683 2682 932 2735 disputavit2.
992 2685 1122 2732 Idem,
1145 2698 1168 2724 e
1194 2684 1320 2725 tribus
1347 2683 1423 2724 illis
1449 2685 1647 2725 aetatibus
1674 2684 1715 2724 in
1743 2698 1843 2737 quas
1870 2685 2115 2727 Pontificum
2140 2689 2318 2729 Roman-

278 2761 395 2788 orum
434 2745 712 2787 Bibliothecae
750 2746 958 2787 historiam
996 2747 1164 2788 divisam
1203 2761 1291 2788 esse
1329 2755 1500 2796 constat,
1535 2756 1707 2789 aetatem
1746 2749 1923 2790 mediam
1960 2763 2178 2802 aggressus,
2214 2751 2318 2793 inter

278 2809 436 2851 labores
463 2822 558 2849 suos
581 2809 725 2849 doctos
749 2808 1027 2851 Bibliothecae
1050 2809 1328 2851 Bonifatianae
1355 2818 1395 2851 et
1420 2810 1696 2851 Avenionensi
1721 2811 1930 2852 dedicatos
1958 2812 2151 2853 indicavit
2176 2814 2318 2855 biblio-

279 2873 488 2912 thecarum
516 2870 724 2911 historiam
754 2870 875 2912 etiam
899 2873 952 2912 ad
975 2871 1194 2912 litterarum
1218 2879 1258 2912 et
1283 2872 1565 2924 philosophiae
1593 2873 1800 2913 historiam
1830 2874 2055 2915 universam
2083 2876 2314 2927 pertinere³.

282 2935 497 2975 Laetamur
533 2933 805 2975 bibliothecae
844 2935 1042 2976 maximae
1084 2935 1304 2977 Vaticanae
1347 2936 1620 2988 praepositum
1663 2950 1751 2977 esse
1788 2937 1917 2978 virum
1956 2945 2068 2978 tanta
2105 2939 2226 2980 etiam
2264 2941 2316 2981 de

280 2995 536 3037 bibliothecis
554 2995 850 3048 antiquioribus
869 2998 1094 3039 eruditione
1114 2998 1351 3051 praeditum,
1374 2998 1445 3051 qui
1462 2998 1641 3051 gentium
1663 2999 1844 3039 omnium
1866 3000 1970 3040 viros
1990 3001 2135 3042 doctos
2159 3016 2317 3043 summa

280 3071 375 3099 cum
394 3058 677 3099 benevolentia
696 3059 854 3111 excipit,
876 3061 1027 3111 quique
1046 3062 1232 3114 exemplo
1252 3075 1327 3102 suo
1347 3062 1548 3114 praeclare
1574 3061 1763 3110 ostendit,
1786 3061 2057 3104 bibliothecae
2080 3077 2249 3116 magnae
2274 3064 2316 3106 in

367 3163 380 3184 ²
402 3166 634 3199 Introduction
649 3170 681 3199 to
696 3166 750 3198 tlte
763 3166 957 3199 Literature
971 3166 1074 3209 ofthe
1093 3168 1161 3201 Old
1178 3168 1211 3199 T
1204 3172 1374 3200 estament.
1556 3165 1570 3186 ²
1592 3167 1646 3199 De
1661 3167 1751 3199 aulis
1766 3167 1952 3210 Borgianis
1967 3172 1999 3200 et
2012 3169 2050 3201 de
2073 3169 2315 3203 Vaticanarum

279 3209 413 3243 aedium
429 3209 580 3242 historia.
684 3208 698 3230 ³
722 3210 879 3243 Historia
893 3211 1112 3245 Bibliothecae
1126 3213 1358 3244 Romanorum
1374 3211 1591 3254 Pontificum,
1609 3216 1681 3243 tum
1697 3211 1949 3254 Bonifatianae,
1968 3218 2042 3245 tum
2058 3214 2312 3247 Avenionensis.

1265 3297 1336 3335 191
