2704 3770
491 315 574 380 so.
628 316 766 364 Wale
798 315 974 365 Hz'cks.
1047 317 1272 366 HRH.
1310 318 1496 367 Prince
1530 319 1736 384 Alfred,
1775 318 1926 369 Duke
1959 320 2024 384 of
2047 320 2361 386 Edz’nburgh.

426 473 730 512 nonnumquam
763 462 937 510 fortasse,
974 463 1070 502 dum
1103 462 1231 514 gentis
1264 476 1360 502 suae
1391 463 1569 503 fortunas
1599 477 1734 504 secum
1768 464 1942 513 revolvit,
1976 466 2247 506 recordabitur
2279 468 2437 519 Regum

423 535 659 574 magnorum
695 524 812 563 flores
849 523 1017 572 interire,
1056 526 1215 565 Ducum
1253 524 1466 576 insignium
1504 538 1612 565 rosas
1651 527 1855 574 marcere1,
1891 527 1963 566 sed
2001 526 2136 567 salutis
2174 528 2438 579 sempiternae

424 583 693 624 ministrorum
731 585 962 626 fidelissimo
1000 585 1144 637 cuique
1180 599 1205 626 a
1241 594 1444 638 pastorum
1482 586 1663 626 omnium
1701 586 1885 639 Principe
1921 587 2058 628 divino
2099 601 2182 628 non
2223 589 2436 641 perituram

424 645 612 686 destinari
640 646 787 697 gloriae
814 660 1015 687 coronam.

535 709 653 748 Duco
667 709 719 749 ad
734 721 805 749 vos
819 708 1159 749 Archidiaconum
1175 709 1452 758 venerabilem,
1471 711 1762 750 NORMANNUM
1780 712 1990 750 DUMEML
2006 712 2208 751 IOANNEM
2224 713 2434 763 STRA‘rom

426 770 674 823 Episcopum
695 773 936 812 Monensem
957 773 1217 824 designatum.

1243 933 1301 979 25
1339 918 1452 967 Feb.
1500 920 1620 978 1892

530 1031 646 1085 (188)
666 1035 920 1074 SALUTAMUS
943 1035 1064 1075 hodie
1088 1035 1215 1075 virum
1243 1035 1345 1075 inter
1367 1042 1525 1076 nosmet
1547 1035 1655 1087 ipsos
1681 1050 1811 1076 rerum
1838 1043 2002 1078 naturae
2030 1037 2194 1089 quidem
2222 1037 2265 1078 in
2293 1038 2434 1080 studiis

422 1097 596 1135 lauream
634 1095 830 1148 insignem
871 1097 1076 1148 quondam
1117 1098 1320 1148 adeptum,
1360 1097 1649 1138 mathematicis
1694 1105 1828 1138 autem
1868 1098 2041 1139 scientiis
2082 1101 2293 1149 excultum,
2333 1100 2435 1142 inter

424 1156 716 1198 Londinienses
739 1171 832 1198 vero
854 1171 1010 1198 summa
1033 1171 1126 1198 cum
1145 1159 1264 1199 laude
1288 1159 1510 1199 medicinae
1530 1161 1736 1200 doctorem
1756 1159 1852 1200 olim
1878 1168 2064 1200 creatum.
2124 1161 2206 1211 Qui
2227 1164 2433 1214 quondam

422 1220 598 1271 corporis
616 1220 845 1272 praesertim
866 1221 982 1261 saluti
1001 1221 1250 1262 adiuvandae
1269 1221 1400 1262 studia
1419 1235 1490 1261 sua
1509 1223 1589 1262 fere
1608 1222 1743 1262 omnia
1761 1222 2034 1272 destinaverat,
2056 1231 2195 1275 postea
2212 1224 2434 1267 animarum

422 1281 554 1333 potius
579 1281 621 1321 in
644 1283 770 1322 salute
792 1282 1060 1334 praedicanda
1082 1282 1185 1323 vitae
1212 1296 1306 1323 suae
1331 1284 1631 1323 tabernaculum
1657 1283 1801 1334 posuit.
1859 1286 1998 1335 Nuper
2022 1292 2113 1337 post
2136 1298 2264 1326 annos
2287 1289 2434 1329 multos

420 1344 623 1384 laboribus
657 1345 776 1385 saeris
808 1344 850 1384 in
880 1347 956 1386 hac
988 1346 1085 1385 urbe
1123 1345 1341 1394 dedicatos,
1371 1358 1510 1385 vocem
1540 1346 1593 1385 ad
1624 1345 1782 1386 Africae
1814 1354 1966 1397 partem
2000 1349 2223 1387 Australem
2255 1350 2434 1390 vocantis

420 1406 582 1456 audivit,
604 1413 644 1446 et
667 1419 750 1446 non
776 1405 862 1446 sine
891 1420 1053 1446 suorum
1079 1406 1278 1447 desiderio
1303 1414 1512 1446 vocantem
1533 1407 1748 1446 obsecutus
1768 1414 1838 1447 est.
1896 1408 2026 1448 Nobis
2049 1408 2166 1460 igitur
2187 1409 2286 1449 nihil
2311 1411 2434 1452 hodie

420 1467 617 1519 reliquum
647 1475 717 1517 est,
739 1481 860 1519 quam
889 1475 932 1507 ut
959 1468 1123 1507 alumno
1153 1476 1288 1508 nostro
1316 1468 1358 1507 in
1381 1468 1625 1520 provinciam
1649 1481 1794 1508 novam
1818 1470 2043 1520 profecturo
2068 1470 2204 1511 omnia
2231 1471 2359 1523 fausta
2385 1485 2434 1514 ex

419 1530 555 1570 animo
580 1538 828 1582 exoptemus,
848 1530 953 1570 sedis
978 1530 1082 1570 illius
1108 1538 1284 1571 remotae
1307 1544 1457 1571 nornen
1482 1531 1624 1583 ipsum,
1652 1544 1800 1571 nomen
1827 1532 1989 1573 floribus
2017 1542 2257 1584 contextum,
2283 1549 2432 1577 nomen

419 1593 596 1633 fontibus
627 1593 858 1641 derivatum,
893 1592 1083 1644 episeopo
1115 1601 1252 1634 nostro
1281 1594 1428 1634 laboris
1460 1594 1637 1646 prosperi
1667 1608 1786 1635 omen
1817 1609 1904 1636 esse
1935 1597 2124 1648 augurati.
2181 1598 2340 1638 Talium
2370 1598 2432 1651 (ut

419 1653 641 1706 speramus)
661 1655 832 1694 virorum
852 1656 1038 1704 adventu,
1060 1655 1216 1695 Africae
1236 1657 1325 1696 loca
1344 1657 1523 1696 desolata
1541 1657 1648 1696 velut
1671 1669 1761 1697 rosa
1782 1658 1982 1698 florebunt
1994 1672 2005 1707 3
2034 1666 2073 1699 et
2095 1659 2137 1699 in
2162 1659 2250 1712 ipso
2274 1661 2432 1702 deserto

420 1731 613 1769 aquarum
633 1718 849 1758 salubrium
869 1719 999 1758 fontes
1019 1718 1228 1758 exsilient2.

529 1782 646 1820 Duco
678 1781 731 1820 ad
760 1793 832 1819 vos
862 1780 1031 1832 Collegii
1060 1780 1265 1820 Sidneiani
1298 1780 1463 1829 socium,
1495 1782 1699 1820 IOANNEM
1737 1783 1868 1822 WALE
1906 1785 2057 1832 H1cxs,
2095 1784 2342 1837 Episcopum
2378 1786 2431 1826 de

422 1842 729 1884 Bloemfontein.

1233 2078 1249 2109 1
1268 2078 1283 2109 1
1319 2062 1460 2127 June
1500 2066 1622 2124 1892

419 2175 789 2239 Inauguratz‘on
827 2177 892 2240 of
924 2177 992 2224 H
989 2177 1031 2225 z's
1072 2177 1231 2226 Grace
1266 2178 1346 2226 the
1385 2176 1536 2226 Duke
1576 2178 1640 2242 of
1673 2179 2002 2228 Devonshz‘rffl
2038 2197 2094 2229 as
2139 2180 2432 2232 Chancellor

421 2293 680 2331 DrcmsslME
699 2292 877 2342 domine,
898 2292 1074 2333 Domine
1095 2292 1352 2342 Cancellarie,
1375 2300 1415 2333 et
1433 2301 1518 2333 tota
1537 2294 1779 2334 Academia:

528 2365 641 2418 (189)
671 2367 936 2412 UBICUMQUE
964 2380 1114 2407 nomen
1143 2366 1416 2407 Britannicum
1445 2368 1679 2418 extenditur,
1707 2376 1887 2421 tempore
1914 2383 2181 2423 quocumque,
2209 2372 2290 2413 sive
2317 2376 2429 2415 caelo

419 2429 494 2468 sub
514 2442 667 2476 sereno,
687 2428 769 2469 sive
788 2431 884 2481 polo
904 2430 1079 2470 nubibus
1098 2437 1306 2481 occupato,
1330 2432 1508 2482 Reginae
1528 2439 1685 2472 nostrae
1705 2432 1774 2471 filii
1800 2440 1839 2472 et
1862 2446 2017 2485 semper
2039 2441 2079 2474 et
2103 2434 2253 2487 ubique
2277 2437 2430 2478 honore

419 2491 556 2531 debito
593 2491 851 2543 excipiuntur.
910 2493 1033 2543 Quod
1072 2492 1104 2533 si
1141 2493 1243 2533 inter
1275 2495 1419 2533 fluetus
1453 2494 1650 2534 dominari
1684 2495 1888 2551 Britannia
1925 2496 2078 2544 dicitur,
2114 2506 2428 2541 consentaneum

418 2552 603 2592 nimirum
650 2561 709 2593 est
756 2553 935 2605 Reginae
973 2553 1226 2595 Britannicae
1262 2568 1285 2594 e
1322 2554 1411 2595 filiis
1448 2568 1574 2595 unum
1611 2556 1746 2596 classis
1785 2557 2035 2598 Britannicae
2071 2558 2173 2599 inter
2209 2562 2428 2613 praefectos

417 2615 626 2655 numerari.
682 2616 879 2656 Novimus
912 2616 1101 2657 scientiae
1131 2617 1280 2657 navalis
1310 2617 1536 2658 rudimenta
1564 2619 1691 2670 prima
1718 2633 1742 2659 a
1775 2620 1957 2672 Principe
1984 2629 2120 2662 nostro
2153 2623 2194 2662 in
2223 2624 2313 2663 navi
2341 2638 2428 2666 esse

417 2677 556 2730 posita,
577 2678 642 2718 cui
662 2692 809 2719 nomen
829 2680 941 2719 dedit
968 2681 1172 2731 Euryalus.
1231 2682 1506 2721 Recordamur
1530 2683 1704 2722 eundem
1729 2684 1863 2723 Sancti
1890 2684 2049 2736 Georgii
2074 2685 2149 2725 sub
2174 2688 2296 2726 tutela
2320 2694 2428 2728 trans

418 2754 524 2780 mare
543 2740 789 2781 Atlanticum
808 2742 861 2781 ad
880 2741 1099 2782 occidentis
1122 2744 1270 2783 insulas
1293 2745 1508 2795 navigasse.
1567 2746 1711 2785 Postea
1733 2746 1875 2786 animis
1900 2761 2021 2799 quam
2049 2748 2209 2788 attentis
2234 2749 2427 2803 Principis

417 2802 541 2841 nostri
573 2802 757 2853 pericula,
789 2802 984 2852 Principis
1013 2803 1137 2842 nostri
1170 2803 1310 2843 itinera
1339 2818 1525 2856 prospere
1555 2806 1668 2855 facta,
1697 2820 1745 2846 ex
1777 2807 1904 2847 insula
1937 2809 2109 2848 Australi
2138 2823 2207 2860 per
2234 2817 2427 2852 extremas

416 2864 578 2905 orientis
606 2879 694 2905 oras
723 2878 849 2917 usque
878 2867 931 2905 ad
962 2865 1104 2906 Indiae
1129 2865 1242 2906 litora
1270 2866 1469 2917 prosecuti
1498 2881 1645 2916 sumus,
1673 2868 1783 2908 navis
1810 2871 1987 2910 fortunas
2015 2871 2140 2911 varias
2168 2874 2307 2923 procul
2335 2887 2427 2913 con-

415 2927 604 2977 templati,
626 2929 723 2967 dum
756 2928 942 2967 ‘Galatea
970 2934 1077 2966 secat
1101 2936 1354 2979 spumantem
1383 2936 1544 2980 pectore
1571 2931 1793 2980 pontum'⁴.
1853 2932 1985 2971 Nemo
2016 2934 2249 2984 Polyphemi
2278 2936 2424 2975 molem

417 2986 644 3036 immanem,
666 3001 786 3028 nemo
811 2987 925 3027 litora
949 2987 1115 3037 Siciliae,
1137 2997 1378 3040 portumque
1404 2990 1578 3038 Melitae,
1600 3004 1720 3030 nemo
1746 2993 1931 3032 Herculis
1953 3006 1977 3032 a
2001 2995 2197 3034 columnis
2223 3008 2349 3046 usque
2373 2997 2426 3035 ad

504 3080 517 3100 ¹
541 3082 610 3113 No.
631 3091 687 3124 157
705 3088 818 3125 supra,
838 3095 871 3116 n.
889 3094 920 3127 9.
1050 3084 1063 3104 ²
1086 3086 1214 3126 lsaialz,
1233 3097 1321 3118 xxxv
1341 3098 1368 3124 1,
1385 3086 1416 3119 6.
1543 3085 1557 3106 ³
1580 3087 1726 3129 Spencer
1741 3087 1909 3130 Compton
1925 3088 2127 3127 Cavendish,
2144 3090 2259 3133 eighth
2276 3091 2376 3124 Duke
2391 3092 2431 3124 of

418 3124 638 3164 Devonshire‚
656 3127 857 3159 Chancellor
875 3129 1079 3171 1892—1908.
1215 3129 1230 3150 ⁴
1251 3130 1369 3172 Virgil,
1388 3131 1474 3162 Aen.
1493 3130 1526 3162 ix
1547 3140 1618 3172 103.

1400 3202 1451 3251 96
