2704 3770
381 288 442 339 G.
482 289 535 340 S.
587 287 876 339 Woodlzead.
951 286 1047 337 Sir
1090 285 1320 336 Wz‘llz'am
1363 285 1415 334 T
1407 303 1582 335 urner.
1653 286 1705 335 S.
1745 286 1809 335 R.
1853 285 2122 336 Gardz‘ner.

1036 467 1094 511 16
1130 462 1320 511 Marclz
1364 463 1490 523 1899

351 564 471 620 (309)
510 567 632 606 Duos
665 565 857 617 deinceps
889 564 1143 617 pathologiae
1180 565 1424 616 professores
1461 564 1542 603 fere
1579 562 1621 602 in
1654 561 1790 603 medio
1823 561 1963 602 aetatis
1995 575 2112 602 cursu
2146 570 2273 603 morte

243 627 457 670 immatura
493 637 722 681 praereptos
758 642 843 669 non
881 627 968 669 sine
1004 629 1144 668 dolore
1183 641 1310 679 nuper
1345 626 1563 675 amisimus,
1597 639 1768 678 quorum
1806 625 2012 676 utriusque
2044 625 2200 677 egregia
2231 625 2273 666 in

244 691 508 733 Academiam
545 691 686 733 merita
718 705 801 731 non
834 698 895 732 est
932 691 1044 743 quod
1081 690 1239 743 longius
1277 703 1494 741 exsequar:
1537 695 1693 728 vosmet
1726 687 1802 740 ipsi
1835 687 2045 728 vobiscum
2075 701 2158 728 non
2189 688 2275 728 sine

245 753 446 796 desiderio
477 754 771 796 recordamini1.
832 754 972 795 Hodie
1004 767 1099 795 vero
1131 755 1408 806 professorem,
1439 751 1579 793 talium
1607 751 1779 792 virorum
1815 751 1856 792 in
1885 753 2020 792 locum
2049 751 2275 803 nuperrime

244 817 429 866 electum,
450 831 563 858 mora
581 819 690 858 nulla
707 817 941 869 interposita
960 819 1189 867 salutamus,
1212 824 1252 858 et
1272 818 1442 858 Senatus
1462 815 1588 857 nostri
1608 815 1649 855 in
1669 816 1853 857 ordinem
1874 815 2007 856 statim
2023 823 2271 867 cooptamus.

245 879 410 921 Abhinc
446 893 576 921 annos
617 880 757 933 viginti
795 881 946 933 Regiae
984 880 1173 922 Societati
1213 880 1402 921 Medicae
1439 880 1543 920 inter
1576 879 1802 920 Edinenses
1840 879 2101 932 praepositus,
2137 886 2277 930 postea

244 940 397 983 ibidem
433 955 518 983 uno
550 941 591 982 in
625 942 904 995 quinquennio
942 942 1231 995 discipulorum
1268 944 1352 983 duo
1387 942 1497 982 milia
1534 941 1789 994 pathologiae
1826 941 2048 994 praeceptis
2085 940 2277 981 imbuisse

244 1003 399 1046 dicitur.
459 1006 576 1046 Idem
595 1012 635 1046 et
653 1005 750 1046 olim
770 1006 873 1047 inter
892 1006 1172 1047 Berolinenses
1192 1014 1232 1046 et
1251 1019 1379 1058 nuper
1397 1006 1501 1047 inter
1521 1006 1815 1047 Londinienses
1836 1006 2010 1046 maximo
2031 1019 2124 1045 cum
2147 1006 2276 1045 fructu

244 1069 307 1109 his
343 1067 486 1110 studiis
522 1082 686 1121 operam
719 1070 880 1111 dedisse
912 1072 1042 1111 fertur.
1103 1069 1245 1110 Peritis
1278 1069 1444 1122 quidem
1478 1077 1575 1110 nota
1608 1078 1701 1111 sunt
1733 1069 1939 1111 volumina
1971 1069 2038 1108 illa
2071 1081 2175 1120 quae
2209 1068 2278 1119 (ne

243 1129 322 1171 alia
348 1130 682 1184 commemorem)
702 1133 755 1173 de
779 1133 1036 1185 pathologiae
1063 1132 1296 1185 praesertim
1322 1132 1488 1173 scientia
1511 1132 1775 1184 conscripsit2.
1836 1133 1903 1172 Ab
1929 1131 2057 1172 isdem
2083 1144 2166 1171 non
2193 1130 2279 1171 sine

243 1207 316 1248 spe
340 1209 486 1248 magna
508 1204 759 1248 exspectatur
780 1211 882 1249 opus
901 1197 1043 1250 ingens
1068 1196 1110 1236 in
1137 1210 1219 1249 quo
1244 1197 1297 1237 de
1321 1195 1500 1237 remedio
1524 1209 1631 1236 novo
1659 1203 1800 1236 contra
1825 1194 2076 1247 diphtheriae
2101 1193 2279 1233 toxicum

244 1270 372 1310 nuper
391 1257 556 1298 feliciter
573 1258 768 1308 adhibito,
790 1259 1082 1311 aegrotantium
1102 1272 1271 1299 numero
1294 1258 1493 1299 immenso
1517 1258 1725 1306 recensito,
1747 1256 2044 1298 accuratissime
2068 1255 2275 1307 disputat³.

245 1321 347 1361 Sunt
365 1320 486 1361 etiam
505 1321 582 1361 alia
600 1322 832 1373 professoris
853 1322 978 1363 nostri
996 1322 1038 1362 in
1058 1322 1200 1363 studiis
1225 1322 1361 1374 generi
1383 1323 1563 1362 humano
1589 1321 1785 1370 salutaria,
1811 1334 1914 1372 quae
1938 1327 2161 1360 memoratu
2186 1326 2280 1359 sunt

243 1383 477 1437 dignissima
492 1399 502 1433 3
529 1385 602 1425 sed
621 1385 744 1425 hodie
763 1387 864 1426 haec
884 1385 1031 1435 omnia,
1053 1385 1246 1437 temporis
1265 1385 1406 1437 iniquo
1426 1387 1609 1426 exclusus
1629 1385 1770 1437 spatio,
1792 1393 1836 1425 ut
1856 1383 2006 1435 Vergili
2025 1383 2155 1424 verbis
2178 1390 2276 1432 utar,

628 1463 638 1480 ⁴
650 1467 855 1510 praetereo
884 1466 1006 1511 atque
1034 1459 1120 1499 aliis
1149 1466 1240 1511 post
1269 1473 1335 1500 me
1364 1460 1626 1500 memoranda
1653 1458 1836 1511 relinquo
1850 1459 1889 1496 ’⁴.

357 1531 477 1571 Duco
495 1532 549 1571 ad
568 1545 639 1571 vos
661 1533 932 1573 Professorem
952 1534 1225 1573 WOODHEAD.

1045 1702 1107 1750 27
1143 1689 1317 1753 April
1351 1691 1476 1751 1899

355 1791 473 1846 (310)
518 1793 672 1832 Vnum
719 1792 831 1844 regni
877 1792 1001 1834 totius
1049 1794 1301 1834 medicorum
1349 1794 1522 1835 concilio
1570 1794 1853 1846 praepositum,
1894 1793 2021 1835 virum
2060 1795 2282 1837 honoribus

245 1854 488 1896 academicis
513 1852 694 1906 plurimis
721 1855 982 1905 cumulatum,
1005 1856 1126 1895 etiam
1149 1862 1286 1896 noster
1312 1856 1482 1896 Senatus
1505 1855 1622 1896 titulo
1651 1869 1725 1897 suo
1754 1858 1943 1897 decorare
1969 1871 2077 1898 anno
2100 1858 2282 1910 proximo

247 1918 438 1960 decrevit.
505 1919 617 1958 Inter
655 1917 980 1959 Lancastrienses
1017 1927 1148 1969 natus,
1187 1919 1291 1960 inter
1324 1919 1620 1960 Londinienses
1658 1922 1863 1971 educatus,
1903 1921 2006 1962 inter
2043 1922 2281 1971 Edinenses,

246 1980 473 2022 medicinae
499 1980 541 2020 in
570 1980 709 2020 schola
737 1980 1006 2030 celeberrima,
1038 1995 1159 2033 quam
1189 1989 1249 2022 tot
1280 1982 1464 2023 coloniae
1493 1982 1748 2023 Britannicae
1777 1983 2001 2024 studiorum
2032 1984 2282 2025 medicorum

247 2043 363 2096 quasi
383 2041 621 2095 μητρόπολιν
643 2051 892 2092 venerantur,
913 2044 1140 2084 anatomiae
1167 2044 1375 2085 scientiam
1400 2059 1471 2097 per
1493 2058 1622 2085 annos
1646 2047 1736 2097 plus
1760 2059 1882 2097 quam
1902 2045 2060 2098 triginta
2083 2049 2283 2099 praeclare

247 2107 462 2159 professus,
483 2118 565 2146 non
586 2106 712 2145 modo
732 2104 993 2146 Universitati
1013 2119 1109 2146 suae
1128 2106 1321 2147 aedificiis
1341 2107 1457 2147 novis
1476 2107 1736 2148 instruendae
1756 2121 1920 2159 operam
1939 2107 2137 2160 insignem
2157 2109 2281 2159 dedit,

248 2171 322 2211 sed
347 2169 467 2210 etiam
497 2169 720 2210 studiorum
751 2182 914 2209 suorum
939 2169 1053 2210 Actis
1083 2184 1154 2222 per
1180 2171 1322 2211 seriem
1350 2170 1518 2211 edendis
1547 2171 1627 2211 iarn
1656 2172 1813 2211 dudum
1843 2171 2015 2211 maxima
2045 2185 2138 2212 cum
2164 2174 2284 2214 laude

249 2231 450 2285 praefuit⁶.
506 2233 636 2279 Idem,
657 2245 789 2272 rerum
809 2239 973 2271 naturae
993 2232 1130 2284 spoliis
1151 2232 1247 2273 olim
1267 2233 1310 2273 in
1331 2233 1579 2273 Britanniam
1599 2233 1765 2273 feliciter
1779 2233 1999 2284 reportatis,
2016 2235 2285 2276 Australasiae

249 2294 481 2346 praesertim
500 2294 848 2346 anthropologiam
868 2307 989 2345 opere
1008 2294 1050 2333 in
1070 2308 1217 2347 magno
1236 2295 1535 2336 accuratissime
1555 2294 1777 2347 expositam
1798 2297 2021 2336 luculenter
2042 2296 2283 2338 illustravit⁶.

251 2357 393 2408 Nuper
411 2355 620 2396 Societatis
641 2355 895 2395 Britannicae
915 2355 1171 2396 scientiarum
1191 2358 1340 2397 finibus
1362 2358 1611 2410 proferendis
1634 2371 1793 2410 praeses
1817 2357 1858 2397 in
1883 2371 2036 2398 annum
2058 2360 2284 2411 proximum

250 2417 493 2470 designatus,
513 2418 566 2458 ab
589 2419 732 2458 eadem
758 2418 1097 2470 disputationibus
1120 2421 1172 2460 de
1194 2421 1523 2473 anthropologiae
1552 2422 1719 2461 scientia
1747 2422 1868 2462 etiam
1894 2422 1997 2462 inter
2025 2423 2285 2465 Canadenses

250 2480 449 2521 habendis
478 2482 587 2521 haud
615 2481 670 2521 ita
697 2480 854 2533 pridem
883 2481 1145 2532 praepositus,
1170 2482 1382 2522 hominum
1411 2483 1594 2523 omnium
1623 2485 1786 2536 plausus
1815 2491 2026 2535 propterea
2053 2487 2285 2537 praesertim

252 2542 417 2583 meritus
441 2550 512 2591 est,
535 2543 646 2595 quod
674 2541 879 2582 simiarum
908 2543 1136 2595 superbiam
1164 2552 1367 2585 recentem
1397 2545 1582 2598 repressit
1610 2553 1651 2586 et
1678 2548 1833 2598 generis
1857 2547 2023 2586 humani
2049 2547 2284 2599 dignitatem

252 2614 429 2647 veterem
448 2607 585 2647 denuo
604 2605 852 2647 vindicavit⁷.

363 2671 482 2710 Duco
511 2672 564 2711 ad
597 2684 667 2711 vos
696 2670 852 2723 generis
880 2671 1047 2711 humani
1075 2671 1288 2720 vindicem,
1316 2672 1494 2725 equitem
1523 2672 1732 2724 insignem,
1762 2672 1990 2713 anatomiae
2020 2675 2286 2725 professorem

252 2731 458 2782 illustrem,
489 2734 767 2773 WILLELMUM
797 2735 998 2773 TURNER.

360 2846 476 2900 (311)
525 2849 620 2888 Non
659 2849 782 2888 modo
822 2847 863 2887 in
901 2847 1066 2889 historia
1103 2848 1396 2890 conscribenda
1434 2850 1506 2890 sed
1548 2851 1669 2890 etiam
1717 2849 1759 2889 in
1801 2849 2054 2891 historiarum
2096 2852 2288 2904 scriptore

253 2910 524 2951 collaudando
543 2919 637 2951 ante
656 2914 795 2952 oculos
815 2912 1016 2952 obversari
1036 2913 1158 2953 debet
1183 2912 1410 2952 Plinianum
1437 2913 1536 2953 illud
1552 2913 1782 2953 2—historia
1804 2915 1908 2953 ‘non
1935 2914 2193 2955 ostentationi
2217 2918 2289 2957 sed

342 2997 355 3019 ²
381 2999 550 3032 Professor
566 3001 642 3043 Roy
657 2999 849 3045 (1884—97),
867 3002 935 3035 and
951 3002 1120 3035 Professor
1136 3003 1318 3036 Kanthack
1335 3003 1528 3047 (1897-99).
1670 3002 1684 3022 ²
1707 3004 1877 3036 Practical
1891 3005 2081 3047 PaffloIogy,
2105 3007 2199 3047 1883,
2218 3012 2284 3040 etc.

255 3040 270 3063 ³
294 3043 415 3085 Report
428 3054 471 3076 on
485 3045 703 3086 Dtphtheria,
721 3051 785 3078 etc.
886 3045 900 3065 ⁴
926 3047 1039 3088 Georg.
1058 3047 1091 3079 iv
1111 3050 1182 3088 148.
1284 3046 1298 3066 ⁶
1309 3048 1468 3090 soumal
1480 3047 1521 3090 of
1529 3049 1559 3079 A
1564 3052 1699 3089 natomy
1714 3049 1788 3079 and
1799 3049 2006 3090 physiology.
2108 3048 2122 3070 ⁶
2144 3050 2290 3083 Volume

256 3097 301 3119 on
317 3087 575 3130 Anthropology
591 3088 626 3120 in
642 3089 699 3121 the
716 3089 862 3132 Reports
877 3090 916 3122 of
928 3090 984 3123 the
1004 3091 1203 3133 Challengzr
1217 3091 1422 3134 expedition.
1521 3089 1535 3110 ⁷
1558 3091 1711 3124 Toronto
1727 3092 1864 3124 address
1878 3103 1921 3124 on
1939 3093 1996 3125 the
2011 3092 2142 3135 dignity
2158 3094 2196 3126 of
2208 3105 2286 3127 man

257 3131 323 3163 and
339 3130 396 3163 the
412 3131 525 3174 points
540 3131 579 3164 of
597 3132 776 3166 difference
791 3133 943 3167 between
958 3145 1037 3166 man
1053 3135 1120 3167 and
1137 3135 1194 3167 the
1209 3136 1430 3178 anthropoids
1440 3146 1450 3174 ς
1472 3135 1618 3175 Nature,
1639 3146 1657 3167 ἰ
1675 3135 1769 3178 Sept.
1794 3137 1886 3178 1897,
1907 3147 1964 3179 pp.
1983 3147 2022 3178 42
2028 3146 2168 3179 5—435.

1225 3219 1297 3258 147
2049 3224 2176 3261 19—2
