2704 3770
365 312 463 361 Sir
493 313 548 362 A
554 314 726 364 ndrew
757 317 827 364 N
821 317 934 366 oble.
1008 317 1105 366 Sir
1150 319 1377 367 Wz'llz'am
1417 318 1462 368 C
1459 321 1640 371 rookes.
1711 322 1966 388 Rudyard
1988 325 2051 372 K
2047 324 2220 389 z'plz'ng.

389 462 505 516 (481)
540 464 793 506 Ballistarum
828 466 1036 507 scientiam
1067 467 1304 508 hodiernam
1338 469 1538 509 baronetti
1571 469 1690 509 huius
1720 469 1881 521 ingenio
1916 470 2129 521 plurimum
2161 472 2308 512 debere

280 523 383 564 inter
415 538 557 566 omnes
590 534 756 567 constat.
818 528 968 569 Milites
999 529 1135 579 nostri,
1171 530 1448 570 machinarum
1482 530 1715 570 bellicarum
1748 530 1790 570 in
1823 539 2015 583 apparatu
2046 545 2177 584 neque
2208 541 2309 573 terra

281 599 414 638 neque
442 587 542 628 mari
574 602 706 629 rerum
744 603 936 630 novarum
971 591 1119 643 cupidi,
1153 591 1224 632 viri
1262 592 1380 632 huius
1418 592 1651 644 praesertim
1689 592 1865 632 consiliis
1903 593 2112 641 admoniti,
2147 595 2311 634 meliora

281 649 517 691 didicerunt.
578 653 629 692 In
654 653 821 693 ballistis
846 667 940 694 vero
966 656 1111 695 nostris
1135 654 1177 694 in
1201 654 1344 695 melius
1368 655 1584 703 mutandis,
1605 663 1726 707 atque
1746 656 1868 695 etiam
1887 655 2042 707 imperii
2061 656 2247 707 Japonici
2269 657 2310 696 in

280 714 450 755 navibus
482 715 754 765 aedificandis,
787 730 909 758 nemo
940 718 1185 760 Archimede
1215 727 1353 760 nostro
1386 719 1602 761 venerabili
1637 722 1726 772 plus
1757 720 1899 760 effecit.
1958 721 2092 759 Nemo
2123 720 2311 771 operariis

281 775 427 817 nostris
453 777 702 818 cessantibus
728 786 768 818 et
795 781 1023 820 mercedem
1052 781 1243 822 maiorem
1268 781 1539 834 flagitantibus
1562 781 1719 834 potiora
1739 781 1893 822 suasit¹.
1955 780 2066 831 Quid
2094 788 2227 821 autem
2252 790 2312 822 est

279 839 520 889 praeclarius
548 853 670 891 quam
698 840 919 880 honoribus
950 844 1206 893 perfunctum
1235 857 1373 884 senem
1404 858 1523 896 posse
1553 844 1687 884 dicere
1714 843 1824 884 idem
1854 845 1965 895 quod
1994 844 2104 895 apud
2133 843 2312 883 Ennium

280 900 389 942 dicat
414 902 480 943 ille
506 903 674 955 Pythius
702 905 863 956 Apollo,
886 918 929 945 se
954 919 1042 946 esse
1068 920 1172 956 eum,
1199 909 1308 948 unde
1332 907 1409 948 sibi
1434 915 1474 948 et
1500 907 1641 960 populi
1664 915 1703 947 et
1726 920 1838 959 reges
1865 914 1905 947 et
1931 920 2073 947 omnes
2105 907 2166 947 sui
2193 907 2311 955 cives,

281 977 529 1006 summarum
549 980 680 1007 rerum
700 967 852 1017 incerti,
875 969 1088 1009 consilium
1109 978 1297 1022 expetant
1309 970 1347 1011 ?⁵¹

391 1030 511 1070 Duco
529 1031 583 1071 ad
602 1044 674 1071 vos
695 1031 848 1083 Regiae
867 1031 1077 1073 Societatis
1097 1033 1265 1080 socium,
1288 1034 1544 1075 baronettum
1565 1033 1847 1083 venerabilem,
1869 1034 2092 1073 ANDREAM
2114 1034 2294 1073 ΝοΒιΕθ.

387 1170 503 1225 (482)
523 1172 763 1214 cancellarii
782 1174 907 1215 nostri
926 1175 1114 1227 auspiciis
1134 1189 1244 1216 nunc
1263 1177 1429 1216 demum
1450 1189 1543 1216 eum
1564 1176 1697 1228 ipsum
1717 1182 1970 1227 praesentem
1989 1173 2172 1214 videmus
2192 1187 2314 1226 quem

278 1232 348 1274 diu
375 1233 699 1283 desideravimus,
722 1249 844 1288 quem
872 1237 949 1277 alia
972 1252 1021 1278 ex
1048 1238 1126 1278 alia
1146 1238 1402 1278 scientiarum
1426 1239 1468 1278 in
1495 1238 1636 1279 studiis
1662 1245 1860 1289 occupata
1886 1236 2064 1278 Societas
2090 1236 2315 1288 praesidem

277 1309 396 1337 suurn
421 1297 518 1338 olim
542 1299 748 1352 suspexit⁴.
810 1302 874 1341 De
897 1301 1064 1342 scientia
1087 1302 1270 1342 chemica
1295 1309 1335 1343 et
1362 1302 1528 1354 physica
1554 1302 1801 1354 exploranda
1824 1314 1895 1352 per
1917 1314 2047 1340 annos
2074 1301 2164 1351 plus
2193 1313 2315 1352 quam

278 1359 568 1414 quinquaginta
605 1365 807 1415 praeclare
845 1366 1020 1413 meritus,
1055 1365 1097 1404 in
1131 1379 1262 1405 rerum
1294 1365 1522 1420 primordiis
1556 1364 1692 1417 primis
1727 1363 1873 1415 speetri
1908 1363 1968 1414 (ut
2005 1362 2135 1415 aiunt)
2168 1362 2316 1402 auxilio

278 1423 565 1475 examinandis,
596 1439 686 1465 eam
715 1426 843 1478 ipsam
878 1426 1125 1478 provinciam
1158 1427 1325 1467 feliciter
1357 1426 1586 1479 exploravit,
1618 1440 1722 1478 quae
1753 1425 1874 1465 etiarn
1908 1423 2098 1464 scientiae
2128 1424 2317 1476 physicae

264 1484 322 1539 ‚in
355 1486 515 1527 officina
547 1495 683 1528 nostra
712 1488 887 1529 maximo
917 1502 1011 1529 cum
1040 1491 1171 1530 fructu
1202 1490 1390 1542 indagata
1420 1497 1491 1530 est.
1552 1491 1602 1528 In
1633 1488 1886 1528 observando
1920 1500 2042 1539 quam
2070 1494 2212 1526 acutus
2243 1494 2314 1534 est,

280 1547 323 1588 in
356 1550 601 1602 experiendo
633 1564 756 1603 quam
789 1552 950 1604 peritus,
987 1552 1028 1592 in
1067 1554 1187 1593 rebus
1221 1553 1464 1594 difficillimis
1497 1552 1782 1604 investigandis
1816 1565 1938 1602 quam
1971 1549 2174 1602 pertinax!
2231 1549 2318 1588 Viri

279 1612 382 1653 tanti
413 1615 598 1667 exemplo
631 1615 782 1667 Vergili
815 1616 969 1656 dictum
1003 1618 1140 1657 denuo
1173 1618 1373 1669 praeclare
1406 1617 1690 1657 confirmatum
1719 1622 1780 1655 est
1794 1617 1872 1653 z-—‘
1886 1614 2020 1654 Labor
2053 1612 2190 1653 omnia
2222 1611 2317 1652 vicit

282 1674 542 1728 improbus’⁵.

392 1741 512 1780 Duco
536 1741 590 1781 ad
614 1754 685 1782 vos
714 1742 866 1794 Regiae
896 1742 1105 1783 Societatis
1132 1742 1299 1792 socium,
1321 1742 1450 1783 virum
1476 1741 1719 1782 numismate
1745 1741 1981 1792 Copleyano
2005 1738 2171 1779 honoris
2196 1751 2317 1779 causa

281 1801 393 1843 haud
411 1802 467 1844 ita
485 1803 642 1856 pridem
662 1805 891 1855 donatum³,
915 1806 1094 1858 equitem
1114 1806 1323 1859 insignem,
1346 1808 1623 1846 WILLELMUM
1644 1806 1860 1847 Cnooxsss.

389 1922 506 1976 (483)
542 1923 730 1976 Sequitur
744 1924 936 1976 deinceps
951 1933 991 1966 et
1006 1931 1239 1977 poematum
1259 1934 1299 1967 et
1319 1926 1514 1967 sermonis
1534 1926 1729 1978 pedestris
1749 1927 1888 1966 artifex
1902 1924 2176 1978 peritissimus,
2194 1924 2263 1976 qui
2275 1924 2317 1963 in

282 1986 402 2028 India
421 1986 662 2028 occidentali
680 1987 785 2027 inter
802 1989 956 2039 palmas
976 1996 1016 2030 et
1035 2004 1143 2030 mare
1159 1990 1255 2030 olim
1271 1989 1420 2038 natus⁷‚
1439 1990 1630 2041 temporis
1646 1990 1687 2029 in
1703 1990 1833 2042 spatio
1851 1989 2083 2030 brevissimo
2098 1988 2317 2028 litterarum

280 2048 444 2089 laudem
462 2049 702 2090 immensam
724 2057 784 2090 est
803 2051 983 2102 adeptus.
1046 2053 1096 2091 In
1117 2052 1273 2104 scriptis
1294 2052 1379 2092 eius
1400 2052 1581 2104 plurimis
1600 2066 1727 2104 prope
1747 2052 1898 2103 ubique
1918 2051 1998 2090 vim
2018 2058 2059 2091 et
2073 2050 2206 2099 vitam,
2224 2050 2319 2090 veri-

281 2119 405 2153 tatem
425 2121 466 2154 et
485 2113 716 2154 varietatem
737 2114 951 2166 reperietis.
1013 2117 1062 2155 In
1083 2118 1283 2156 narrando
1303 2129 1425 2168 quam
1447 2115 1644 2163 concisus,
1663 2129 1786 2167 quam
1802 2114 1958 2154 vividus
1975 2115 2002 2153 !⁸
2020 2114 2125 2154 vitae
2139 2113 2262 2154 totius
2276 2113 2318 2152 in

281 2174 538 2228 philosophia
557 2183 754 2228 quantum
774 2176 964 2229 vigorem,
986 2178 1027 2218 in
1048 2178 1211 2230 ingenio
1230 2178 1418 2219 universo
1438 2186 1631 2230 quantam
1651 2177 1877 2217 virilitatem
1898 2175 2076 2216 ostendit
2092 2179 2099 2215 1
2144 2177 2262 2216 Idem
2278 2174 2319 2214 in

282 2237 527 2278 carminibus
550 2239 773 2291 pangendis
799 2253 922 2291 quam
946 2241 1152 2293 eloquens,
1181 2255 1302 2293 quarn
1329 2241 1471 2290 varius,
1500 2240 1583 2280 sive
1609 2239 1781 2280 militum
1810 2246 2037 2279 nostrorum
2066 2237 2319 2278 orientalium

284 2312 415 2340 mores
434 2307 475 2340 et
494 2300 635 2341 merita
653 2307 694 2340 et
714 2301 912 2342 desideria
941 2303 1273 2355 Mandalayensia
1297 2303 1488 2355 depingit,
1511 2302 1593 2343 sive
1616 2302 1794 2342 hostium
1819 2309 2046 2342 nostrorum
2070 2300 2111 2339 in
2135 2301 2320 2351 Aegypto

283 2360 470 2402 virtutem
490 2362 730 2402 indomitam
750 2364 999 2413 admiratur⁹,
1023 2365 1116 2414 sive,
1138 2367 1191 2406 ad
1210 2365 1351 2405 altiora
1371 2373 1545 2414 evectus,
1570 2366 1702 2405 Deum
1724 2364 1856 2416 ipsum
1875 2363 2119 2416 proeliorum
2139 2361 2321 2402 omnium

281 2423 474 2464 arbitrum
494 2426 748 2470 veneratur10,
769 2425 851 2466 sive
879 2427 1080 2467 Britannis
1106 2436 1198 2479 post
1226 2427 1378 2479 proelia
1402 2434 1563 2479 peracta
1591 2426 1812 2474 incuriosis,
1834 2426 2049 2473 obliviosis,
2077 2438 2194 2476 grave
2223 2425 2323 2464 illud

287 2487 527 2536 ‘memento,
548 2495 754 2527 memento
768 2489 791 2535 ',
812 2487 1077 2529 insusurrat¹¹.
1136 2489 1195 2530 Sit
1215 2503 1320 2530 unus
1341 2491 1482 2530 saltem
1502 2488 1625 2528 hodie
1651 2489 1837 2528 laudatus
1864 2501 2000 2529 versus
2026 2487 2092 2526 ille
2118 2485 2322 2538 dignitatis

285 2549 441 2602 plenus,
462 2548 505 2589 in
525 2562 608 2601 quo
627 2548 708 2589 filia
727 2557 864 2590 nostra
884 2551 1146 2599 Canadensis,
1168 2551 1271 2592 inter
1290 2551 1401 2591 nives
1421 2564 1513 2591 suas
1533 2550 1711 2598 domina,
1727 2557 1837 2589 trans
1852 2549 1977 2590 maria
1992 2562 2138 2601 magna
2152 2556 2321 2589 matrem

285 2623 400 2651 suam
420 2611 636 2663 alloquitur
651 2613 825 2652 2—Filz'a
844 2614 986 2652 matris
1004 2614 1047 2653 in
1067 2616 1186 2663 domo,
1208 2615 1389 2654 Domina
1408 2627 1494 2653 sum
1516 2618 1644 2652 tamen
1663 2613 1812 2651 domin.

398 2675 517 2714 Duco
539 2676 593 2715 ad
620 2689 693 2716 vos
721 2683 761 2716 et
790 2676 953 2716 navium
982 2683 1023 2717 et
1052 2676 1225 2717 militum
1254 2684 1484 2717 nostrorum
1513 2684 1553 2716 et
1582 2674 1739 2728 imperii
1762 2675 1884 2715 totius
1911 2673 2133 2714 Britannici
2158 2679 2322 2727 poetam

286 2737 520 2787 laureatum,
544 2740 763 2779 RUDYARD
784 2741 983 2779 KIPLING.

377 2847 390 2868 ¹
412 2848 488 2882 The
503 2854 615 2883 recent
631 2851 824 2884 settlement
839 2851 879 2884 of
889 2862 932 2884 an
948 2852 1133 2894 important
1149 2852 1265 2884 strike.
1465 2849 1480 2871 ²
1502 2851 1634 2891 Cicero,
1653 2851 1709 2883 De
1724 2851 1783 2884 Or.
1800 2850 1812 2883 i
1831 2860 1905 2896 199.
2103 2849 2117 2870 ³
2140 2851 2274 2883 Author
2289 2850 2327 2883 of

290 2892 465 2926 collected
483 2894 605 2936 Essays
620 2895 688 2927 and
706 2895 866 2928 Lectures
881 2906 926 2928 on
942 2896 1110 2937 Artillery
1124 2897 1197 2928 and
1210 2896 1417 2938 Explosives,
1435 2906 1493 2939 pp.
1511 2896 1576 2936 548
1594 2893 1721 2938 (1906).
1944 2895 1958 2916 ⁴
1983 2894 2156 2929 Chemical
2173 2894 2321 2937 Society,

291 2935 416 2968 British
433 2937 659 2976 Association,
676 2939 743 2971 and
761 2939 917 2972 Institute
933 2939 972 2971 of
984 2940 1163 2972 Electrical
1181 2940 1378 2982 Engiueers.
1643 2938 1657 2958 ⁶
1684 2939 1795 2980 Georg.
1816 2938 1827 2971 i
1849 2947 1919 2980 145.
2188 2937 2202 2958 ⁶
2229 2948 2323 2981 1904.

289 2978 303 3000 ⁷
329 2980 413 3012 ‘For
436 2981 454 3013 I
477 2992 547 3014 was
569 2982 654 3014 born
677 2982 712 3015 in
735 2983 794 3015 her
816 2989 906 3025 gate,
924 2984 1077 3016 Between
1099 2984 1154 3016 tlte
1170 2985 1282 3026 palms
1305 2985 1377 3015 and
1396 2984 1450 3015 the
1471 2982 1540 3015 sea’
1554 2981 1759 3023 (dedication
1774 2983 1812 3015 of
1832 2983 1888 3014 the
1904 2984 2010 3015 Seven
2025 2983 2106 3015 Seas
2121 2987 2157 3014 to
2172 2982 2230 3014 the
2246 2982 2324 3024 City

292 3023 332 3056 of
343 3024 522 3067 Bombay).
692 3024 707 3046 ⁸
730 3027 834 3059 Plain
856 3028 890 3059 T
884 3028 953 3060 ales
955 3028 1054 3069 from
1070 3028 1124 3060 the
1141 3028 1246 3065 Hills,
1264 3028 1330 3059 and
1347 3038 1448 3069 many
1464 3027 1561 3059 other
1576 3027 1670 3059 short
1685 3027 1823 3065 stories;
1847 3027 1919 3059 also
1936 3028 1978 3059 K
1974 3028 2033 3063 im,
2051 3026 2118 3058 and
2136 3027 2169 3057 T
2167 3026 2207 3058 ke
2221 3026 2328 3068 ngkt

290 3068 367 3100 that
379 3067 506 3102 Faileal
640 3067 655 3089 ⁹
676 3071 867 3112 Mandalay
882 3071 949 3103 and
966 3072 1089 3113 Fuzzy-
1098 3073 1220 3113 Wuzzy
1234 3072 1269 3103 in
1285 3072 1558 3103 Barrack-Room
1573 3071 1716 3103 Ballads
1732 3071 1831 3113 (1892
1849 3070 1939 3114 etc.).
2065 3069 2093 3092 ¹⁰
2116 3070 2189 3102 The
2205 3070 2326 3111 Hymn

290 3111 396 3154 before
410 3113 530 3146 Action
547 3113 582 3146 in
598 3113 655 3146 the
671 3114 775 3146 Seven
792 3115 869 3147 Seas
885 3114 987 3158 (1896
1002 3117 1094 3156 etc.).
1214 3114 1239 3135 1¹
1264 3115 1340 3148 The
1356 3115 1563 3148 Recessional
1575 3114 1614 3147 of
1631 3123 1667 3156 17
1681 3114 1773 3157 July,
1795 3116 1890 3164 ¹⁸97·
2010 3113 2037 3134 12
2061 3118 2069 3131 ⁶
2080 3114 2256 3156 Daughter
2270 3124 2324 3146 am

291 3155 310 3188 1
325 3155 362 3188 in
375 3167 431 3199 my
447 3157 608 3190 mother's
623 3157 740 3198 house,
759 3158 826 3191 But
841 3158 990 3192 mistress
1005 3160 1040 3192 in
1056 3170 1113 3202 my
1129 3159 1234 3197 own’,
1256 3160 1332 3193 Our
1345 3159 1443 3201 Lady
1456 3158 1498 3201 of
1504 3159 1558 3191 the
1574 3159 1691 3191 Snows
1708 3157 1762 3200 (27
1780 3158 1891 3202 Apnl,
1915 3157 2024 3203 1897).

401 3240 432 3269 s.
455 3240 487 3269 s.
1268 3244 1288 3270 2
1297 3244 1314 3270 1
1323 3242 1343 3282 7
2167 3243 2186 3270 2
2192 3231 2216 3271 8
