2704 3770
1117 334 1342 383 Wz'llz'am
1375 334 1429 382 A
1436 333 1590 382 rthur
1633 332 1808 382 th‘te.

454 479 573 520 etiam
589 480 813 532 Collegium
828 482 926 521 illud
941 480 1121 520 omnium
1136 479 1467 531 antiquissimum,
1485 479 1596 530 quod
1611 477 1788 530 episcopi
1805 476 1975 517 Eliensis
1990 476 2222 517 liberalitate
2236 478 2458 525 fundatum,

454 543 631 595 episcopi
650 543 815 583 huiusce
834 542 1146 583 adulescentiam
1166 542 1336 582 fovebat.
1395 540 1635 581 Meministis
1650 539 1825 591 denique
1839 540 2034 591 proelium
2054 538 2152 579 illud
2171 538 2461 579 atrocissimum

453 605 495 646 in
515 606 649 646 Africa
668 606 839 646 Australi
858 606 1004 645 abhinc
1023 618 1150 645 annos
1166 612 1319 656 septem
1334 603 1604 651 commissum,
1622 602 1663 642 in
1679 616 1759 654 quo
1780 602 2062 642 Britannorum
2076 615 2185 642 arma
2203 602 2459 642 barbarorum

454 667 576 708 hastis
595 667 803 708 infeliciter
821 668 1052 708 cesseruntl.
1106 668 1155 706 In
1174 666 1242 706 illo
1262 666 1350 717 ipso
1369 667 1471 715 loco,
1489 665 1529 704 in
1549 664 1644 716 ipsis
1666 664 1806 704 Martis
1822 663 2005 715 vestigiis,
2023 663 2182 715 signifer
2201 671 2335 704 noster
2353 663 2462 715 pacis

453 737 580 770 castra
599 731 742 782 posuit,
764 729 891 770 crucis
910 730 1067 782 signum
1090 729 1237 778 statuit,
1259 728 1430 768 militum
1455 735 1681 767 nostrorum
1707 727 1748 766 in
1775 726 2008 767 memoriam
2033 728 2226 778 templum
2250 726 2458 767 dedicavit.

455 792 504 831 In
530 792 731 843 regionem
757 794 864 831 illam
891 792 996 831 bello
1023 792 1241 831 desolatam
1267 790 1501 842 propediem
1527 802 1761 836 reversuruS,
1783 788 2009 840 provinciae
2033 802 2127 828 suae
2149 788 2288 840 prioris
2312 801 2461 828 nomen

452 853 767 905 <Bloemf0ntein
812 854 1235 907 appellant)——-nomen
1281 853 1443 893 floribus
1495 859 1736 901 contextum,
1785 852 1962 891 fontibus
2009 849 2461 902 derivatum—prosperi

451 916 598 956 laboris
626 930 746 958 omen
774 917 953 969 accipiet,
983 916 1103 956 verba
1130 915 1196 954 illa
1224 928 1333 955 sacra
1361 916 1588 955 recordatus
1604 929 1667 954 :—

644 991 876 1031 ‘exsultabit
904 990 1078 1030 solitudo
1106 997 1145 1029 et
1174 989 1329 1029 florebit
1358 988 1470 1040 quasi
1498 988 1646 1028 lilium'
1659 1003 1671 1038 3

645 1046 839 1097 ‘aperiam
868 1045 907 1084 in
938 1043 1089 1096 supinis
1117 1044 1285 1083 collibus
1314 1044 1477 1083 flumina
1505 1050 1544 1083 et
1572 1043 1613 1082 in
1642 1042 1776 1083 medio
1805 1055 2037 1093 camporum
2067 1042 2248 1081 fontes’2.

561 1121 679 1160 Duco
698 1121 750 1160 ad
770 1133 839 1160 vos
858 1119 985 1159 virum
1004 1119 1224 1159 admodum
1245 1119 1515 1166 reverendum,
1540 1119 1742 1157 DOUGLAS
1765 1119 2018 1157 McKEsz.

1265 1279 1319 1327 17
1352 1266 1492 1332 June
1534 1268 1658 1314 1886

560 1389 646 1443 (99)
685 1391 864 1430 UT1NAM
901 1389 1048 1429 viveret
1080 1388 1202 1428 hodie
1234 1394 1366 1427 orator
1400 1387 1464 1427 ille
1498 1395 1641 1435 noster,
1678 1387 1790 1426 cuius
1823 1400 1973 1427 nomen
2012 1401 2094 1427 non
2124 1388 2247 1428 modo
2284 1394 2460 1428 nostram

450 1451 712 1491 Academiam
731 1451 895 1500 ornavit,
918 1452 989 1491 sed
1008 1463 1101 1490 cum
1121 1455 1264 1501 poetae
1283 1449 1444 1488 maximi
1465 1448 1683 1488 Britannici
1703 1448 1866 1488 nomine
1886 1447 2030 1488 totiens
2050 1448 2320 1498 coniunctum,
2338 1449 2379 1489 in
2400 1457 2460 1490 tot

449 1513 555 1554 orbis
574 1522 762 1554 terrarum
783 1514 962 1566 regiones
982 1513 1104 1553 exiit³.
1165 1514 1238 1552 Ille
1263 1513 1442 1563 profecto
1465 1512 1536 1551 viri
1559 1511 1724 1551 huiusce
1746 1513 1885 1552 laudes
1908 1525 1980 1563 pro
2005 1511 2061 1551 rei
2086 1511 2276 1563 dignitate
2299 1510 2460 1564 exsequi

449 1576 643 1627 potuisset
657 1590 668 1625 ς
705 1576 770 1616 ille
803 1575 952 1616 scilicet
984 1574 1132 1614 abhinc
1165 1587 1292 1613 annos
1326 1575 1414 1625 plus
1448 1586 1569 1625 quam
1607 1572 1744 1625 viginti
1777 1573 1818 1612 in
1853 1572 2020 1612 Polonia
2052 1573 2332 1625 peregrinatus,
2366 1587 2458 1614 cum

450 1638 684 1678 nostratium
714 1638 873 1690 negotia
901 1637 1018 1677 huius
1047 1637 1116 1677 viri
1146 1638 1292 1677 tutelae
1320 1636 1464 1676 tradita
1491 1635 1717 1684 invenisset,
1749 1635 1944 1688 singulare
1978 1636 2061 1676 eius
2094 1636 2297 1688 ingenium
2327 1637 2460 1677 statim

448 1702 618 1753 agnovit,
640 1703 817 1754 agnitum
844 1701 1040 1754 patefecit,
1069 1703 1310 1753 patefactum
1330 1699 1536 1752 legationis
1555 1700 1757 1752 amplioris
1778 1713 1941 1740 munere
1961 1707 2144 1740 ornatum
2163 1700 2270 1741 vidit.
2327 1702 2461 1751 Quam

449 1765 619 1806 libenter
644 1767 852 1806 salutasset
877 1765 942 1805 ille
972 1764 1145 1804 amicum
1170 1777 1299 1811 suum,
1328 1763 1388 1802 sui
1412 1762 1580 1814 Collegii
1603 1762 1699 1802 olim
1726 1763 1977 1814 discipulum,
2006 1762 2255 1814 publicarum
2282 1777 2412 1803 rerum
2438 1777 2462 1804 e

449 1827 538 1867 luce
561 1827 756 1867 Academi
779 1826 1019 1867 umbraculis
1050 1825 1248 1877 paulisper
1279 1824 1490 1864 redditum.
1550 1825 1711 1874 Quanta
1733 1825 1943 1864 verborum
1967 1824 2162 1876 elegantia
2186 1824 2461 1865 admirabilem

449 1889 534 1929 eius
553 1889 775 1942 linguarum
795 1889 1092 1930 Slavonicarum
1113 1887 1293 1940 peritiam
1314 1888 1524 1935 laudasset,
1542 1894 1581 1926 et
1601 1888 1771 1926 honores
1792 1886 1832 1926 in
1853 1901 1945 1927 eum
1960 1887 2151 1938 plurimos
2170 1887 2225 1927 ob
2244 1887 2460 1939 legationes

451 1950 595 1990 sivein
625 1951 853 1991 Roumania
879 1951 960 1991 sive
990 1951 1327 1990 Ottomannorum
1356 1948 1397 1987 in
1427 1948 1593 1999 imperio
1622 1961 1809 1999 prospere
1837 1955 1966 1999 gestas
1993 1948 2158 1988 collatos
2186 1949 2456 1990 recensuisset.

451 2013 638 2053 Ceterum
662 2026 793 2053 rerum
819 2020 900 2052 tarn
926 2011 1144 2052 recentium
1164 2018 1284 2050 testes
1304 2024 1326 2050 e
1350 2009 1515 2050 mortuis
1535 2009 1703 2049 excitare
1729 2009 1792 2048 vix
1815 2017 2138 2050 consentaneum.
2197 2012 2364 2050 Vosmet
2386 2010 2462 2063 ipsi

450 2075 724 2123 recordamini,
741 2089 823 2115 non
838 2074 1088 2126 prohibuisse
1103 2087 1228 2125 nuper
1244 2086 1374 2124 neque
1389 2072 1558 2113 foederis
1576 2072 1842 2112 Berolinensis
1858 2072 2116 2113 condiciones
2136 2086 2266 2124 neque
2281 2081 2459 2114 montem

453 2139 657 2177 Haemum
690 2137 978 2189 interpositum,
1009 2136 1223 2188 quominus
1253 2137 1591 2176 Ottomannorum
1620 2135 1773 2187 imperii
1802 2137 1905 2175 duae
1938 2135 2172 2188 provinciae,
2204 2137 2364 2177 foedere
2391 2136 2460 2177 illo

453 2200 663 2252 separatim
697 2200 946 2249 constitutae,
982 2199 1114 2239 subito
1147 2198 1188 2237 in
1222 2212 1346 2237 unum
1381 2199 1647 2238 coalescerent
1660 2212 1670 2246 3
1708 2212 1881 2250 cumque
1913 2199 1963 2238 de
1997 2212 2038 2238 re
2071 2206 2153 2238 tam
2186 2198 2293 2250 gravi
2322 2206 2460 2250 gentes

455 2264 640 2315 Europae
654 2263 848 2302 maximae
861 2261 1135 2308 deliberarent,
1152 2259 1378 2299 Britanniae
1397 2273 1557 2299 causam
1572 2259 1754 2299 manibus
1770 2259 1935 2299 huiusce
1950 2273 2036 2299 esse
2052 2260 2254 2309 creditam,
2271 2268 2310 2300 et
2325 2260 2461 2300 omnia

452 2326 505 2365 ad
528 2324 675 2364 exitum
696 2331 824 2363 tutum
845 2336 931 2363 esse
950 2322 1173 2374 perducta⁴.
1231 2321 1389 2360 Talium
1413 2321 1586 2361 virorum
1610 2320 1831 2372 prudentia,
1853 2334 1901 2360 ex
1925 2320 2077 2361 oriente
2103 2328 2188 2361 toto
2213 2321 2307 2361 belli
2332 2322 2460 2362 nubes

453 2400 578 2438 nuper
606 2386 806 2438 dispersae
835 2393 874 2425 et
901 2384 1114 2436 dissipatae
1143 2391 1245 2432 sunt,
1271 2383 1460 2435 pacisque
1489 2385 1624 2423 lumen
1653 2383 1693 2423 in
1722 2383 1790 2423 illo
1818 2385 1929 2423 caelo
1963 2385 2097 2424 denuo
2126 2386 2294 2436 effulget.
2354 2386 2460 2437 Ergo

453 2447 696 2488 Academiae
734 2447 838 2487 oliva
873 2446 1042 2486 libenter
1080 2459 1317 2485 coronamus
1354 2444 1463 2497 pacis
1501 2444 1724 2484 ministrum
1766 2444 1972 2497 insignem,
2014 2445 2241 2486 Britanniae
2286 2447 2459 2498 legatum

452 2510 655 2559 illustrem,
685 2511 931 2549 WILELMUM
960 2510 1215 2548 ARTHURUM
1244 2509 1408 2547 WmTE.

562 2634 676 2687 (100)
702 2636 830 2674 Trans
849 2647 998 2685 aequor
1016 2633 1274 2683 Atlanticum,
1297 2647 1344 2673 ex
1363 2633 1583 2674 Academia
1601 2633 1812 2674 nobiscum
1832 2635 1995 2674 nomine
2015 2647 2098 2674 non
2117 2646 2199 2673 uno
2219 2633 2457 2682 consociata,

455 2702 582 2748 nuper
599 2697 652 2736 ad
672 2709 745 2736 nos
761 2695 925 2735 feliciter
943 2696 1133 2735 advectus
1153 2702 1212 2735 est
1231 2695 1288 2734 vir
1303 2708 1384 2734 non
1399 2695 1651 2735 scientiarum
1667 2703 1821 2735 tantum
1836 2708 1971 2735 amore
1984 2696 2054 2735 sed
2069 2696 2285 2735 litterarum
2299 2708 2461 2746 quoque

455 2761 573 2799 laude
592 2759 766 2811 insignis,
789 2758 857 2809 qui
880 2758 1073 2799 ‘Phoebo
1095 2765 1187 2798 ante
1209 2757 1308 2797 alios
1334 2757 1525 2797 dilectus'
1545 2759 1697 2798 donum
1721 2757 1918 2808 Apollinis
1947 2770 2029 2797 non
2055 2770 2180 2796 unum
2203 2757 2367 2808 accepit,
2389 2758 2461 2797 sed

456 2822 645 2863 medendi
672 2829 796 2862 artem
822 2835 914 2861 curn
943 2820 1158 2872 eloquendi
1181 2819 1319 2871 peritia
1347 2827 1386 2859 et
1412 2820 1586 2859 carmina
1614 2819 1815 2871 pangendi
1841 2820 2026 2858 facultate
2053 2818 2287 2858 coniunxiff.
2345 2819 2461 2858 Iuvat

456 2899 582 2936 nuper
601 2885 796 2925 audivisse
817 2898 919 2932 eum,
937 2884 1049 2924 cuius
1068 2896 1228 2923 carmen
1248 2895 1371 2934 prope
1390 2882 1560 2934 primum
1585 2881 1745 2921 ‘folium
1765 2881 1949 2920 ultimum
1962 2882 1970 2899 '
1985 2880 2236 2920 nominatum
2255 2880 2344 2928 est⁶,
2366 2879 2461 2919 folia

544 2979 556 2999 ¹
579 2980 653 3012 The
676 2980 780 3013 battle
805 2980 843 3012 of
864 2979 1086 3018 Isandlwana,
1110 2980 1186 3022 Jan.
1215 2979 1307 3022 1879.
1484 2976 1498 2996 ²
1520 2978 1648 3017 lsaialz,
1675 2988 1763 3010 xxxv
1791 2988 1817 3017 1,
1844 2977 1889 3009 xli
1917 2978 1965 3009 18.
2161 2975 2176 2997 ³
2196 2976 2253 3009 W.
2277 2976 2321 3010 G.
2344 2975 2459 3013 Clark,

458 3023 574 3055 Public
596 3023 717 3055 Orator
736 3023 894 3066 1857-69,
909 3023 1118 3065 joint-editor
1134 3023 1172 3054 of
1183 3022 1240 3054 the
1257 3026 1264 3039 ‘
1278 3021 1479 3063 Cambridge
1497 3021 1726 3062 Shakespeare
1737 3020 1757 3060 ’,
1776 3020 1842 3052 and
1858 3020 1896 3052 of
1914 3021 1970 3052 the
1994 3021 2003 3037 ‘
2017 3020 2127 3052 Globe
2149 3020 2275 3052 edition
2286 3020 2294 3034 '
2316 3019 2354 3051 of
2376 3018 2458 3060 1864

457 3071 521 3098 etc.
623 3066 638 3086 ⁴
659 3067 732 3098 The
747 3067 850 3098 union
865 3066 902 3098 of
915 3067 1056 3098 Eastern
1073 3066 1249 3098 Roumelia
1264 3065 1345 3097 with
1362 3065 1530 3106 Bulgaria,
1546 3064 1690 3106 brought
1706 3065 1807 3096 about
1820 3064 1865 3105 by
1882 3064 1938 3096 the
1954 3063 2139 3096 revolution
2152 3069 2186 3095 at
2203 3062 2457 3105 Philippopolis,

458 3109 619 3185 ἑ87ξ1ιερῐὶ
630 3110 723 3184 1885L‚
739 3120 807 3195 vJas
821 3109 975 3151 formally
991 3109 1183 3152 recognised
1198 3109 1243 3151 by
1259 3108 1315 3141 the
1330 3118 1459 3150 powers
1474 3118 1519 3140 on
1536 3115 1553 3149 5
1570 3108 1668 3150 April
1687 3107 1781 3140 1886.
2002 3105 2015 3126 ⁵
2038 3106 2156 3149 virgil,
2175 3108 2257 3138 Aen.
2278 3106 2323 3138 xii
2340 3114 2459 3148 391-7.

551 3163 567 3185 e
620 3157 672 3184 ast
724 3163 761 3184 ea
779 3176 786 3184 .

1431 3235 1482 3274 54
