2704 3770
425 364 600 432 Rajalz
635 367 699 431 os
722 366 786 414 K
781 362 1007 430 ollzapur.
1080 361 1233 415 Duke
1269 362 1334 429 of
1356 364 1410 413 A
1417 364 1564 430 rgyll.
1649 365 1699 413 V
1694 363 1882 415 z'scount
1916 364 2164 432 Hayaslcz‘.

285 512 520 552 militaribus
547 512 773 561 acerrimus,
803 525 930 564 nuper
958 511 1164 563 copiarum
1194 518 1418 550 nostrarum
1447 510 1489 550 in
1518 518 1693 550 extrema
1726 510 1902 551 Orientis
1933 525 2002 551 ora
2032 522 2170 553 contra
2199 517 2313 555 Seras

283 574 539 616 militantium
567 575 669 617 inter
694 576 915 628 praefectos
935 581 1165 614 numeratus
1174 572 1196 623 ¹,
1219 587 1293 613 suo
1317 580 1480 625 sumptu
1503 586 1647 613 navem
1667 572 1830 621 ornavit,
1854 586 1957 624 quae
1987 574 2130 615 milites
2156 585 2312 618 nostros

283 650 354 678 seu
382 640 545 679 vulnere
575 652 646 680 seu
677 639 820 679 morbo
850 639 976 678 fessos
1008 636 1182 689 hospitio
1215 636 1424 688 exciperet.
1483 638 1522 675 A
1555 649 1646 688 rege
1675 643 1758 675 tarn
1791 637 1983 682 humano,
2018 646 2100 678 tam
2134 641 2234 689 forti,
2270 642 2311 681 in

281 700 494 753 imperium
522 710 704 743 nostrum
733 710 815 742 tam
844 701 964 750 fideli,
995 713 1063 741 arx
1091 699 1263 752 superba
1292 699 1499 740 Gwalioris
1527 699 1612 739 iure
1640 698 1796 750 optimo
1825 707 2054 751 occupatur.

391 764 511 804 Duco
529 765 582 806 ad
601 777 673 805 vos
691 778 836 817 regem,
850 763 903 804 ab
922 763 1011 815 ipso
1025 776 1116 815 rege
1136 770 1274 803 nostro
1289 763 1545 809 honoratum,
1561 762 1699 802 stellae
1716 760 1883 801 Indicae
1902 761 2079 813 equitem
2099 763 2307 815 insignem,

281 826 490 879 Maharaja
511 827 649 879 Dhiraj
672 828 840 867 MADHo
862 828 957 866 RAo
977 827 1177 875 SmmnA,
1200 838 1334 878 regem
1353 826 1406 866 de
1426 824 1609 866 Gwalior.

289 1003 292 1005 ,
387 964 502 1019 (348)
531 964 674 1005 Indiae
695 978 720 1004 a
739 963 900 1016 regione
923 963 1164 1004 occidentali
1187 964 1302 1004 adest
1320 977 1388 1004 rex
1406 962 1576 1015 imperio
1597 962 1830 1004 Britannico
1849 963 2214 1014 coniunctissimus,
2237 966 2307 1018 qui

276 1026 501 1068 studiorum
529 1034 758 1068 nostrorum
787 1026 998 1078 disciplina
1026 1028 1160 1067 adhuc
1189 1026 1343 1067 iuvenis
1372 1026 1475 1067 inter
1505 1027 1631 1067 Indos
1661 1026 1849 1076 imbutus,
1872 1041 1996 1079 regno
2025 1029 2306 1070 florentissimo

273 1088 355 1129 iam
382 1103 455 1142 per
477 1103 607 1131 annos
633 1098 726 1130 octo
753 1103 827 1130 suo
854 1090 938 1131 iure
961 1090 1140 1142 praefuit.
1201 1090 1265 1130 Ibi
1285 1090 1424 1142 populi
1444 1090 1505 1130 sui
1527 1092 1580 1131 ad
1600 1092 1784 1140 fructum,
1806 1091 2040 1132 liberalitate
2068 1106 2159 1132 vere
2188 1095 2303 1145 regia,

273 1163 358 1191 non
395 1153 521 1193 modo
557 1152 810 1205 vectigalium
847 1152 1107 1204 plurimorum
1148 1166 1270 1192 onera
1305 1152 1536 1204 gravissima
1573 1153 1742 1202 sustulit,
1783 1154 1855 1194 sed
1897 1153 2018 1194 etiam
2056 1154 2304 1205 pestilentiae

272 1213 470 1267 famisque
490 1218 594 1256 mala
615 1218 741 1256 multa
760 1216 964 1268 mitigavit.
1025 1217 1142 1257 Idem
1161 1218 1214 1257 ad
1234 1216 1376 1256 urbem
1396 1216 1536 1268 ipsam,
1559 1218 1670 1268 quod
1690 1216 1800 1269 regni
1820 1216 1942 1258 totius
1966 1225 2087 1269 caput
2106 1226 2180 1268 est,
2199 1218 2303 1259 viam

271 1277 438 1319 ferream
462 1281 723 1321 muniendam
750 1280 911 1328 curavit,
934 1287 974 1320 et
1002 1279 1043 1319 in
1068 1280 1166 1320 urbe
1195 1279 1302 1332 regia
1330 1280 1556 1332 Collegium
1582 1282 1692 1321 haud
1720 1281 1777 1320 ita
1799 1280 1954 1332 pridem
1983 1281 2192 1321 conditum
2222 1282 2303 1322 suis

270 1339 463 1393 impensis
482 1345 594 1384 omni
613 1343 790 1384 docendi
808 1351 1001 1396 apparatu
1021 1343 1213 1383 instruxit.
1274 1345 1428 1395 Regem
1449 1345 1501 1384 de
1520 1346 1660 1396 populi
1680 1344 1742 1384 sui
1762 1346 1967 1385 iuventute
1983 1344 2204 1385 erudienda
2219 1353 2300 1385 tam

268 1406 470 1456 praeclare
489 1406 674 1447 meritum
694 1406 823 1447 laudis
835 1407 1112 1447 ,Academicae
1131 1420 1281 1447 corona
1300 1407 1471 1448 libenter
1490 1421 1742 1448 coronamus.

379 1469 499 1509 Duco
527 1470 581 1509 ad
609 1482 680 1509 vos
714 1471 851 1510 stellae
883 1469 1049 1510 Indicae
1081 1471 1258 1521 equitem
1291 1469 1501 1522 insignem,
1533 1471 1686 1510 SHAHU
1720 1472 2034 1512 CHHATRAPATI
2071 1472 2297 1519 MAHARAJ‚

269 1543 404 1583 regem
432 1532 485 1572 de
515 1533 736 1584 Kolhapur.

376 1647 489 1700 (349)
528 1650 663 1700 Quam
696 1647 826 1689 fidelis
858 1647 900 1688 in
938 1648 1106 1701 patriam
1144 1656 1184 1689 et
1221 1648 1318 1690 olim
1356 1657 1396 1690 et
1429 1663 1558 1702 nuper
1594 1650 1742 1691 exstitit
1780 1650 1985 1703 provincia
2022 1650 2089 1690 illa
2126 1650 2299 1690 maxima

267 1710 529 1760 Canadensis‚
543 1710 610 1751 cui
628 1712 815 1751 alumnus
830 1718 966 1751 noster
984 1710 1149 1762 insignis
1165 1713 1372 1763 quondam
1393 1726 1463 1764 per
1482 1712 1804 1764 quinquennium
1819 1713 2080 1765 praeposituS,
2094 1712 2298 1764 regionem

266 1771 376 1812 illam
395 1771 635 1814 immensam
655 1786 748 1813 cum
768 1772 939 1824 coniuge
960 1786 1031 1813 sua
1045 1773 1334 1824 acceptissima,
1352 1773 1534 1826 Reginae
1554 1774 1756 1815 Victoriae
1776 1774 1867 1823 filia,
1886 1774 2052 1815 feliciter
2065 1774 2295 1826 peragravit,

265 1842 513 1887 peragratam
539 1834 742 1876 coloribus
765 1834 907 1875 vividis
927 1835 1180 1887 descripsit²l
1239 1837 1357 1877 Idem
1384 1844 1552 1877 matrem
1578 1839 1788 1888 poetarum
1817 1851 1904 1878 esse
1931 1836 2196 1878 Caledoniam
2223 1850 2297 1877 suo

264 1898 450 1950 exemplo
495 1898 632 1939 denuo
678 1897 979 1948 comprobavit;
1026 1911 1159 1950 neque
1206 1899 1382 1939 eundem
1429 1898 1625 1939 sermonis
1667 1899 1862 1950 pedestris
1902 1901 2043 1939 Musas
2080 1898 2296 1939 severiores

262 1961 483 2014 neglexisse
502 1969 697 2003 testantur
715 1960 806 2001 libri
823 1967 864 2001 et
885 1961 1163 2002 Palmerstonii
1183 1969 1223 2002 et
1241 1961 1401 2014 reginae
1420 1962 1623 2002 Victoriae
1643 1963 1694 2002 de
1718 1962 1818 2011 vitis,
1841 1970 1881 2002 et
1901 1962 2056 2014 imperii
2077 1961 2297 2002 Britannici

262 2024 316 2066 de
333 2025 513 2077 partibus
532 2024 722 2066 omnibus
742 2026 902 2065 foedere
922 2024 963 2064 in
984 2038 1067 2065 uno
1087 2024 1370 2065 consociandis
1389 2025 1442 2065 ab
1461 2026 1607 2065 eodem
1629 2024 1875 2077 conscripti⁸.
1935 2027 2069 2065 Nemo
2090 2024 2296 2064 mirabitur

260 2088 390 2129 virum
408 2090 462 2130 de
480 2089 648 2142 imperio
669 2088 901 2129 Britannico
921 2096 1004 2129 tam
1023 2090 1224 2141 praeclare
1244 2090 1431 2129 meritum
1451 2095 1491 2129 et
1513 2088 1634 2140 Regis
1658 2088 1782 2141 ipsius
1805 2088 1978 2128 concilio
2002 2101 2089 2128 esse
2111 2088 2295 2129 additum

259 2158 301 2192 et
337 2152 490 2192 castelli
526 2151 623 2204 regii
661 2152 823 2191 scholae
860 2164 956 2191 suae
994 2151 1278 2191 celeberrimae
1311 2150 1432 2191 vicini
1470 2151 1681 2191 custodem
1715 2163 1803 2190 esse
1836 2151 2101 2190 nominatum.
2161 2151 2295 2190 Nemo

259 2213 466 2254 mirabitur
489 2213 803 2256 Universitatem
829 2221 1006 2253 nostram
1032 2215 1242 2253 alumnum
1269 2226 1387 2253 suurn
1411 2212 1609 2265 insignem
1636 2214 1790 2252 honore
1816 2213 1961 2253 eodem
1989 2212 2111 2252 hodie
2141 2211 2295 2263 dignari

259 2289 342 2330 quo
360 2284 515 2329 patrem
534 2277 631 2326 eius,
653 2277 780 2318 virum
800 2277 1006 2327 illustrem,
1027 2277 1177 2318 abhinc
1196 2290 1325 2317 annos
1345 2276 1619 2329 quadraginta,
1642 2276 1684 2316 in
1704 2277 1783 2315 hoc
1802 2276 1891 2327 ipso
1911 2277 2003 2315 loco
2023 2275 2187 2327 dignata
2201 2275 2291 2315 est⁴.

368 2342 585 2382 Praesento
633 2341 748 2381 vobis
795 2341 923 2381 virum
969 2342 1193 2381 admodum
1241 2340 1433 2389 nobilem,
1483 2341 1689 2379 IOANNEM
1741 2340 1946 2378 DOUGLAS
1995 2339 2293 2378 SUTHERLAND

259 2401 504 2452 CAMPBELL,
538 2405 696 2444 Ducem
725 2404 777 2444 de
806 2404 953 2455 Argyll.

368 2529 484 2584 (350)
515 2529 618 2570 Solis
641 2529 806 2570 orientis
829 2529 871 2568 in
890 2529 1052 2581 regione
1071 2531 1226 2580 positae
1246 2528 1402 2580 imperii
1420 2527 1608 2580 Japonici
1627 2528 1781 2567 insulae
1801 2540 1894 2567 curn
1914 2526 2054 2566 insulis
2073 2526 2218 2566 nostris
2237 2528 2291 2568 ad

257 2593 512 2635 occidentem
532 2594 660 2634 solem
680 2592 955 2644 spectantibus
974 2592 1143 2633 vinculis
1162 2592 1292 2633 indies
1317 2591 1529 2632 artioribus
1552 2591 1632 2631 iarn
1657 2592 1812 2631 dudum
1840 2589 2105 2638 consociatae,
2128 2591 2290 2631 foedere

257 2669 376 2707 novo,
410 2657 453 2697 in
482 2664 721 2710 perpetuum
753 2656 815 2710 (ut
848 2656 1072 2709 speramus)
1106 2658 1309 2706 duraturo,
1342 2669 1472 2707 nuper
1502 2662 1595 2695 sunt
1626 2654 1866 2694 coniunctae
1874 2655 1897 2693 ⁶.
1957 2654 2287 2694 Consentaneum

255 2719 444 2761 nimirum
463 2728 524 2761 est
543 2720 638 2761 solis
658 2720 821 2760 orientis
841 2722 1022 2760 tellurem
1042 2719 1150 2759 illam
1171 2732 1264 2759 cum
1284 2718 1453 2770 imperio
1473 2725 1610 2758 nostro
1630 2731 1701 2769 per
1723 2724 1783 2757 tot
1807 2715 1916 2756 orbis
1940 2723 2131 2756 terrarum
2155 2723 2288 2767 partes

253 2783 333 2824 late
351 2783 499 2824 diffuso
519 2782 753 2830 consociari,
774 2783 886 2834 quod
906 2781 1000 2822 solis
1020 2795 1209 2822 occasum
1230 2781 1382 2821 nescire
1403 2787 1571 2820 constat.
1630 2780 1758 2819 Adest
1777 2777 1835 2818 vir
1854 2778 1967 2818 cuius
1981 2777 2128 2818 auxilio
2144 2778 2287 2817 foedus

253 2845 354 2887 illud
373 2860 500 2898 nuper
518 2846 684 2887 feliciter
702 2848 852 2886 facturn
872 2855 932 2887 est
945 2861 965 2896 ,·-
986 2846 1100 2886 cuius
1119 2852 1231 2897 pater
1251 2846 1353 2885 inter
1372 2844 1522 2896 primos
1542 2843 1691 2882 insulas
1711 2841 1928 2893 Japonicas
1942 2840 2129 2892 gentibus
2144 2841 2286 2881 exteris

251 2908 488 2961 aperiendas
510 2922 599 2949 esse
621 2908 745 2949 sensit
757 2923 769 2958 3
798 2908 868 2961 qui
890 2908 931 2948 in
959 2908 1069 2958 urbe,
1091 2908 1203 2961 quod
1227 2907 1382 2959 imperii
1409 2905 1534 2946 nostri
1560 2912 1681 2957 eaput
1700 2911 1771 2953 est,
1793 2903 1890 2944 olim
1918 2905 2123 2952 educatus,
2145 2911 2286 2955 postea

253 2971 376 3012 totius
397 2974 582 3025 Europae
601 2985 733 3013 mores
752 2980 792 3013 et
815 2972 996 3012 instituta
1019 2970 1237 3023 exploravit
1250 2985 1261 3020 ;
1290 2970 1359 3022 qui
1384 2982 1546 3021 peregre
1572 2968 1738 3020 quidem
1764 2975 1804 3008 et
1828 2968 1967 3007 Serum
1992 2973 2032 3006 et
2060 2968 2284 3007 Russorum

339 3071 352 3093 ¹
376 3073 520 3116 Orderly
536 3073 660 3107 Officer
676 3078 712 3106 to
727 3073 874 3107 General
890 3073 1032 3106 Gaselee
1048 3072 1083 3104 in
1099 3072 1211 3104 North
1229 3070 1351 3107 China‚
1369 3071 1510 3111 August,
1535 3078 1628 3111 1900.
1767 3065 1781 3086 ²
1804 3065 1980 3098 Memories
1994 3065 2035 3107 of
2047 3065 2197 3105 Canada,
2217 3066 2284 3098 and

255 3118 435 3151 Canadian
451 3118 615 3150 Pictum.
786 3116 800 3137 ³
828 3117 922 3149 Tales
935 3117 1011 3149 and
1022 3117 1153 3154 Poems;
1178 3115 1256 3157 Life
1270 3114 1413 3157 quord
1424 3114 1644 3150 Palmerston,
1663 3110 1730 3143 and
1746 3110 1787 3153 qf
1798 3110 1905 3151 Queen
1931 3110 2076 3142 Victoria
2089 3120 2099 3148 ς
2123 3109 2288 3152 Imperial

252 3161 461 3195 Federation.
603 3160 618 3182 ⁴
642 3161 690 3194 At
705 3161 763 3193 the
783 3159 1029 3193 ‘Installation'
1046 3159 1084 3192 of
1096 3159 1246 3191 William
1262 3157 1466 3195 Cavendish,
1483 3155 1623 3189 seventh
1639 3154 1740 3188 Duke
1756 3154 1794 3187 os
1806 3153 2028 3191 Devonshire‚
2046 3162 2066 3196 9
2079 3153 2168 3196 June
2188 3152 2282 3187 1862.

252 3203 268 3225 ⁸
288 3205 364 3239 The
379 3205 677 3248 Anglo-Japanese
694 3205 850 3238 Alliance
865 3205 904 3237 of
917 3215 959 3247 30
971 3204 1049 3247 Jan.
1071 3213 1164 3247 ¹90²·

1237 3277 1311 3326 163
2043 3284 2171 3309 21›—2
