2704 3770
1114 367 1168 415 A
1174 367 1369 432 cademy
1403 366 1467 430 of
1489 366 1829 430 Montpellier.

472 512 726 551 recordamur
753 510 926 562 hospitio
949 524 1069 562 quam
1093 510 1271 551 iucundo
1295 517 1334 550 et
1357 509 1452 550 olim
1479 508 1720 557 Dobraeum,
1743 508 1812 559 qui
1836 516 1976 561 postea
1998 508 2214 549 litterarum
2241 509 2482 548 Graecarum

474 574 677 613 Professor
703 572 820 613 nobis
849 580 942 621 erat,
973 581 1013 612 et
1040 586 1167 624 nuper
1194 572 1352 623 linguae
1381 571 1546 611 Latinae
1576 572 1844 610 Professorem
1872 572 2084 619 nostrum¹‚
2113 572 2166 611 ad
2193 570 2308 611 ferias
2336 577 2483 611 vestras

473 636 693 674 saeculares
715 636 889 686 legatum
914 647 938 673 a
963 633 1081 673 nobis
1107 634 1283 683 missum,
1305 632 1562 685 exceperitis;
1590 633 1845 672 recordamur
1869 631 2044 683 denique
2069 631 2284 671 amicitiam
2307 645 2356 672 ex
2377 644 2484 672 com·

474 695 585 734 muni
607 696 828 736 studiorum
855 709 990 735 amore
1019 702 1165 744 natam,
1187 708 1289 746 quae
1312 694 1414 734 inter
1437 696 1644 734 alumnum
1669 701 1860 742 nostrum,
1883 694 2072 734 Carolum
2093 694 2285 742 Badham,
2307 700 2347 734 et
2372 694 2483 733 illum

471 757 603 809 ipsum
629 767 763 799 exorta
786 766 856 805 est,
879 772 1000 810 quem
1025 771 1134 798 nunc
1157 757 1328 797 maxime
1354 755 1600 796 desideratis.
1659 757 1835 796 Multum
1862 769 1957 796 sane
1980 754 2021 794 in
2045 756 2217 796 Conmo
2242 763 2281 795 et
2309 769 2391 805 VOS,
2411 755 2484 796 viri

473 819 703 869 doctissimi,
725 827 765 860 et
793 827 950 859 nosmet
978 819 1053 870 ipsi
1082 832 1208 870 nuper
1236 818 1440 858 amisimus
1454 832 1465 867 5
1493 817 1604 870 atqui
1631 817 1673 857 in
1701 816 1810 857 libris
1839 816 1930 865 suis,
1956 824 1996 857 et
2024 818 2206 857 doctrina
2233 824 2273 857 et
2299 817 2483 858 acumine

472 890 512 922 et
536 884 671 935 lepore
697 883 834 935 plenis,
857 883 1106 923 Aristarchus
1129 882 1194 922 ille
1217 889 1346 922 vester
1368 880 1486 921 nobis
1509 894 1591 920 non
1616 879 1747 920 minus
1771 893 1892 932 quam
1915 879 2029 920 vobis
2052 879 2122 919 diu
2145 887 2343 932 superstes
2366 879 2481 920 vivet.

471 946 801 986 Adulescentium
835 946 1104 986 studiosorum
1133 944 1318 984 manibus
1348 950 1527 983 teruntur
1554 950 1594 983 et
1623 942 1905 994 Xenophontis
1933 949 1972 981 et
2001 941 2143 992 Lysiae
2170 941 2366 983 editiones
2393 941 2484 982 illae

472 1006 742 1055 nitidissimae,
763 1016 803 1048 et
830 1008 951 1059 ipsius
977 1016 1017 1048 et
1042 1008 1209 1048 aliorum
1238 1007 1399 1059 ingenio
1428 1008 1649 1047 luculenter
1678 1007 1925 1046 emendatae.
1985 1005 2242 1046 Doctioribus
2268 1008 2485 1057 loquuntur

473 1070 724 1108 Miscellanea
747 1069 813 1109 illa
844 1070 1000 1118 Cn'tica,
1021 1077 1061 1109 et
1085 1071 1268 1109 Homero
1294 1069 1528 1108 illustrando
1551 1075 1591 1108 et
1616 1069 1881 1108 Demostheni
1904 1068 2230 1118 recognoscendo
2254 1066 2483 1119 praesertim

472 1130 680 1178 dedicata;
718 1131 786 1171 diu
820 1130 1075 1171 eruditissimi
1108 1130 1301 1182 cuiusque
1334 1130 1375 1169 in
1407 1129 1559 1170 deliciis
1590 1129 1750 1169 habitae
1783 1136 1875 1168 sunt
1908 1135 1948 1168 et
1988 1129 2130 1167 Variae
2160 1129 2244 1168 eius
2277 1136 2316 1168 et
2349 1130 2486 1169 Novae

471 1193 671 1239 Lectiones,
691 1192 732 1232 in
759 1192 905 1244 quibus
931 1205 1013 1232 non
1040 1192 1124 1232 sine
1150 1192 1336 1244 singulari
1359 1193 1533 1243 quadam
1558 1191 1751 1231 sermonis
1777 1189 1908 1229 Latini
1927 1189 2120 1242 elegantia
2146 1189 2299 1242 egregie
2318 1191 2483 1230 demon-

471 1255 604 1294 stravit
642 1263 835 1307 quantum
874 1255 1030 1306 linguae
1069 1256 1247 1294 Graecae
1284 1254 1471 1306 antiquae
1509 1253 1656 1293 sanitas
1693 1261 1733 1293 et
1769 1252 1970 1304 integritas
2007 1259 2046 1292 et
2083 1252 2216 1293 lucida
2252 1252 2482 1305 simplicitas

470 1318 718 1357 saeculorum
739 1319 1002 1357 recentiorum
1024 1316 1126 1357 vitiis
1146 1317 1356 1356 imminuta
1375 1324 1414 1356 et
1434 1316 1640 1368 inquinata
1659 1323 1773 1356 esset.
1832 1317 1965 1355 Nemo
1980 1322 2086 1355 certe
2100 1315 2203 1356 inter
2215 1316 2302 1356 aevi
2316 1315 2481 1356 huiusce

470 1378 693 1430 philologos
726 1379 962 1430 scriptorum
995 1379 1222 1419 Atticorum
1256 1378 1450 1430 pedestris
1487 1378 1718 1430 praesertim
1756 1378 1950 1418 sermonis
1987 1378 2319 1418 consuetudinem
2357 1378 2484 1419 incor-

470 1447 626 1491 ruptam
652 1440 776 1492 magis
802 1440 960 1492 penitus
985 1440 1193 1492 perspexit,
1215 1439 1339 1491 magis
1363 1446 1592 1479 constanter
1614 1439 1872 1487 conservavit,
1893 1440 1996 1479 adeo
2020 1446 2064 1478 ut
2086 1438 2127 1478 in
2147 1438 2228 1488 illo,
2249 1452 2331 1479 non
2350 1438 2482 1479 minus

469 1514 590 1552 quam
616 1502 657 1541 in
688 1504 997 1543 Hemsterhusio
1021 1515 1045 1541 a
1070 1503 1315 1542 Ruhnkenio
1341 1503 1515 1551 laudato,
1537 1501 1647 1553 ipsae
1669 1505 1678 1523 ‘
1692 1502 1875 1541 Athenae
1903 1502 1944 1541 in
1969 1502 2174 1542 Bataviam
2202 1501 2484 1554 commigrasse

469 1566 695 1605 viderentur
710 1565 748 1603 ’⁹‚
811 1565 943 1605 Etiam
967 1566 1019 1605 de
1044 1564 1132 1616 ipso
1158 1564 1351 1617 imprimis
1370 1578 1462 1605 vera
1484 1572 1544 1604 est
1569 1566 1655 1605 laus
1674 1564 1752 1613 illa,
1774 1578 1895 1617 quam
1918 1565 1959 1604 in
1979 1565 2159 1606 oratione
2178 1565 2479 1617 elegantissima,

469 1640 548 1678 qua
568 1627 803 1668 Professoris
824 1641 969 1667 munus
988 1627 1215 1678 auspicatus
1235 1634 1305 1675 est,
1328 1628 1526 1678 Scaligero
1545 1635 1675 1667 vestro
1695 1628 1897 1680 aptissime
1916 1628 2053 1668 tribuit
2068 1628 2242 1669 z—illum
2259 1628 2335 1668 sibi
2353 1629 2481 1669 visum

468 1702 554 1729 esse
582 1702 709 1740 paene
734 1689 898 1740 perfecti
926 1688 1050 1729 critici
1079 1688 1292 1740 imaginem
1322 1687 1494 1729 referre³.
1555 1691 1695 1730 Restat
1723 1697 1767 1730 ut
1795 1703 1869 1730 nos
1898 1703 2071 1742 quoque,
2099 1690 2307 1731 vobiscum
2336 1691 2480 1731 eodem

469 1753 607 1792 dolore
644 1752 766 1792 hodie
803 1752 1018 1799 coniuncti,
1053 1751 1122 1792 viri
1161 1751 1261 1792 tanti
1298 1751 1533 1792 memoriam
1575 1752 1831 1793 veneratione
1869 1752 2005 1793 debita
2042 1752 2161 1792 etiam
2198 1753 2240 1793 in
2278 1760 2480 1805 posterum

469 1815 659 1853 colamus.
718 1813 883 1853 Interim
903 1813 1096 1865 philologi
1115 1813 1248 1865 magni
1268 1814 1389 1853 verba
1407 1813 1458 1853 ab
1478 1813 1566 1865 ipso
1585 1815 1791 1864 quondam
1811 1815 1973 1854 laudata
1989 1814 2169 1862 mutuati,
2187 1815 2386 1867 exemplar
2397 1821 2479 1854 tam

468 1875 700 1915 admirabile
738 1877 844 1915 velut
882 1889 904 1916 e
942 1875 1163 1928 longinquo
1200 1877 1545 1927 alloquemur:—‘
1556 1877 1620 1915 Tu
1654 1875 1771 1915 nobis
1808 1875 1977 1927 effigiem
2015 1875 2163 1927 ingenii
2201 1883 2241 1916 et
2276 1875 2481 1916 doctrinae

468 1951 692 1990 expressam
722 1938 836 1977 dabis
866 1951 988 1990 quarn
1017 1939 1246 1978 intueantur
1274 1938 1470 1978 bonarum
1498 1937 1642 1978 artium
1672 1938 1894 1978 studiosi’⁴.

574 2001 715 2040 Valete
735 2007 774 2040 et
795 2000 911 2039 vestri
931 2001 1113 2039 omnium
1134 1999 1320 2039 maeroris
1340 2013 1414 2039 nos
1435 2012 1596 2051 quoque
1615 1999 1827 2051 participes
1847 2012 1933 2039 esse
1953 1999 2144 2052 patimini.

575 2080 730 2118 Datum
755 2080 1032 2129 Cantabrzgriae

673 2134 807 2184 pridie
825 2134 914 2173 idus
932 2134 1166 2172 Novembres

789 2188 841 2226 A.
865 2189 903 2227 S.
928 2187 1268 2226 MDCCCLXXX1x⁵.

466 2342 694 2381 Academiae
721 2342 1083 2392 Montepessulanae
1109 2343 1269 2381 Rectori
1291 2347 1330 2380 et
1354 2341 1639 2391 Professoribus
1663 2342 1709 2381 S.
1730 2342 1778 2380 P.
1799 2342 1857 2380 D.
1887 2342 2098 2380 Academia
2133 2342 2474 2392 Cantabmgienstk.

577 2423 690 2476 (542)
712 2424 812 2463 NON
841 2422 926 2462 sine
948 2423 1102 2474 pudore
1124 2422 1259 2473 aliquo
1288 2423 1537 2472 confitemur,
1558 2422 1707 2463 litteras
1735 2423 1855 2463 hasce
1883 2430 2059 2462 nostram
2089 2436 2180 2475 erga
2209 2437 2279 2463 vos
2307 2423 2477 2464 benevo-

466 2485 627 2526 lentiam
660 2484 919 2535 animumque
951 2485 1166 2523 fraternum
1199 2491 1389 2524 testantes
1422 2484 1626 2536 aliquanto
1660 2484 1783 2524 serius
1815 2485 1867 2524 ad
1901 2497 1970 2524 vos
2004 2485 2106 2524 mitti
2136 2498 2257 2537 quam
2287 2485 2474 2537 oportuit.

467 2547 591 2600 Atqui
610 2560 657 2586 ex
676 2546 762 2598 ipsa
781 2559 902 2594 mora,
925 2558 1045 2596 quam
1067 2558 1149 2585 non
1169 2547 1354 2586 consulto
1374 2547 1445 2586 sed
1465 2559 1560 2586 casu
1579 2544 1854 2597 interpositam
1874 2558 1961 2585 esse
1981 2545 2117 2596 nostis,
2139 2545 2181 2586 id
2200 2547 2338 2586 saltem
2359 2546 2476 2587 nobis

466 2611 507 2650 in
540 2613 651 2650 lucro
683 2624 770 2650 esse
803 2611 1052 2661 deputamus,
1083 2611 1193 2661 quod
1227 2623 1308 2649 non
1343 2616 1499 2649 tantum
1533 2609 1587 2648 ob
1616 2622 1744 2649 annos
1772 2616 1979 2648 sexcentos
2013 2609 2064 2648 ab
2097 2608 2317 2649 Academia
2348 2617 2476 2650 vestra

464 2674 626 2715 feliciter
659 2675 846 2725 expletos,
869 2674 940 2712 sed
972 2673 1092 2712 etiam
1122 2673 1176 2713 ob
1204 2672 1309 2724 ipsas
1337 2673 1452 2712 ferias
1483 2679 1630 2712 vestras
1659 2672 1888 2719 saeculares,
1919 2670 2140 2711 occasionis
2170 2678 2250 2711 tarn
2279 2673 2405 2713 laetae
2432 2671 2474 2712 in

466 2735 698 2776 memoriam
718 2741 830 2773 tanto
850 2747 941 2774 cum
962 2735 1174 2785 splendore
1194 2747 1320 2786 nuper
1339 2734 1567 2781 celebratas,
1590 2746 1698 2773 nunc
1721 2734 1885 2773 demum
1908 2739 2087 2784 tempore
2111 2740 2338 2785 opportuno
2359 2733 2474 2774 vobis

465 2799 653 2839 omnibus
684 2796 868 2849 gratulari
900 2810 1123 2847 possumus.
1181 2798 1345 2836 Vestros
1379 2802 1484 2836 certe
1517 2795 1619 2835 inter
1646 2797 1810 2835 annales
1842 2794 1912 2834 viri
1945 2794 2103 2846 plurimi
2132 2796 2302 2843 elucent,
2331 2802 2400 2835 aut
2430 2794 2473 2835 in

464 2860 602 2902 litteris
634 2867 702 2899 aut
735 2859 776 2898 in
809 2858 891 2898 iure
924 2866 992 2898 aut
1020 2858 1061 2898 in
1090 2858 1290 2898 medicina
1319 2870 1529 2909 rerumque
1563 2863 1725 2896 naturae
1757 2855 2059 2907 investigatione
2091 2855 2271 2904 illustres,
2301 2870 2471 2908 quorum

465 2922 629 2963 nomina
657 2921 775 2961 etiam
804 2928 955 2961 exteras
983 2920 1084 2961 inter
1110 2928 1249 2972 gentes
1277 2933 1360 2960 non
1389 2919 1524 2971 ignota
1552 2925 1652 2959 sunt.
1714 2918 1852 2958 Hodie
1880 2931 1973 2957 vero
2001 2930 2083 2957 non
2112 2917 2190 2957 iam
2223 2919 2471 2959 saeculorum

463 2983 763 3036 praeteritorum
788 2982 829 3022 in
855 2982 1236 3023 commemoratione
1261 2981 1405 3022 versari
1429 2982 1637 3021 volumus:
1666 2979 1774 3019 iuvat
1799 2978 1932 3031 potius
1958 2978 1999 3018 in
2025 2985 2229 3030 posterum
2251 2986 2400 3032 optare,
2427 2987 2472 3020 ut

551 3090 563 3111 1
583 3092 616 3134 J.
634 3091 674 3124 E.
693 3091 732 3123 Β.
749 3091 881 3132 Mayor,
902 3092 994 3132 1875.
1136 3088 1151 3110 ²
1172 3090 1273 3132 Elogc
1275 3100 1333 3122 um
1349 3088 1608 3126 Hemsterlzusii,
1625 3098 1695 3131 p.4
1675 3088 1729 3129 4‚8
1746 3087 1799 3120 ed.
1820 3087 1913 3132 1789
2066 3085 2081 3107 ³
2106 3087 2233 3124 Oratio,
2254 3075 2293 3120 18
2293 3094 2348 3129 47,
2365 3098 2400 3131 p.
2417 3095 2470 3129 25

465 3133 477 3153 4
504 3134 743 3175 otat201864‚
819 3145 867 3176 13.
1055 3131 1069 3153 ⁵
1093 3133 1307 3175 Unofficially
1323 3132 1453 3165 written
1470 3137 1504 3165 at
1520 3132 1577 3164 the
1592 3131 1783 3174 suggestion
1799 3131 1838 3163 of
1851 3130 2019 3163 Professor
2031 3130 2121 3173 Jebb
2135 3131 2202 3163 and
2217 3131 2276 3163 the
2289 3134 2422 3174 request
2436 3130 2475 3163 of

463 3177 520 3210 the
537 3177 668 3223 Special
685 3178 792 3212 Board
810 3177 861 3211 for
875 3177 1030 3218 Classics,
1048 3177 1115 3213 and
1130 3177 1246 3221 signed
1263 3177 1308 3220 by
1321 3186 1414 3209 more
1428 3175 1510 3208 than
1527 3183 1568 3219 70
1584 3175 1731 3210 scholars
1746 3174 1914 3208 resident
1906 3184 1941 3206 1n
1958 3174 2171 3216 Cambridge

1434 3260 1509 3296 242
