2704 3770
1202 308 1350 356 Lord
1390 308 1743 373 Walsz'ngbam.

458 452 645 504 singulari
676 454 902 493 salutamus.
962 455 1187 493 Salutamus
1216 453 1448 505 episcopum
1478 453 1655 505 episcopi
1683 453 1819 502 filium,
1850 453 2021 494 filiorum
2051 468 2211 495 suorum
2240 455 2281 496 in
2310 457 2471 498 Christo

457 528 591 555 revera
628 523 792 567 patrem,
828 516 897 568 qui
934 523 1040 556 trans
1078 529 1227 568 aequor
1264 516 1511 556 Atlanticum
1548 515 1696 556 abhinc
1732 529 1860 555 annos
1898 524 1976 556 tres
2009 524 2049 556 et
2085 517 2223 569 viginti
2260 519 2471 572 episcopus

456 577 697 617 Albanensis
743 585 1008 626 consecratus,
1048 577 1234 629 Angliam
1274 585 1450 617 nostram
1488 577 1637 618 idcirco
1674 577 1894 617 identidem
1934 577 2077 625 invisit,
2121 586 2165 618 ut
2211 579 2467 620 ecclesiarum

456 646 678 679 nostrarum
699 640 984 680 cathedralium
1005 653 1087 679 non
1108 642 1230 680 modo
1250 639 1431 680 aedificia
1457 642 1528 680 sed
1554 640 1671 679 etiam
1697 639 1874 679 instituta
1894 639 2052 691 penitus
2077 642 2327 692 perdisceret,
2347 651 2468 694 atque

456 714 478 740 e
497 708 556 740 tot
575 701 766 753 exemplis
786 701 982 753 optimum
1006 701 1184 753 quidque
1210 715 1303 741 suos
1330 702 1370 740 in
1396 714 1491 741 usus
1517 708 1772 741 converteret.
1831 701 1939 741 Olim
1965 702 2094 742 verbis
2120 716 2239 754 quam
2266 703 2469 755 exquisitis

454 763 710 803 ecclesiarum
765 762 918 803 illarum
966 763 1199 815 dignitatem
1247 763 1664 815 descripsit,—aedem
1717 764 2012 815 pulchritudine
2062 765 2277 805 venerabili
2327 767 2467 807 urbem

454 825 726 866 subiacentem
755 834 1014 866 coronantem
1043 834 1082 866 et
1114 834 1426 875 consecrantem,
1462 828 1578 866 horas
1610 835 1904 878 praetereuntes
1928 841 2029 868 sono
2056 828 2166 868 suavi
2199 828 2463 879 nuntiantem,

454 890 703 929 saeculorum
733 888 1031 940 praeteritorum
1066 889 1298 930 memoriam
1330 889 1477 929 cotidie
1511 897 1778 938 renovantem,
1816 898 2050 942 mentesque
2081 904 2105 931 a
2135 891 2382 932 terrestribus
2413 893 2467 933 ad

453 950 638 990 caelestia
657 952 939 991 revocantem1.
999 952 1113 991 Idem
1134 964 1260 1002 nuper
1278 951 1414 991 animo
1434 964 1554 1003 quam
1573 959 1684 1002 grato
1705 951 1745 990 in
1765 953 1859 992 sede
1880 965 1950 991 sua
1970 953 2186 1004 episcopali
2205 954 2398 1005 templum
2418 967 2466 994 ex

452 1010 547 1062 ipsis
573 1012 842 1052 fundamentis
870 1012 1016 1052 sensim
1044 1025 1206 1063 surgens
1233 1012 1394 1064 aspexit,
1426 1012 1495 1052 ubi
1525 1012 1751 1064 provinciae
1776 1013 1897 1052 totius
1924 1015 2030 1053 velut
2057 1027 2124 1053 ara
2152 1015 2346 1066 focusque
2373 1028 2466 1056 con-

452 1071 611 1112 stitutus
631 1080 691 1112 est
703 1087 715 1122 3
740 1073 809 1112 ubi
828 1080 887 1113 tot
907 1075 1128 1121 columnae,
1145 1087 1336 1113 manuum
1349 1074 1502 1125 piarum
1515 1074 1747 1114 liberalitate
1760 1082 1991 1123 exstructae,
2004 1075 2214 1115 nominum
2235 1075 2461 1128 insignium,

452 1134 660 1174 nominum
703 1148 915 1184 sacrorum,
955 1135 1164 1175 nominum
1207 1135 1443 1176 dilectorum
1487 1135 1719 1176 memoriam
1761 1144 1996 1176 conservant
2009 1151 2020 1186 3
2067 1137 2137 1176 ubi
2174 1144 2233 1177 tot
2270 1139 2465 1179 fenestrae

451 1195 617 1244 lucidae,
640 1203 708 1235 aut
735 1196 914 1247 Gregorii
945 1197 1094 1248 Magni,
1121 1205 1189 1236 aut
1220 1199 1381 1237 Baedae
1409 1198 1668 1245 Venerabilis,
1690 1204 1758 1236 aut
1787 1198 1922 1237 Sancti
1953 1198 2110 1246 Albani,
2140 1198 2257 1250 primi
2286 1200 2464 1252 martyris

450 1258 618 1310 Anglici,
658 1266 727 1299 aut
764 1260 932 1299 Sanctae
972 1262 1230 1311 Margaretae,
1266 1260 1423 1311 reginae
1462 1261 1741 1308 Caledonicae,
1781 1259 1953 1300 historiis
1990 1260 2232 1301 illustrantur
2244 1275 2256 1310 ;
2297 1262 2367 1302 ubi
2403 1270 2463 1303 tot

450 1321 647 1361 donorum
668 1323 856 1374 splendor
875 1335 1002 1361 novus
1022 1322 1240 1362 sanctitatis
1258 1322 1410 1374 priscae
1429 1324 1537 1362 velut
1557 1322 1728 1373 imagine
1748 1322 2015 1371 illuminatur;
2045 1324 2114 1364 ubi
2137 1324 2263 1364 crucis
2289 1325 2464 1377 denique

449 1381 617 1433 signum,
638 1382 838 1434 lapidibus
857 1382 1039 1433 pretiosis
1058 1383 1290 1422 decoratum
1310 1391 1349 1423 et
1369 1382 1546 1434 episcopi
1565 1383 1688 1434 ipsius
1708 1383 1749 1422 in
1778 1383 1866 1422 sinu
1890 1397 2138 1435 suspensum,
2161 1387 2283 1426 corda
2307 1399 2462 1427 sursum

449 1447 501 1485 ad
548 1445 747 1486 civitatem
790 1447 1001 1486 caelestem
1038 1453 1165 1494 vocat,
1205 1446 1317 1485 cuius
1355 1447 1616 1485 fundamenta
1653 1453 1744 1485 sunt
1782 1445 1892 1485 omni
1930 1446 2062 1498 lapide
2099 1447 2273 1499 pretioso
2310 1457 2459 1499 ornata,

449 1515 666 1559 portaeque
695 1509 871 1560 singulae
899 1521 947 1548 ex
975 1508 1137 1559 singulis
1169 1508 1385 1560 margaritis
1414 1508 1610 1548 conditae.
1682 1508 1759 1548 Dei
1785 1509 1951 1548 domum
1981 1516 2062 1549 tam
2087 1517 2295 1561 augustam
2323 1512 2463 1562 procul

449 1572 717 1623 contemplati,
749 1574 1004 1613 recordamur
1036 1585 1150 1612 arcae
1181 1572 1338 1612 divinae
1367 1572 1666 1611 tabernaculum
1698 1572 1938 1611 Iudaeorum
1967 1586 1990 1611 a
2018 1586 2108 1624 rege
2136 1573 2197 1613 his
2225 1575 2306 1613 fere
2333 1573 2462 1614 verbis

448 1632 544 1672 olim
564 1633 793 1673 dedicatum
809 1635 1047 1674 z—‘Afferte
1068 1633 1247 1673 Domino
1266 1633 1430 1684 gloriam
1451 1641 1490 1673 et
1510 1634 1703 1673 honorem
1718 1648 1728 1682 3
1756 1633 1891 1673 afferte
1911 1634 2030 1683 dona,
2058 1641 2097 1674 et
2120 1634 2278 1675 introite
2304 1635 2345 1675 in
2363 1635 2462 1675 atria

450 1695 534 1735 eius
548 1710 559 1744 3
586 1697 750 1736 adorate
772 1697 992 1737 Dominum
1012 1695 1052 1735 in
1073 1697 1218 1736 decore
1237 1703 1376 1735 sancto
1390 1695 1428 1735 ’².

558 1760 675 1798 Duco
694 1760 746 1799 ad
766 1773 836 1799 vos
851 1760 978 1799 virum
994 1760 1213 1799 admodum
1230 1760 1501 1808 reverendum,
1519 1760 1766 1798 WILELMUM
1783 1760 2015 1800 CRoswssLL
2031 1761 2195 1809 DoANE,
2214 1762 2458 1814 Episcopum

447 1820 729 1861 Albanensem.

1259 2034 1316 2078 16
1341 2029 1484 2095 June
1526 2032 1644 2090 1891

668 2149 1036 2212 Inauguratz'on
1072 2148 1136 2211 of
1159 2149 1307 2197 Lord
1348 2149 1688 2213 Walsz'nglzam
1723 2167 1780 2198 as
1813 2149 1961 2213 szglz
1998 2149 2236 2198 Steward

554 2263 669 2316 (173)
699 2265 895 2304 MULTUM
929 2264 968 2304 in
1003 2278 1161 2306 summo
1192 2267 1447 2306 Seneschallo
1480 2274 1616 2306 nostro
1643 2280 1769 2318 nuper
1795 2266 2023 2316 amisimus3
2062 2267 2129 2318 qui
2163 2267 2457 2320 duodetriginta

444 2340 571 2367 annos
590 2327 836 2379 amplissimo
855 2327 923 2367 illo
942 2329 1102 2368 functus
1122 2329 1264 2378 officio,
1285 2342 1406 2370 aureo
1431 2331 1671 2370 numismate
1697 2330 1861 2369 carmini
1884 2331 2044 2370 heroico
2072 2330 2215 2370 Latino
2234 2344 2305 2383 per
2327 2345 2455 2372 annos

445 2391 669 2442 complures
716 2391 878 2438 donato,
918 2398 957 2430 et
1003 2390 1198 2443 insignem
1245 2392 1461 2432 litterarum
1509 2393 1789 2434 humaniorum
1835 2407 2010 2434 amorem
2059 2401 2098 2434 et
2139 2393 2323 2434 eximiam
2342 2400 2344 2402 '
2365 2408 2456 2447 erga

443 2452 704 2492 Academiam
742 2452 1062 2493 benevolentiam
1101 2455 1347 2495 testabatur³.
1406 2456 1579 2496 Carmen
1609 2463 1742 2496 autem
1774 2457 1943 2497 audietis
1981 2457 2102 2497 hodie
2139 2457 2315 2508 praemio
2351 2457 2456 2498 illius

444 2523 639 2564 ornatum,
669 2529 829 2556 carmen
855 2516 1120 2557 Timoleontis
1149 2518 1190 2557 in
1219 2519 1376 2558 laudem
1402 2518 1683 2570 conscriptum,
1709 2520 1777 2570 qui
1803 2520 1898 2559 olim
1928 2519 2086 2561 Crimisi
2114 2519 2175 2572 (ut
2203 2520 2455 2574 meministis)

441 2578 493 2616 ad
513 2577 636 2628 ripam
657 2590 895 2629 progressuS‚
918 2578 1108 2618 militibus
1123 2579 1204 2619 suis
1224 2579 1359 2619 omine
1374 2579 1483 2620 triste
1497 2580 1674 2620 attonitis
1695 2581 1848 2633 egregie
1867 2581 2042 2621 ostendit
2061 2581 2140 2633 apii
2160 2594 2350 2623 coronam
2369 2595 2452 2623 non

442 2647 687 2679 mortuorum
709 2642 831 2680 modo
851 2641 1040 2692 sepulcris
1056 2643 1127 2682 sed
1147 2642 1266 2682 etiam
1282 2650 1374 2682 ante
1395 2642 1530 2682 omnia
1549 2642 1744 2683 victorum
1757 2643 1952 2683 frontibus
1965 2657 2051 2683 esse
2070 2643 2287 2684 idoneam⁴.
2347 2645 2452 2696 Ergo

442 2703 683 2742 Seneschalli
711 2717 735 2743 a
763 2703 879 2743 nobis
907 2705 1060 2756 abrepti
1089 2706 1271 2756 sepulcro
1300 2718 1447 2745 corona
1471 2713 1604 2745 nostra
1628 2708 1992 2757 quantulacumque
2017 2718 2098 2745 non
2126 2705 2211 2745 sine
2235 2706 2452 2746 reverentia

441 2763 637 2815 imposita,
668 2764 788 2804 hodie
819 2778 1089 2806 successorem
1123 2766 1207 2806 eius
1238 2766 1440 2815 illustrem,
1471 2766 1732 2807 certaminum
1766 2767 2031 2818 complurium
2061 2766 2262 2816 victorem,
2284 2767 2453 2807 libenter

441 2838 688 2866 coronamus.
748 2826 854 2867 Olim
891 2829 1056 2876 Etonae‚
1092 2835 1231 2879 postea
1265 2827 1553 2879 Cantabrigiae,
1589 2827 1630 2866 in
1662 2829 1758 2867 ludo
1788 2827 1999 2879 campestri
2031 2829 2283 2879 spectandus,
2319 2841 2452 2880 saepe-

441 2900 607 2927 numero
630 2895 711 2927 erat
732 2888 792 2938 (ut
816 2889 968 2927 Graece
997 2888 1145 2940 dicam)
1167 2887 1217 2930 εἷς
1242 2890 1315 2928 τῶν
1338 2888 1476 2928 ἕνδεκα.
1535 2890 1616 2928 Suo
1642 2888 1758 2940 igitur
1787 2888 1827 2927 in
1854 2890 1938 2928 foro
1964 2888 2158 2928 iuventuti
2185 2889 2452 2930 Academicae

439 2949 557 2989 iudex
585 2951 716 2990 nullus
745 2950 816 2990 erit
845 2951 1061 3002 benignior,
1088 2953 1219 2990 nullus
1247 2951 1463 3003 gratiosior.
1523 2952 1651 2996 Idem,
1677 2950 1807 2990 avium
1838 2951 2007 2990 ferarum
2035 2958 2199 2991 venator
2226 2951 2450 3000 acerrimus,

525 3052 537 3072 ¹
562 3053 617 3085 An
633 3054 846 3086 abbreviated
863 3054 1038 3095 rendering
1053 3054 1091 3086 of
1109 3065 1129 3086 a
1144 3065 1284 3097 passage
1300 3055 1334 3086 in
1351 3054 1407 3087 the
1420 3053 1575 3096 Bishop’s
1590 3054 1727 3086 address
1743 3058 1778 3086 to
1794 3053 1844 3085 his
1869 3053 2081 3086 Convention
2104 3054 2138 3086 in
2166 3056 2258 3096 1874,
2271 3054 2395 3097 quoted
2407 3064 2452 3086 on

439 3107 472 3137 p.
494 3107 531 3128 22
550 3097 587 3128 of
604 3097 659 3129 the
676 3098 863 3129 Historical
874 3099 945 3129 and
957 3098 1208 3129 Architectural
1223 3098 1330 3130 Guide
1347 3102 1379 3130 to
1395 3099 1448 3130 the
1467 3098 1648 3129 cathedral
1660 3097 1701 3139 of
1715 3098 1780 3129 All
1791 3097 1917 3136 Saints,
1935 3097 2069 3138 Albany
2085 3098 2152 3137 (ed.
2172 3096 2280 3140 1891),
2300 3097 2409 3130 which
2424 3097 2452 3130 is

438 3139 509 3171 also
525 3140 581 3171 the
596 3150 711 3172 source
727 3141 764 3172 of
775 3151 866 3173 some
882 3141 920 3172 of
931 3141 988 3172 the
1004 3141 1204 3183 subsequent
1221 3141 1350 3173 details.
1483 3139 1496 3159 2
1524 3151 1535 3172 1
1559 3141 1681 3172 Chron.
1699 3140 1753 3171 xvi
1772 3150 1822 3182 29·
1957 3139 1970 3160 ⁵
1994 3141 2139 3172 Edward
2153 3141 2269 3183 James
2291 3140 2449 3180 Herbert,

440 3182 518 3215 Earl
534 3183 572 3214 of
585 3183 692 3215 Powis
707 3183 897 3226 (1818—91)‚
919 3184 1013 3226 High
1031 3183 1180 3216 Steward
1203 3184 1360 3226 1863—91.
1492 3183 1505 3203 4
1530 3184 1696 3221 Plutarch,
1720 3184 1894 3221 Timoleon,
1915 3183 1967 3216 26.

1421 3256 1471 3295 88
