2704 3770
523 339 700 386 Baron
734 335 963 384 Plunket.
1035 336 1108 385 W.
1148 336 1209 385 P.
1249 337 1301 384 A
1308 337 1453 386 ustz‘n.
1515 337 1573 403 J.
1613 337 1825 403 Medley.
1898 339 1964 386 E.
2003 338 2067 387 R.
2094 338 2336 404 Johnson.

431 483 691 522 fundamenta
709 480 854 533 posuit.
913 482 975 520 Ex
994 480 1061 520 illo
1081 488 1214 521 autem
1233 494 1353 530 anno,
1375 480 1477 521 inter
1495 481 1623 522 varios
1645 494 1770 529 casus,
1791 481 2180 534 archiepiscoporum
2206 484 2294 536 plus
2320 497 2441 536 quam

431 551 594 584 centum
614 542 733 583 series
753 543 890 582 sedern
910 541 1016 581 illam
1036 541 1352 594 antiquissimam
1372 542 1536 583 ornavit.

541 608 659 646 Duco
696 607 748 646 ad
784 619 855 645 vos
893 607 1138 645 ROBERTUM
1179 607 1322 654 KNox‚
1362 605 1605 645 Academiae
1645 604 1904 645 Dublinensis
1943 606 2161 656 alumnum,
2201 609 2441 660 collegarum

429 671 671 722 optimorum
698 668 889 720 suffragiis
909 667 1252 720 archiepiscopum
1277 669 1604 716 Armachensem,
1626 667 1847 708 Hiberniae
1870 667 1991 708 totius
2014 668 2234 720 primatem,
2255 671 2438 710 electum.

540 793 654 847 (145)
680 795 784 835 Cum
815 792 1035 833 Hiberniae
1061 792 1228 833 ecclesia
1255 792 1454 832 amicitiae
1479 792 1563 832 iura
1591 793 1680 844 plus
1707 806 1827 844 quam
1857 794 1979 833 semel
2005 792 2126 833 hodie
2153 792 2322 834 libenter
2349 808 2442 835 con-

431 858 644 905 firmamus,
665 857 762 896 dum
783 856 890 895 urbis
911 855 1170 895 Dublinensis
1190 857 1325 895 sedem
1346 855 1551 906 antiquam
1571 854 1849 907 episcopalem,
1872 855 2150 908 episcoporum
2175 856 2338 908 quidem
2362 859 2443 899 fere

431 919 642 969 sexaginta,
671 917 1060 968 archiepiscoporum
1086 924 1220 956 autern
1250 918 1329 957 fere
1356 917 1643 969 quinquaginta
1670 917 1767 957 serie
1797 917 2028 957 illustratam
2057 919 2277 958 laudamus.
2334 921 2443 960 Nota

430 980 618 1019 omnibus
638 978 805 1019 ecclesia
824 978 890 1017 illa
909 978 1145 1017 cathedralis
1165 978 1300 1018 Sancti
1321 978 1478 1018 Patricii
1503 979 1544 1018 in
1570 980 1764 1018 honorem
1791 980 1886 1019 olim
1912 979 2085 1028 condita,
2108 987 2147 1019 et
2171 979 2442 1022 munificentia

430 1042 601 1082 maxima
619 1056 644 1082 a
662 1041 747 1081 cive
767 1040 941 1093 egregio¹
961 1042 1002 1079 in
1021 1042 1274 1091 splendorem
1295 1040 1503 1093 pristinum
1524 1055 1649 1092 nuper
1668 1040 1856 1081 restituta.

539 1106 657 1146 Duco
685 1106 737 1144 ad
765 1118 835 1144 vos
859 1103 954 1143 civis
979 1103 1079 1143 tanti
1103 1117 1303 1155 generum,
1332 1104 1495 1144 oratoris
1518 1104 1831 1155 eloquentissimi
1857 1111 2056 1156 nepotem,
2078 1104 2204 1144 virum
2232 1105 2439 1158 optimum,

429 1169 538 1220 pacis
557 1175 597 1208 et
616 1167 854 1208 concordiae
873 1166 1058 1214 amicum,
1081 1168 1280 1207 Batonem
1301 1169 1519 1215 PLUNKET,
1542 1166 1885 1219 archiepiscopum
1907 1166 2208 1208 Dublinensem.

537 1293 651 1346 (146)
680 1295 747 1333 Ad
773 1292 993 1334 occidentis
1019 1294 1167 1332 insulas
1193 1292 1325 1332 statim
1351 1300 1596 1332 transeamus
1623 1299 1662 1332 et
1688 1291 1895 1332 Americae
1920 1291 2113 1333 Australis
2131 1292 2245 1333 litora
2264 1293 2442 1344 proxima

429 1364 621 1408 petamus.
679 1356 831 1397 Videor
856 1356 954 1396 mihi
980 1355 1182 1407 regionem
1209 1355 1316 1395 illam
1340 1355 1562 1395 fabulosam
1590 1368 1710 1406 quam
1738 1355 1900 1395 Raleius
1926 1368 2022 1394 auro
2049 1356 2196 1406 fulgere
2221 1355 2439 1407 dictitabat,

428 1419 600 1460 veritatis
620 1421 708 1460 luce
728 1419 989 1459 illuminatam
1009 1419 1154 1459 videre.
1211 1418 1343 1458 Video
1361 1419 1535 1457 advenas
1555 1418 1606 1456 ab
1626 1417 1760 1457 Africa
1774 1417 1870 1457 olim
1885 1417 2085 1465 advectos,
2102 1417 2221 1458 video
2241 1418 2441 1459 subiectos

428 1483 633 1533 quondam
656 1481 838 1521 ‘orientis
858 1494 950 1521 orae
970 1482 1082 1520 Seras
1102 1488 1141 1520 et
1161 1481 1287 1519 Indos
1302 1480 1340 1528 ’2,
1362 1492 1443 1519 uno
1462 1478 1503 1518 in
1526 1478 1715 1526 Domino,
1736 1492 1817 1518 una
1835 1480 1876 1518 in
1897 1479 1986 1527 fide,
2009 1478 2173 1519 feliciter
2191 1479 2439 1522 coniunctos.

427 1544 559 1584 Video
596 1543 770 1584 fluminis
809 1545 1049 1584 Demerarae
1087 1545 1298 1584 decursum
1338 1541 1521 1582 lintribus
1563 1542 1747 1582 crebrum
1760 1556 1771 1592 ;
1816 1541 1938 1582 audio
1984 1541 2259 1593 indigenarum
2304 1557 2441 1596 preces

420 1605 627 1658 religionis
655 1619 777 1657 purae
804 1618 928 1656 aquas
955 1606 1136 1645 lustrales
1165 1603 1448 1656 poscentium³.

538 1669 655 1707 Duco
688 1667 740 1706 ad
773 1680 843 1706 vos
876 1668 1124 1707 WrLELMUM
1159 1668 1318 1706 Pmncv
1351 1667 1528 1713 Ausrm,
1566 1665 1734 1717 Collegii
1768 1665 2004 1706 Exoniensis
2034 1667 2239 1718 quondam
2272 1666 2437 1717 socium,

427 1729 619 1770 ecclesiae
642 1730 886 1781 Anglicanae
912 1728 1191 1780 episcoporum
1215 1729 1439 1776 Nestorem,
1461 1727 1677 1767 insularum
1704 1726 2011 1768 occidentalium
2035 1727 2261 1780 provinciae
2285 1729 2442 1770 ecclesi-

427 1791 574 1832 asticae
594 1790 828 1843 episcopum
849 1790 1211 1842 metropolitanum,

537 1915 652 1970 (147)
689 1918 898 1957 Americae
927 1915 1252 1968 Septentrionalis
1280 1916 1395 1956 litora
1427 1917 1618 1968 deinceps
1646 1918 1824 1968 legimus,
1855 1916 2160 1968 provinciaeque
2190 1918 2438 1958 Canadensis

428 1979 481 2018 ad
514 1977 616 2018 ostia
651 1977 1029 2029 appropinquamus.
1088 1977 1428 2017 Praetervehimur
1461 1977 1617 2018 interim
1650 1979 1789 2017 Novae
1822 1977 1978 2017 Scotiae
2005 1978 2286 2029 promontoria,
2317 1992 2438 2030 quam

426 2053 449 2079 e
482 2038 649 2079 coloniis
680 2038 823 2078 nostris
853 2038 1040 2077 omnibus
1073 2037 1250 2089 episcopi
1278 2041 1423 2078 tutelae
1455 2038 1623 2090 primam
1658 2038 1841 2078 traditam
1874 2038 1993 2078 fuisse
2020 2040 2206 2079 constat⁴.
2263 2042 2438 2080 Amnem

428 2100 629 2151 ingentem
649 2099 913 2146 ascendimus,
930 2100 1039 2138 lacus
1059 2098 1276 2139 immensos
1295 2099 1536 2151 navigamus,
1551 2099 1874 2151 provinciamque
1895 2099 2105 2139 maximam
2127 2101 2233 2140 bello
2247 2100 2438 2141 acerrimo

427 2177 451 2202 a
477 2161 676 2201 Britannis
705 2168 874 2212 captam,
896 2160 1003 2212 pacis
1032 2160 1181 2200 artibus
1207 2163 1426 2211 florentem,
1448 2162 1489 2201 in
1520 2162 1715 2213 Reginam
1745 2169 1920 2202 nostram
1949 2163 2120 2211 fidelem,
2143 2163 2236 2203 fidei
2264 2163 2438 2216 denique

429 2223 677 2264 Christianae
697 2221 905 2273 triumphis
925 2221 1082 2262 felicem
1101 2221 1318 2262 invisimus.

536 2286 654 2323 Duco
673 2285 725 2323 ad
744 2296 815 2323 vos
829 2285 1033 2322 IOANNEM
1052 2285 1247 2332 MEDLEY,
1264 2284 1430 2336 Collegii
1446 2284 1507 2324 sui
1525 2284 1627 2324 inter
1642 2284 1892 2326 Oxonienses
1907 2286 2113 2336 quondam
2129 2285 2293 2335 socium,
2310 2286 2436 2327 virum

428 2355 468 2388 et
505 2346 728 2398 theologiae
765 2353 804 2386 et
842 2346 1016 2386 musicae
1053 2346 1233 2397 peritum,
1275 2348 1400 2387 virum
1437 2347 1479 2386 in
1516 2347 1717 2387 laboribus
1755 2347 1873 2387 sacris
1911 2347 2166 2396 indefessum,
2204 2349 2437 2401 episcopum

429 2410 462 2448 F
463 2408 834 2456 rederictonensem,
865 2407 1091 2460 provinciae
1120 2408 1368 2449 Canadensis
1397 2408 1759 2461 metropolitanum.

536 2535 649 2588 (148)
678 2535 834 2576 Africae
854 2537 1044 2576 Australis
1062 2536 1379 2588 promontorium
1399 2550 1480 2576 non
1501 2536 1585 2576 sine
1600 2536 1798 2577 desiderio
1814 2536 2006 2576 intactum
2022 2536 2310 2588 relinquimus',
2327 2545 2367 2577 et
2385 2539 2437 2578 ad

426 2599 622 2637 Auroram
651 2605 690 2637 et
720 2599 901 2649 Gangem
930 2598 1109 2650 protinus
1138 2598 1346 2650 pergimus.
1406 2598 1500 2638 Sine
1525 2598 1650 2639 dubio
1676 2599 1809 2638 locum
1835 2597 1947 2637 illum
1973 2598 2203 2638 Tullianum
2232 2612 2358 2650 nuper
2384 2599 2437 2640 ab

425 2659 725 2711 archiepiscopo
763 2660 1039 2700 Cantuariensi
1076 2662 1282 2701 laudatum
1320 2661 1564 2710 meministis,
1606 2661 1674 2701 ubi
1712 2661 1909 2713 Scipionis
1950 2661 1991 2701 in
2031 2661 2188 2702 somnio
2225 2662 2437 2713 imperator

430 2724 635 2761 Romanus
655 2722 716 2761 his
737 2723 816 2762 fere
835 2722 964 2761 verbis
984 2722 1265 2774 interrogatur:
1299 2726 1414 2762 ‘num
1435 2731 1503 2763 aut
1523 2731 1636 2763 tuum
1655 2731 1724 2763 aut
1749 2723 1982 2774 cuiusquam
2006 2730 2178 2763 vestrum
2201 2736 2350 2763 nomen
2374 2725 2437 2764 vel

427 2785 651 2825 Caucasum
678 2786 785 2823 hunc
812 2797 931 2835 quem
952 2786 1079 2824 cernis
1099 2787 1377 2825 transcendere
1399 2785 1538 2837 potuit,
1561 2787 1622 2826 vel
1647 2786 1758 2825 illum
1783 2787 1949 2837 Gangen
1976 2786 2254 2826 tranatare?’⁶.
2311 2787 2436 2838 Atqui

426 2846 656 2886 nuntiorum
677 2846 853 2886 fidelium
872 2846 1017 2886 auxilio
1038 2848 1292 2898 Imperatoris
1312 2847 1435 2887 nostri
1455 2847 1578 2888 divini
1598 2861 1745 2888 nomen
1762 2862 1831 2900 per
1852 2848 2009 2888 Indiam
2030 2856 2155 2888 totam
2170 2850 2271 2888 ultra
2285 2850 2435 2889 flumen

425 2908 523 2948 illud
538 2921 692 2947 sacrum
708 2910 760 2948 ad
774 2908 1000 2960 provinciae
1020 2916 1101 2948 tam
1122 2923 1288 2961 magnae
1307 2917 1463 2949 montes
1483 2911 1809 2962 septentrionales
1830 2911 1908 2950 iam
1924 2910 1993 2950 diu
2013 2910 2245 2962 percrebuit.
2306 2913 2436 2952 Fallor

511 3011 523 3031 ¹
547 3012 721 3054 Benjamin
738 3012 806 3045 Lee
822 3012 1000 3045 Guinness.
1189 3011 1203 3031 ²
1219 3013 1366 3050 Horace,
1386 3013 1498 3045 Carm.
1519 3013 1530 3045 i
1550 3023 1600 3051 12,
1619 3024 1670 3055 55.
1859 3011 1873 3032 ³
1897 3013 1945 3044 H.
1962 3013 2016 3045 W.
2033 3013 2178 3051 Tucker,
2202 3014 2269 3046 The
2284 3013 2431 3056 English

431 3055 564 3087 Church
581 3056 619 3087 in
639 3056 739 3087 Other
755 3057 879 3093 Lands,
894 3067 926 3098 p.
945 3055 997 3097 64,
1015 3055 1069 3087 ed.
1090 3055 1183 3088 1886.
1400 3055 1415 3075 ⁴
1441 3058 1535 3098 1787.
1752 3055 1766 3076 ⁶
1788 3056 1861 3088 The
1877 3056 2005 3098 Bishop
2020 3056 2058 3088 of
2070 3057 2266 3099 Capetown,
2284 3057 2433 3089 Wiuiam

428 3099 520 3130 West
532 3099 646 3140 Jones,
665 3099 771 3138 D.D.,
789 3109 855 3131 was
873 3099 1055 3141 prevented
1073 3099 1117 3141 by
1138 3099 1251 3132 illness
1271 3099 1357 3131 from
1377 3100 1552 3142 attending
1571 3105 1606 3132 to
1627 3099 1754 3132 receive
1776 3100 1833 3132 the
1854 3100 2019 3141 honorary
2039 3100 2171 3142 degree,
2188 3100 2298 3132 which
2318 3100 2343 3133 it
2363 3100 2431 3132 had

424 3142 507 3173 been
524 3142 687 3185 proposed
705 3147 739 3175 to
755 3142 866 3175 confer
883 3153 972 3187 upon
987 3142 1070 3174 him.
1212 3141 1226 3163 ⁶
1247 3142 1376 3180 Cicero,
1394 3144 1448 3174 De
1461 3144 1542 3185 Rq).
1557 3143 1590 3176 vi
1608 3154 1659 3183 20,
1680 3153 1733 3176 22.
1781 3142 1845 3186 Cp·
1864 3143 2055 3183 Guardian,
2074 3156 2094 3186 4
2108 3144 2188 3186 July
2205 3142 2332 3186 (1888),
2351 3153 2428 3186 991.

1407 3227 1455 3265 74
