2704 3770
917 346 1126 396 Clearles
1162 346 1204 395 S
1204 354 1340 395 mart
1374 348 1497 412 Roy.

190 498 365 538 facunde
393 509 522 549 nepos
552 495 777 536 Atlantis’l.
836 495 965 535 Adest
995 494 1053 534 vir
1082 494 1134 534 de
1164 492 1309 533 artium
1340 492 1504 533 historia
1536 494 1736 545 praeclare
1767 494 1940 543 meritus,
1977 496 2045 547 qui
2079 501 2221 549 poetae

190 559 353 601 maximi
379 559 598 601 Florentini
624 558 761 599 Vitam
788 559 947 599 Novam
971 570 1076 610 quae
1098 564 1263 597 vocatur
1288 556 1454 597 feliciter
1475 556 1756 608 interpretatus
1775 565 1847 607 est,
1870 558 1938 609 qui
1962 560 2084 600 medii
2109 563 2221 612 quod

189 623 336 664 dicitur
364 623 452 665 aevi
479 622 663 664 aedificia
693 621 962 662 ecclesiastica
990 634 1110 673 opere
1141 619 1300 672 egregio
1330 619 1548 669 illustravit,
1578 621 1647 672 qui
1674 621 2017 673 archaeologicam
2046 623 2221 676 denique

189 684 423 727 societatem
449 685 558 726 illam
584 685 735 737 primus
758 683 951 732 condidit,
974 683 1087 723 cuius
1113 682 1314 723 coloniam
1341 683 1523 722 Athenas
1552 682 1739 734 auspiciis
1765 682 1927 734 optimis
1950 684 2221 726 recentissime

190 749 406 789 deductam
414 747 439 796 ⁹,
454 747 574 789 etiam
591 746 770 787 Britanni
785 746 929 786 imitari
945 752 984 786 et
999 745 1189 786 aemulari
1204 758 1314 784 nunc
1329 744 1502 785 maxime
1517 746 1745 785 conantur³.
1791 746 1897 797 Ergo
1917 746 2065 797 hospiti
2085 755 2222 788 nostro

190 823 274 852 non
293 811 490 865 ingratum
512 811 585 852 erit
603 810 702 851 atria
721 812 787 850 illa
806 817 942 850 nostra
961 809 1140 857 invisere,
1163 808 1465 861 archaeologiae
1485 808 1627 849 studiis
1648 822 1775 860 nuper
1794 809 1991 858 dedicata,
2007 817 2046 850 et
2061 810 2180 850 unius
2199 825 2221 851 e

189 874 450 927 popularibus
474 874 556 914 suis
579 886 698 914 curae
722 872 1026 913 commendata¹
1038 885 1050 921 3
1078 871 1120 911 in
1146 884 1286 911 museo
1313 871 1382 911 illo
1406 870 1539 911 vicino
1562 870 1726 923 pictoris
1752 871 1915 910 maximi
1941 872 2097 912 tabulas
2122 873 2218 922 illas,

189 936 244 978 ab
269 937 403 979 amico
432 950 507 978 suo
537 935 781 985 Britannico,
812 935 957 975 artium
983 934 1253 975 existimatore
1281 934 1468 987 optimo⁶,
1500 934 1619 974 nobis
1648 936 1830 984 donatas,
1862 937 1989 976 laetus
2018 944 2219 988 agnoscet.

191 999 372 1040 Domum
417 999 527 1040 illam
573 998 807 1052 proximam,
849 997 1121 1050 Collegiorum
1168 1004 1396 1038 nostrorum
1438 996 1774 1048 antiquissimum,
1815 1011 1898 1038 non
1945 998 2032 1039 sine
2073 999 2221 1051 pietate

188 1061 366 1114 quadam
383 1061 733 1114 contemplabitur,
755 1061 986 1110 recordatus
1006 1060 1086 1100 illic
1105 1061 1322 1101 educatum
1342 1073 1430 1100 esse
1450 1073 1577 1099 unum
1597 1073 1619 1100 e
1639 1059 1858 1100 maioribus
1877 1059 1973 1110 suis,
1988 1061 2220 1113 theologum

187 1122 302 1165 illum
321 1137 405 1166 non
423 1124 557 1165 minus
576 1125 744 1166 doctum
763 1136 886 1176 quam
907 1123 1147 1172 modestum,
1170 1122 1240 1174 qui
1260 1135 1353 1163 cum
1372 1121 1458 1162 aliis
1478 1121 1658 1174 plurimis
1677 1128 1785 1162 trans
1804 1135 1955 1174 aequor
1974 1123 2222 1164 Atlanticum

188 1185 381 1229 libertatis
417 1190 572 1242 asylum
608 1187 758 1228 abhinc
794 1199 924 1227 annos
961 1188 1051 1239 plus
1090 1200 1212 1239 quarn
1251 1187 1449 1227 ducentos
1486 1185 1656 1238 petivitss.
1715 1186 1920 1228 Gaudebit
1958 1187 2134 1240 denique
2180 1187 2221 1227 in

189 1249 374 1304 Collegio
402 1251 473 1292 illo
501 1253 627 1292 altero
658 1264 769 1291 sacra
799 1250 1015 1291 saecularia
1045 1249 1167 1291 hodie
1197 1250 1431 1298 celebrasse,
1463 1249 1576 1290 cuius
1610 1251 1701 1290 aula
1731 1264 1779 1291 ex
1809 1250 2007 1303 hospitali,
2038 1253 2147 1291 velut
2175 1265 2223 1291 ex

188 1312 298 1354 urbis
327 1315 517 1367 antiquae
546 1313 763 1366 πρυτανείῳ,
800 1313 970 1366 Collegii
1000 1313 1118 1365 primi
1148 1312 1456 1353 Transatlantici
1487 1312 1674 1353 conditor
1706 1326 1846 1364 puram
1877 1313 1984 1354 illam
2017 1315 2220 1354 flammam

188 1376 287 1418 olim
316 1385 424 1419 trans
452 1391 650 1419 oceanum
683 1390 820 1418 secum
852 1377 952 1426 tulit,
986 1376 1100 1428 quasi
1131 1376 1314 1417 coloniae
1347 1390 1476 1417 novae
1508 1376 1653 1416 artium
1687 1377 1930 1429 optimarum
1956 1377 2098 1418 studiis
2129 1391 2222 1418 con-

189 1447 366 1481 sectatae
385 1441 522 1481 focum
541 1439 701 1492 ignibus
720 1439 796 1479 illis
815 1438 1016 1491 perpetuis
1035 1452 1286 1487 accensurus,
1302 1438 1372 1490 qui
1391 1452 1501 1478 nunc
1520 1452 1694 1490 quoque,
1712 1439 1851 1478 talium
1867 1439 2040 1479 virorum
2060 1439 2219 1487 auxilio,

188 1508 231 1542 et
259 1493 478 1554 incorrupti
509 1509 804 1551 conservantur,
836 1508 875 1541 et
904 1500 1069 1541 materia
1096 1514 1202 1541 nova
1235 1501 1416 1552 quotidie
1447 1502 1617 1549 aluntur,
1649 1508 1689 1541 et
1717 1500 1870 1541 lumine
1897 1501 2027 1542 indies
2056 1502 2222 1542 clariore

189 1563 409 1616 effulgent⁷.

299 1626 428 1667 Vobis
457 1634 669 1679 praesento
702 1625 948 1666 Academiae
981 1625 1322 1678 Cantabrigiensis
1355 1624 1699 1666 Transatlanticae
1729 1626 1916 1677 legatum,
1948 1627 2219 1667 Professorem

188 1687 398 1742 insignem,
429 1690 644 1732 CAROLUM
675 1691 811 1730 EL1o'r
839 1690 1036 1731 ΝοκΤοΝ.

1026 1938 1058 1984 4
1093 1922 1211 1972 Dec.
1259 1925 1386 1984 1884

299 2061 387 2115 (87)
443 2063 588 2103 Anasi·
626 2061 906 2104 Universitatis
945 2061 1162 2102 Edinensis
1205 2062 1367 2101 scholae
1412 2061 1593 2102 medicae
1644 2064 1868 2114 praeclarae
1912 2063 2110 2110 alumnus,
2152 2061 2222 2114 qui

190 2125 431 2168 Germaniae
459 2139 552 2166 curn
581 2125 708 2166 tribus
737 2126 929 2177 deinceps
951 2124 1289 2166 Universitatibus
1309 2124 1485 2177 magnis³
1504 2124 1772 2172 consociatus,
1793 2124 1896 2165 inter
1925 2132 2084 2165 nosmet
2113 2126 2221 2177 ipsos

189 2190 367 2243 denique
384 2190 438 2230 de
456 2189 729 2242 physiologiae
755 2188 950 2241 mysteriis
977 2188 1266 2241 praelectiones
1291 2188 1467 2240 insignes
1491 2189 1643 2230 habuit.
1705 2190 1822 2230 Idem
1849 2190 2055 2241 quondam
2083 2188 2144 2239 (ut
2170 2190 2222 2229 ad

191 2253 407 2295 remotiora
435 2252 701 2305 transeamus)
723 2254 1064 2294 Ottomannorum
1095 2254 1197 2293 inter
1226 2252 1373 2292 milites
1401 2252 1476 2293 arti
1502 2252 1684 2294 medicae
1707 2253 1879 2302 deditus,
1902 2253 1943 2293 in
1969 2252 2056 2305 ipsa
2085 2252 2221 2305 Epiro,

189 2329 316 2370 prope
344 2316 464 2357 Pindi
493 2323 663 2365 montes,
684 2329 810 2368 prope
837 2317 1036 2357 Dodonae
1059 2316 1250 2367 antiquae
1273 2315 1343 2356 diu
1372 2317 1574 2357 desertum
1603 2319 1821 2366 oraculum,
1847 2318 1957 2358 velut
1987 2315 2222 2367 ἰατρόμαντις

189 2378 325 2432 aliqui,
359 2378 663 2419 consulentibus
695 2378 976 2430 respondebat.
1035 2379 1103 2418 Ad
1141 2378 1318 2418 eundem
1356 2386 1496 2430 postea
1531 2379 1778 2431 Respublica
1815 2378 2047 2431 Argentina,
2079 2377 2223 2418 morbo

190 2440 299 2494 gravi
318 2447 358 2481 et
376 2439 646 2493 inexplicabili
665 2453 866 2492 oppressa,
888 2441 997 2480 velut
1024 2441 1078 2480 ad
1103 2441 1310 2481 oraculum
1335 2440 1502 2492 aliquod
1527 2440 1645 2490 misit,
1668 2440 1781 2481 cuius
1805 2441 2007 2493 responsis
2030 2440 2223 2480 obsecuta

191 2517 280 2545 sese
305 2511 418 2557 peste
444 2503 512 2544 illa
536 2503 622 2544 dira
644 2503 825 2555 protinus
854 2502 1044 2543 liberavit.
1104 2505 1216 2544 Inter
1243 2503 1432 2555 antiquos
1460 2503 1626 2555 quidem
1655 2504 1906 2545 victimarum
1935 2505 1976 2545 in
2005 2504 2222 2545 visceribus

190 2580 323 2609 rerum
341 2567 562 2607 futurarum
581 2565 785 2618 praesagia
803 2566 1097 2617 quaerebantur
1109 2581 1120 2615 ;
1149 2565 1215 2606 hic
1237 2574 1385 2615 autem,
1407 2580 1490 2606 non
1513 2580 1639 2607 vanus
1660 2568 1867 2619 haruspex,
1889 2581 1937 2607 ex
1956 2566 2051 2619 ipsis
2073 2565 2223 2607 morbis

191 2644 294 2684 quos
312 2630 379 2672 alii
399 2629 669 2678 reformidant,
685 2643 733 2670 ex
752 2629 838 2681 ipsa
858 2631 992 2669 Morte
1012 2643 1115 2680 quae
1134 2628 1220 2669 aliis
1240 2636 1356 2678 tacet,
1374 2629 1580 2670 veritatem
1597 2630 1724 2682 ipsam
1740 2632 1931 2671 audacter
1945 2636 2222 2680 extorquet,—

190 2695 296 2736 adeo
314 2700 360 2735 ut
379 2694 546 2736 Catonis
565 2692 696 2733 verbis
715 2691 891 2744 profiteri
910 2691 1059 2743 possit:

1158 2759 1246 2798 ‘me
1275 2770 1358 2797 non
1388 2758 1548 2798 oracula
1576 2765 1729 2798 certum

682 2814 754 2854 sed
783 2826 890 2854 mors
919 2820 1027 2854 certa
1056 2812 1201 2853 facitw.

301 2908 518 2948 Praesento
537 2906 651 2947 vobis
671 2906 887 2948 CAROLUM
909 2906 1059 2946 SMART
1078 2906 1184 2954 Rov,
1208 2903 1467 2956 Pathologiae
1488 2904 1769 2944 Professorem.

279 3041 291 3064 ¹
309 3044 456 3085 Horace,
478 3045 591 3078 Carm-
609 3044 619 3077 i
640 3055 689 3084 10,
714 3055 741 3077 r.
1064 3041 1078 3062 2
1100 3042 1175 3074 The
1193 3041 1370 3074 American
1390 3040 1515 3073 School
1531 3040 1569 3072 of
1581 3039 1743 3073 Classical
1760 3039 1896 3072 Studies
1911 3044 1946 3072 at
1962 3040 2104 3080 Athens,
2128 3042 2222 3074 1882.

192 3085 208 3108 ⁸
230 3087 306 3121 The
321 3088 445 3122 British
462 3088 588 3121 School
604 3093 638 3121 at
655 3087 797 3125 Athens,
818 3086 912 3120 1886.
1029 3087 1044 3106 ⁴
1066 3086 1206 3119 charles
1223 3085 1423 3118 Waldstein.
1526 3082 1540 3103 ⁶
1564 3084 1655 3126 John
1679 3083 1822 3117 Ruskin.
1934 3082 1948 3105 ⁶
1968 3084 2059 3127 John
2075 3085 2220 3117 Norton.

193 3130 207 3155 ⁷
231 3132 324 3165 ‘The
340 3132 440 3175 spark
456 3132 542 3165 from
559 3132 771 3171 Emmanuel,
791 3131 901 3163 which
918 3131 1058 3163 kindled
1076 3129 1261 3162 Harvard's
1278 3130 1384 3167 torch,
1402 3128 1485 3160 lives
1506 3138 1550 3159 on
1572 3128 1604 3160 in
1627 3127 1684 3160 the
1706 3127 1917 3160 transmitted
1941 3127 2071 3168 flame‘‚
2090 3128 2223 3171 Speech

193 3176 232 3208 of
246 3177 286 3209 18
298 3176 399 3218 June,
417 3187 451 3209 u.
460 3187 499 3213 s.,
516 3187 550 3219 p.
566 3187 616 3208 21.
841 3173 856 3195 ⁸
879 3176 1004 3215 Berlin,
1025 3174 1175 3217 Leipzig,
1196 3173 1403 3215 strassburg.
1628 3171 1641 3192 ⁹
1666 3171 1791 3212 Lucan,
1817 3172 1849 3204 ix
1875 3174 1936 3214 582
1955 3172 1976 3204 s.

1185 3258 1233 3297 47
