2704 3770
504 337 579 387 H.
617 338 682 386 E.
735 338 897 404 Wang
938 338 988 386 T
980 339 1161 388 ahsz‘elz.
1234 339 1309 390 H.
1347 340 1413 389 E.
1455 340 1633 405 Slzang
1667 340 1923 405 Chi-hang.
1996 341 2132 390 Hon.
2172 342 2248 391 Po
2270 342 2385 408 sui.

443 486 727 537 Mongolorum
764 485 974 538 imperium
1012 487 1115 527 inter
1152 487 1339 528 Sinenses
1378 501 1504 540 nuper
1545 488 1805 528 constitutum
1847 495 1969 539 atque
2011 488 2289 528 confirmatum
2331 487 2452 528 fuisse

441 547 630 588 constat¹.
688 548 821 589 Etiam
840 557 1019 601 tempore
1038 550 1107 590 illo
1127 564 1249 600 sacro,
1272 565 1320 591 ex
1339 564 1421 602 quo
1441 551 1587 591 saeculi
1607 551 1732 591 nostri
1750 550 1844 591 anni
1869 558 2137 600 numerantur,
2159 551 2200 590 in
2223 552 2361 591 tellure
2385 550 2453 590 illa

441 610 605 661 antiqua
629 610 786 662 vigebat
809 611 908 651 ratio
934 613 1013 652 fere
1041 614 1182 653 eadem
1207 612 1414 653 doctrinae
1437 620 1476 653 et
1501 612 1732 664 probandae
1756 620 1796 653 et
1816 614 2079 662 exornandae,
2101 626 2214 664 quae,
2236 612 2277 652 in
2296 611 2452 664 imperii

440 671 544 712 illius
582 679 641 712 tot
679 672 866 712 ministris
899 687 969 725 per
1001 687 1128 714 annos
1161 674 1353 727 plurimos
1386 674 1660 715 examinandis
1691 681 1731 715 et
1764 682 1850 714 tum
1883 676 2047 715 demum
2081 674 2284 726 eligendis,
2317 674 2451 714 adhuc

441 741 702 774 conservatur.
763 735 849 774 Nos
869 734 1026 775 interim
1046 736 1217 776 Socratis
1236 743 1504 788 praeceptum,
1522 736 1643 775 vitam
1664 736 1967 776 examinationis
1987 743 2187 788 expertem
2199 734 2354 776 homini
2367 748 2451 776 non

441 809 528 836 esse
556 795 765 836 vivendam
774 796 797 844 ²,
825 795 1020 837 iuventuti
1048 798 1212 850 quidem
1241 799 1509 838 Academicae
1538 799 1882 847 commendamus,
1908 798 2103 839 senectuti
2131 805 2266 838 autem
2293 804 2452 837 nostrae

440 866 638 900 tormenta
657 867 738 899 tam
759 873 893 900 severa
918 863 1206 901 condonamus.
1264 861 1390 913 Atqui
1416 860 1643 901 Sinensium
1667 860 1902 913 sapientiam
1926 861 2131 912 antiquam
2154 860 2274 900 etiam
2293 864 2452 900 nosmet

440 921 516 974 ipsi
534 922 799 971 admiramur;
829 923 1019 963 librorum
1039 924 1265 964 Sinensium
1287 923 1531 964 bibliotheca
1551 931 1696 973 nostra,
1717 937 1741 963 a
1760 926 1890 976 legato
1910 924 2055 976 insigni
2073 924 2169 964 olim
2193 921 2449 975 comparata’,

441 997 685 1035 quamquam
714 997 835 1035 opera
863 987 1059 1035 quaedam
1089 985 1257 1037 insignia
1280 986 1566 1034 desiderantur,
1591 993 1726 1026 tamen
1756 986 2024 1026 occidentales
2050 987 2190 1026 saltem
2217 985 2320 1025 inter
2344 982 2452 1025 orbis

440 1054 630 1086 terrarum
650 1046 830 1098 regiones
850 1048 983 1087 locum
1003 1048 1175 1099 primum
1196 1048 1377 1088 obtinere
1397 1048 1636 1100 perhibetur.
1695 1050 1895 1097 Ceterum,
1912 1063 2043 1101 neque
2063 1048 2300 1089 occidentali
2320 1060 2452 1098 neque

440 1107 621 1147 orientali
646 1115 801 1147 tantum
827 1109 868 1148 in
895 1109 1065 1161 regione,
1088 1111 1159 1149 sed
1185 1109 1226 1148 in
1251 1117 1337 1150 toto
1363 1118 1554 1150 terrarum
1580 1110 1677 1150 orbe
1701 1112 1899 1162 sapientes
1922 1124 2062 1151 omnes
2086 1109 2291 1151 doctrinae
2315 1122 2450 1149 amore

440 1169 645 1209 communi
664 1169 766 1210 inter
785 1184 871 1211 sese
891 1178 983 1211 sunt
1003 1171 1216 1211 coniuncti.
1276 1172 1527 1212 Occidentali
1548 1172 1711 1223 quidem
1732 1172 1773 1211 in
1793 1172 1900 1212 orbis
1919 1172 2090 1224 regione,
2113 1172 2243 1224 operis
2261 1170 2452 1224 praeclari
2519 1213 2521 1215 ,

439 1232 481 1271 in
500 1233 587 1284 ipso
607 1232 754 1282 limine,
776 1233 873 1273 dixit
896 1234 991 1274 olim
1015 1234 1260 1282 Aristoteles,
1283 1248 1422 1274 omnes
1447 1235 1630 1275 homines
1655 1235 1807 1275 sciendi
1827 1236 2070 1276 desiderium
2096 1236 2243 1275 habere
2265 1248 2289 1274 a
2311 1242 2452 1274 natura

440 1295 631 1335 insitum⁴.
692 1297 885 1337 Orientali
922 1311 1015 1337 vero
1052 1298 1093 1336 in
1132 1294 1281 1347 tellure,
1321 1297 1411 1337 libri
1450 1297 1510 1337 sui
1548 1298 1795 1338 celeberrimi
1836 1299 1876 1338 in
1922 1300 2067 1338 eodem
2103 1300 2205 1346 loco,
2245 1295 2451 1337 affirmavit

441 1359 672 1407 Confucius,
704 1358 803 1398 nihil
833 1372 919 1399 esse
949 1359 1151 1411 pulchrius
1182 1373 1303 1411 quam
1337 1359 1498 1407 discere,
1529 1368 1650 1411 atque
1683 1374 1730 1400 ea
1763 1374 1865 1412 quae
1898 1361 2093 1409 didiceris,
2125 1361 2228 1400 vitae
2260 1359 2303 1400 in
2333 1373 2450 1399 usum

438 1420 699 1462 convertere⁵.
760 1421 878 1461 Orbis
894 1428 1027 1461 autem
1042 1421 1082 1460 in
1104 1429 1271 1473 utraque
1289 1428 1411 1473 parte,
1429 1422 1527 1461 nihil
1547 1416 1810 1473 praestantius
1826 1424 1906 1463 dici
1920 1430 2062 1475 potest,
2081 1436 2201 1474 quam
2221 1421 2451 1474 philosophi

438 1482 618 1522 eiusdem
651 1482 770 1521 verba
803 1481 879 1530 illa,
904 1482 1058 1533 generis
1090 1483 1255 1522 humani
1288 1496 1424 1523 amore
1456 1483 1687 1535 plenissima
1702 1484 1807 1524 :-—-in
1841 1485 1937 1525 orbe
1969 1492 2159 1525 terrarum
2193 1491 2279 1524 toto
2312 1495 2450 1523 sumus

439 1556 579 1584 omnes
608 1544 798 1585 fratres'⁶.

545 1606 682 1645 Animi
711 1606 835 1646 nostri
864 1606 1023 1646 fraterni
1051 1607 1092 1646 in
1121 1606 1394 1647 testimonium
1423 1615 1633 1659 praesento
1662 1608 1775 1648 vobis
1807 1611 1963 1649 Ducem
1992 1609 2195 1659 illustrem,
2221 1610 2323 1648 TSAr
2352 1609 2450 1657 TSE,

439 1669 602 1720 Imperii
621 1669 799 1710 Sinensis
819 1671 992 1721 legatum
1014 1677 1121 1709 extra
1140 1670 1324 1710 ordinem
1344 1670 1521 1710 missum.

547 1772 661 1826 (434)
688 1773 846 1814 Incedit
874 1773 1087 1824 proximus,
1110 1774 1167 1813 vir
1195 1774 1412 1814 litterarum
1442 1783 1481 1815 et
1510 1775 1787 1828 philosophiae
1815 1776 1856 1816 in
1885 1776 2026 1817 studiis
2054 1778 2288 1829 praeclarus,
2313 1776 2451 1816 WANG

438 1838 648 1883 TAHSIEH‚
679 1836 935 1887 Imperatoris
964 1835 1142 1876 Sinensis
1170 1837 1272 1877 inter
1301 1837 1515 1878 Britannos
1543 1840 1695 1890 legatus
1724 1840 1893 1880 illustris.

546 1897 661 1950 (435)
691 1899 877 1949 Sequitur
905 1897 1095 1950 deinceps
1124 1898 1181 1938 vir
1209 1898 1384 1951 insignis,
1416 1901 1565 1939 SHANG
1594 1901 1827 1951 Cffl-HENG,
1860 1902 2023 1954 Imperii
2054 1901 2231 1942 Sinensis
2264 1914 2287 1941 e
2314 1899 2452 1953 legatis

438 1961 753 2001 extraordinariis
783 1975 898 2001 unus.

546 2022 659 2076 (436)
691 2024 841 2064 Seriem
870 2023 1019 2063 claudit
1049 2025 1109 2064 Po
1137 2025 1220 2074 JU1,
1251 2023 1308 2063 vir
1336 2024 1514 2074 eximius,
1545 2025 1752 2077 legationis
1777 2026 1958 2067 eiusdem
1988 2027 2125 2067 litteris
2151 2024 2451 2066 conscribendis

439 2095 699 2139 praeposltus.

1266 2187 1292 2235 7
1319 2174 1461 2239 June
1504 2191 1520 2222 1
1531 2179 1628 2235 906

550 2290 664 2344 (437)
684 2294 829 2331 ADEST
848 2290 905 2330 vir
924 2290 965 2330 in
985 2291 1126 2331 studiis
1146 2292 1380 2343 theologicis
1400 2292 1588 2342 eruditus,
1611 2293 1780 2345 Collegii
1799 2293 1988 2346 Corporis
2008 2291 2156 2334 Christi
2169 2293 2365 2340 alumnus,
2383 2290 2452 2342 qui

441 2352 598 2392 ‘Sancti
627 2351 858 2392 Benedicti'
888 2353 1068 2404 Collegio
1099 2353 1154 2392 illi
1186 2355 1392 2405 quondam
1422 2353 1657 2406 adscriptuS‚
1688 2355 1825 2395 Sancti
1855 2354 2065 2395 Benedicti
2093 2352 2284 2395 ecclesiae
2311 2359 2452 2404 postea

439 2414 605 2454 vicarius
648 2414 805 2454 exstitit.
865 2416 981 2454 Idem
1025 2415 1066 2454 in
1113 2416 1317 2467 provincia
1364 2416 1630 2456 Dunelmensi
1677 2417 1855 2469 episcopi
1901 2417 2091 2458 adiutoris
2137 2415 2281 2456 honori
2325 2428 2453 2466 nuper

439 2477 678 2529 designatus,
699 2477 858 2517 titulum
887 2491 911 2517 a
939 2480 1029 2518 loco
1059 2480 1100 2517 in
1129 2478 1339 2519 annalibus
1368 2479 1513 2519 nostris
1543 2479 1662 2519 sacris
1691 2480 1951 2520 celeberrimo
1976 2478 2155 2531 accipiet,
2182 2477 2262 2527 ubi,
2288 2476 2452 2518 Ordinis

440 2541 691 2581 Benedictini
736 2541 778 2581 in
825 2542 1067 2583 monasterio
1105 2556 1129 2582 a
1172 2542 1394 2582 Benedicto
1437 2542 1641 2595 Episcopo
1681 2545 1800 2595 paulo
1842 2543 1950 2595 prius
1992 2541 2169 2590 condito,
2209 2540 2346 2580 Baeda
2386 2539 2452 2578 ille

439 2604 687 2644 Venerabilis
710 2604 831 2644 vitam
855 2617 980 2656 prope
1003 2612 1129 2645 totam
1153 2605 1333 2656 peregit⁷.
1393 2606 1443 2644 In
1469 2605 1714 2646 bibliotheca
1738 2614 1874 2647 nostra
1898 2605 2028 2646 vicina
2054 2603 2258 2644 Historiae
2283 2600 2454 2643 Ecclesi-

438 2665 584 2706 asticae
612 2667 663 2705 ab
692 2666 760 2705 illo
789 2665 1038 2717 conscriptae
1067 2674 1322 2706 conservatur
1350 2668 1478 2707 codex
1505 2667 1816 2719 antiquissimus,
1839 2667 1958 2707 etiam
1981 2668 2033 2707 ab
2059 2665 2199 2706 exteris
2228 2664 2270 2704 in
2298 2664 2452 2703 honore

439 2741 598 2768 summo
630 2727 800 2767 habitus.
860 2728 924 2767 De
953 2727 1143 2779 scriptore
1171 2735 1305 2768 autem
1334 2728 1422 2779 ipso
1453 2729 1554 2768 inter
1587 2730 1705 2769 Gesta
1733 2731 1883 2780 Regum
1911 2729 2131 2778 Anglorum
2158 2727 2318 2766 affertur
2344 2738 2453 2777 prae-

439 2791 587 2829 clarum
622 2789 720 2829 illud
750 2788 1025 2829 testimonium
1042 2792 1118 2829 :—‘
1132 2789 1324 2830 Latinitas
1358 2789 1490 2830 omnis
1524 2790 1608 2830 eius
1637 2792 1731 2831 fidei
1761 2798 1799 2830 et
1829 2789 2053 2842 magisterio
2081 2790 2257 2841 palmam
2286 2786 2398 2827 dedit
2411 2787 2450 2827 ²⁸.

527 2867 540 2887 ¹
563 2867 696 2910 Capital
712 2867 750 2899 of
763 2867 889 2899 Kublai
906 2867 1007 2899 Khan
1024 2868 1227 2900 established
1242 2873 1276 2900 at
1294 2868 1432 2911 Peking,
1454 2867 1547 2910 1264.
1691 2868 1704 2889 ²
1728 2869 1835 2908 Plato,
1854 2869 1951 2911 Apol.
1969 2869 2010 2909 38
2020 2876 2057 2900 A.
2198 2865 2213 2888 ³
2236 2866 2290 2900 Sir
2305 2865 2453 2898 Thomas

442 2911 560 2950 Wade,
579 2922 634 2943 no.
658 2922 719 2952 114
733 2916 847 2952 supra.
1011 2910 1027 2930 ⁴²
1050 2909 1164 2943 πάντες
1180 2911 1342 2953 ἄνθρωποι
1357 2914 1412 2944 τοῦ
1431 2913 1547 2943 εἰδέναι
1563 2913 1731 2953 ὀρέγονται
1747 2914 1854 2952 φύσει,
1875 2912 1954 2944 Met.
1972 2912 1983 2943 i
2003 2922 2031 2943 1.
2185 2910 2199 2931 ⁶
2223 2913 2231 2928 ‘
2243 2910 2295 2941 To
2318 2908 2452 2951 acquire

440 2955 651 2996 knowledge,
668 2955 734 2987 and
753 2953 801 2994 (as
821 2953 975 2986 occasion
994 2954 1168 2996 demands)
1186 2959 1221 2987 to
1242 2960 1301 2997 put
1322 2955 1347 2987 it
1363 2956 1433 2987 into
1450 2956 1604 2998 practice,
1623 2956 1651 2988 is
1672 2959 1731 2987 not
1752 2956 1824 2987 that
1840 2954 2042 2997 delightful?
2053 2953 2061 2969 ’
2081 2953 2266 2996 Confucian
2282 2953 2450 2990 Analects,

443 3006 455 3030 1
477 3008 502 3030 1.
743 2997 757 3017 ⁶
781 3000 789 3014 ‘
802 2997 838 3029 If
849 2998 905 3029 the
921 2997 1070 3039 superior
1084 3008 1162 3030 man
1178 2998 1205 3030 is
1221 2998 1344 3031 careful
1360 2998 1398 3030 of
1409 2999 1460 3030 his
1477 3009 1552 3030 own
1567 2999 1724 3038 conduct,
1743 2999 1842 3031 while
1857 2998 2001 3040 treating
2016 2997 2128 3030 others
2144 2997 2225 3029 with
2240 3007 2260 3028 a
2275 2995 2452 3038 respectful

441 3041 747 3084 propriety,-—then
769 3040 815 3072 all
838 3040 955 3072 within
978 3040 1034 3073 the
1058 3041 1147 3073 Four
1171 3041 1251 3074 Seas
1274 3042 1343 3073 will
1366 3043 1408 3074 be
1430 3041 1613 3080 brothers',
1630 3042 1671 3074 ib.
1689 3050 1745 3074 ΧΗ
1763 3051 1794 3083 5.
1840 3042 1922 3074 This
1945 3041 2121 3083 rendering
2138 3039 2216 3082 (due
2231 3046 2266 3072 to
2283 3039 2453 3071 Professor

442 3084 547 3126 Giles)
564 3084 674 3116 shows
690 3085 761 3116 that
777 3094 840 3116 one
861 3084 899 3115 of
919 3084 976 3115 the
997 3085 1139 3126 popular
1158 3086 1315 3124 versions,
1335 3085 1492 3117 followed
1513 3086 1547 3117 in
1570 3086 1626 3117 the
1647 3090 1716 3118 text
1737 3085 1828 3124 here,
1844 3086 1909 3117 and
1926 3085 1959 3116 in
1975 3096 2031 3116 no.
2050 3094 2089 3127 35
2105 3085 2180 3123 ult„
2198 3084 2226 3115 is
2241 3088 2299 3115 not
2314 3082 2451 3125 precise.

440 3126 454 3148 ⁷
478 3128 527 3159 i.e.
559 3132 593 3159 at
619 3128 675 3159 the
701 3127 816 3159 united
839 3128 1054 3159 monasteries
1075 3128 1112 3159 of
1131 3128 1351 3160 Wearmouth
1377 3129 1444 3160 and
1464 3129 1594 3171 Jarrow
1622 3130 1679 3167 (ln
1709 3128 1887 3170 Gyrvum),
1912 3128 2059 3160 founded
2086 3127 2131 3169 by
2147 3126 2307 3159 Benedict
2331 3125 2452 3167 Biseop

442 3169 581 3213 (Baeda,
599 3171 691 3203 Hist.
710 3171 800 3203 Eccl.
816 3171 864 3202 ad
862 3170 934 3212 fin.
952 3171 1019 3202 and
1034 3171 1124 3203 Hz‘st.
1140 3172 1321 3211 Abbatum,
1342 3170 1385 3214 7).
1517 3170 1531 3191 ⁸
1554 3172 1744 3204 Willelmus
1762 3171 2080 3211 Malmesburiensis,
2099 3172 2165 3210 l.c.‚
2185 3170 2196 3202 i
2213 3179 2265 3212 59.

1414 3245 1488 3293 198
