2704 3770
431 319 724 372 Waldemar
758 322 812 372 C.
850 319 1095 388 Brbgger.
1170 319 1440 371 Hermann
1481 319 1526 370 C
1523 319 1712 371 reduer.
1787 321 1945 374 Louz's
1979 323 2143 376 Dollo.

266 475 479 520 cooptatus
508 477 578 509 est.
640 469 827 522 Denique
860 483 1058 509 annorum
1093 469 1236 509 decem
1269 468 1427 508 labores
1457 468 1498 507 in
1531 468 1723 508 comitatu
1752 477 1890 509 nostro
1924 479 2131 523 susceptos
2159 473 2298 514 litteris

267 530 483 581 mandavit,
504 531 563 571 vir
590 531 631 571 in
660 531 865 572 laboribus
892 531 1073 584 plurimis
1101 531 1171 572 diu
1201 543 1284 571 non
1313 530 1399 571 sine
1426 529 1552 582 gloria
1574 530 1823 580 exercitatus,
1844 534 2127 574 Aucusrmus
2154 535 2294 576 KEEN.

1120 707 1137 738 1
1182 689 1284 738 Oct.
1328 702 1452 752 1907

470 809 522 858 V
516 808 603 858 isit
635 810 701 874 of
723 808 805 859 the
829 816 1002 875 guests
1036 808 1103 873 of
1123 809 1205 859 the
1241 809 1527 874 Geological
1557 809 1750 875 Socz'ety
1784 809 1850 874 of
1872 809 2115 860 London¹.

373 927 622 967 Socm‘rA'rls
642 927 886 979 Geologicae
906 927 1191 968 Londiniensis
1211 927 1401 980 hospites,
1424 929 1612 969 hesterno
1632 928 1699 969 die
1713 929 1766 968 ad
1786 942 1860 968 nos
1875 928 2076 981 paulisper
2089 930 2292 981 advectos,

263 1001 406 1030 omnes
425 988 546 1030 etiam
566 996 793 1029 nostrorum
814 989 1019 1042 hospitum
1040 990 1081 1030 in
1102 1004 1271 1031 numero
1290 990 1462 1030 libenter
1473 998 1782 1043 computamus;
1810 1004 1965 1040 omnes,
1981 992 2235 1033 scientiarum
2252 993 2293 1033 in

261 1051 339 1091 hac
366 1051 463 1092 sede
490 1051 708 1091 venerabili
736 1065 759 1091 e
782 1059 842 1091 tot
865 1052 973 1092 orbis
999 1060 1191 1092 terrarum
1214 1053 1394 1104 partibus
1423 1060 1665 1105 praesentes,
1691 1066 1774 1093 non
1804 1053 1890 1094 sine
1916 1055 2089 1094 fraterno
2115 1057 2292 1106 quodam

260 1114 385 1155 animi
409 1122 524 1155 motu
547 1116 878 1168 contemplamur.
940 1117 1064 1156 ‘Saxa
1089 1124 1129 1156 et
1156 1116 1394 1157 solitudines
1418 1116 1507 1156 voci
1533 1116 1846 1169 respondent’¹:
1877 1125 2029 1169 quanto
2053 1118 2177 1170 magis
2204 1132 2290 1167 nos,

258 1176 477 1218 litterarum
505 1177 788 1218 humaniorum
818 1186 859 1218 et
887 1178 1143 1219 scientiarum
1172 1191 1310 1219 amore
1338 1178 1495 1228 imbuti,
1526 1192 1666 1219 eorum
1694 1180 1871 1219 adventu
1900 1181 2159 1220 vehementer
2186 1193 2293 1221 com-

258 1254 479 1290 movemur,
500 1241 570 1294 qui
603 1242 770 1283 scientia
801 1243 978 1294 quadam
1011 1241 1237 1282 admirabili
1266 1242 1446 1294 praediti,
1477 1242 1596 1283 etiam
1630 1256 1678 1282 ex
1706 1242 1802 1295 ipsis
1832 1242 1934 1283 saxis
1967 1257 2098 1283 rerum
2128 1251 2292 1285 naturae

257 1304 463 1346 veritatem
497 1310 759 1359 extorquent!
818 1306 1061 1359 Hospitibus
1093 1306 1238 1346 nostris
1265 1306 1455 1346 omnibus
1478 1314 1617 1358 patent
1645 1306 1769 1347 hodie
1800 1308 1944 1347 Musea
1973 1315 2120 1357 nostra,
2150 1315 2289 1359 patent

258 1367 440 1420 Collegia
454 1375 591 1408 nostra
605 1369 753 1416 omnia,
771 1376 910 1421 patent
925 1369 1108 1409 omnium
1123 1371 1257 1409 corda.
1290 1370 1338 1408 In
1352 1370 1431 1420 hoc
1446 1370 1598 1420 templo
1614 1369 1791 1421 denique
1803 1370 1979 1418 honoris,
1995 1371 2094 1410 dum
2109 1370 2288 1422 hospites

257 1438 416 1472 nostros
446 1444 599 1481 omnes,
628 1446 651 1472 e
684 1440 743 1472 tot
772 1432 884 1472 tern’s
912 1434 1115 1481 advectos,
1147 1446 1194 1472 ea
1222 1445 1304 1484 qua
1331 1445 1402 1484 par
1430 1441 1490 1472 est
1521 1432 1774 1473 observantia
1806 1433 2037 1485 excipimus,
2059 1436 2289 1482 nonnullos,

255 1493 386 1546 gentis
404 1493 720 1546 uniuscuiusque
740 1494 855 1546 quasi
874 1496 1026 1546 legatos
1040 1495 1286 1547 praecipuOS,
1302 1494 1419 1534 titulo
1439 1501 1577 1534 nostro
1592 1496 1700 1534 velut
1715 1493 1886 1548 exempli
1901 1509 2022 1536 causa
2037 1497 2285 1545 decoramus,

255 1556 327 1609 qui
345 1557 477 1598 honos
495 1557 664 1597 aliorum
684 1557 891 1610 hospitum
910 1556 1126 1609 insignium
1147 1556 1372 1609 praesentia
1391 1558 1618 1605 illustratus,
1640 1565 1816 1597 vestrum
1836 1558 2018 1598 omnium
2039 1560 2180 1611 plausu
2201 1559 2288 1600 sine

255 1619 383 1661 dubio
402 1619 741 1672 comprobabitur.

361 1714 474 1768 (461)
503 1715 746 1757 Christiania
774 1716 827 1756 ad
856 1728 931 1755 nos
961 1715 1068 1755 misit
1097 1714 1378 1756 Universitatis
1407 1728 1503 1755 suae
1531 1716 1759 1764 Rectorem,
1785 1715 1992 1768 geologiae
2017 1718 2284 1769 professorem

251 1778 461 1832 insignem,
483 1779 554 1832 qui
572 1779 722 1832 patriae
741 1779 783 1819 in
802 1779 968 1832 rupibus
989 1786 1028 1819 et
1048 1779 1218 1820 metallis
1242 1778 1496 1831 explorandis
1516 1792 1600 1819 non
1620 1778 1706 1819 sine
1725 1780 1844 1820 laude
1863 1779 1943 1820 iam
1963 1781 2119 1821 dudum
2143 1782 2287 1823 exerci-

252 1849 370 1891 tatus,
391 1841 625 1894 Norwegiae
644 1842 840 1882 Australis
859 1842 1091 1894 praesertim
1119 1843 1170 1882 de
1199 1842 1302 1882 saxis
1328 1841 1455 1894 igneis
1481 1842 1681 1893 praeclare
1707 1841 1952 1894 disputavit⁸.
2014 1845 2131 1884 Iuvat
2150 1845 2284 1886 videre

250 1905 380 1946 virum
407 1905 558 1958 patriae
586 1905 902 1954 devotissimum,
936 1905 1062 1945 virum
1092 1905 1224 1957 Regni
1253 1905 1348 1945 novi
1377 1905 1637 1945 Senatoribus
1666 1906 1924 1958 adscriptum,
1951 1907 2078 1947 virum
2107 1908 2283 1961 denique

249 1967 381 2020 gentis
399 1967 522 2008 totius
541 1966 822 2008 Universitatis
841 1968 1015 2019 legatum
1036 1967 1224 2019 auspiciis
1244 1967 1408 2019 optimis
1428 1967 1694 2008 nominatum.
1754 1969 1978 2009 Doctorum
1994 1977 2220 2011 nostrorum
2240 1971 2281 2011 in

249 2030 351 2072 serie
369 2030 520 2083 primus
539 2030 662 2071 hodie
681 2029 833 2071 incedit
853 2031 1111 2070 WALDEMAR
1132 2030 1414 2071 CRISTOPHER
1435 2032 1655 2071 BRooGER.

318 2161 319 2164 ,
358 2117 474 2173 (462)
511 2118 694 2171 Assurgit
732 2118 924 2171 deinceps
962 2118 1159 2159 Saxoniae
1201 2119 1426 2170 explorator
1467 2118 1703 2168 indefessus,
1745 2119 2025 2161 Universitatis
2064 2122 2283 2175 Lipsiensis

247 2183 449 2235 professor
467 2182 646 2232 eximius,
668 2183 738 2235 qui
762 2182 980 2223 Germania
998 2197 1021 2223 e
1047 2181 1349 2235 septentrionali
1371 2181 1577 2231 oriunduS,
1598 2183 1944 2236 palaeontologiae
1970 2184 2164 2238 imprimis
2188 2201 2282 2228 usus

247 2246 406 2296 auxilio,
437 2246 633 2287 Saxoniae
658 2246 699 2286 in
726 2246 829 2286 saxis
859 2247 958 2287 serie
987 2253 1181 2298 perpetua
1208 2245 1444 2286 ordinandis
1472 2245 1543 2286 diu
1571 2245 1738 2287 feliciter
1765 2255 1986 2299 occupatus
2015 2250 2103 2289 est⁴.
2164 2251 2282 2291 Idem

247 2310 454 2362 geologiae
472 2310 514 2350 in
534 2310 743 2351 elementis
763 2309 994 2350 enarrandis
1015 2316 1211 2361 quantum
1232 2307 1431 2349 excellit⁶l
1490 2310 1642 2349 Rerum
1663 2317 1828 2350 naturae
1847 2310 1888 2350 in
1911 2312 2183 2363 penetralibus
2208 2327 2282 2355 suo

249 2374 382 2414 Marte
415 2373 669 2426 explorandis
701 2387 823 2425 quam
862 2373 974 2413 fortis
1011 2375 1095 2412 est!
1153 2373 1306 2412 Rerum
1344 2379 1509 2412 naturae
1547 2372 1588 2412 in
1628 2372 1827 2413 miraculis
1864 2381 1905 2413 et
1942 2375 2202 2417 observandis
2240 2385 2281 2418 et

246 2436 494 2489 explicandis
539 2449 662 2488 quam
709 2435 888 2476 subtilis!
946 2438 1227 2476 Praesentatur
1268 2435 1383 2475 vobis
1423 2436 1554 2487 Regni
1592 2437 1778 2476 Saxonici
1815 2451 1920 2478 unus
1958 2453 1981 2479 e
2019 2440 2277 2491 Consiliariis‚

246 2499 454 2552 geologiae
480 2500 681 2552 professor
710 2498 941 2551 Lipsiensis,
974 2499 1207 2538 HERMANN
1236 2498 1463 2539 CREDNER.

357 2587 473 2642 (463)
504 2587 759 2640 Progreditur
786 2588 990 2640 proximus
1021 2585 1155 2626 Musei
1185 2586 1454 2627 Bruxellensis
1483 2594 1641 2628 curator
1668 2588 1973 2640 sollertissimus,
1995 2591 2053 2631 vir
2080 2591 2121 2632 in
2150 2595 2280 2645 palae-

246 2650 452 2703 ontologia
471 2650 692 2691 vertebrata
712 2649 774 2701 (ut
792 2648 922 2701 aiunt)
937 2648 1214 2700 investiganda
1228 2648 1567 2701 diligentissimus.
1628 2649 1870 2691 Meministis
1884 2660 1968 2693 arte
1982 2655 2102 2705 quali,
2120 2655 2278 2696 ossibus

245 2714 454 2756 immensis
473 2713 616 2754 ordine
637 2720 734 2765 apto
757 2712 974 2762 collocatis,
997 2713 1165 2753 bestiam
1190 2711 1299 2752 illam
1323 2712 1554 2761 immanem,
1579 2714 1820 2765 Iguanodon
1841 2715 2213 2766 Bernissartensem,
2235 2718 2278 2758 in

244 2776 421 2830 speciem
441 2790 554 2817 suam
575 2775 781 2829 pristinam
801 2775 1025 2824 restituerit,
1048 2773 1161 2815 cuius
1181 2774 1352 2827 effigiem
1372 2774 1670 2816 accuratissime
1689 2789 1927 2828 expressam,
1949 2786 1989 2819 et
2011 2780 2215 2832 zoologiae
2235 2781 2276 2821 in

245 2840 392 2880 Museo
411 2846 550 2879 nostro
567 2838 751 2891 positam,
768 2837 980 2889 Belgarum
1001 2836 1124 2889 Regis
1145 2836 1370 2877 liberalitati
1384 2845 1592 2889 acceptam
1612 2837 1845 2879 rettulimus.
1905 2841 2042 2881 Nostri
2062 2842 2103 2882 in
2119 2844 2274 2895 Regem

242 2904 356 2944 illum
388 2902 512 2943 animi
543 2902 643 2955 grati
673 2901 948 2943 testimonium
980 2901 1102 2942 hodie
1136 2900 1222 2941 sine
1255 2900 1382 2941 dubio
1416 2900 1587 2942 libenter
1614 2901 1751 2942 audiet
1785 2915 1888 2943 unus
1919 2917 1942 2944 e
1971 2904 2160 2946 ministris
2189 2908 2274 2948 eius

243 2966 497 3015 fidelissimis,
528 2967 778 3006 LUDovrcus
808 2967 969 3005 DOLLo.

330 3043 343 3065 ¹
366 3045 483 3078 About
498 3044 542 3079 60
557 3045 596 3078 of
614 3045 671 3078 the
693 3045 912 3088 participants
934 3045 969 3078 in
992 3044 1049 3078 the
1073 3045 1263 3087 Centenary
1287 3044 1502 3078 Celebration
1526 3045 1646 3078 visited
1671 3046 1875 3090 Cambridge
1890 3059 1934 3081 on
1957 3060 1999 3092 30
2015 3050 2176 3094 Sept.—3
2194 3052 2272 3086 Oct.

242 3088 313 3154 §see
335 3090 369 3121 T
362 3090 403 3122 he
420 3089 605 3140 Geologiqal
616 3090 746 3141 Sofiety·
761 3089 956 3140 Centeparjq
975 3089 1131 3128 London,
1154 3099 1249 3133 1907,
1268 3099 1326 3131 pp.
1348 3089 1542 3139 159—164),
1650 3134 1657 3140 .
1798 3090 1813 3111 ⁸
1836 3091 2044 3144 Cicero‚-pra
2056 3096 2201 3145 Archzkz,
2223 3107 2272 3141 ¹9·

279 3133 409 3166 Artxcle
435 3144 479 3166 on
507 3134 711 3166 Mmeralaeen
737 3144 771 3165 m
799 3133 957 3165 Zettschr.
976 3132 1011 3175 f.
1038 3134 1152 3175 Kryst.
1188 3134 1290 3176 189o;
1315 3133 1383 3164 Dte
1406 3133 1696 3176 Emptwgesteme
1717 3134 1772 3167 des
1794 3135 2116 3180 Knstusmagebuts,
2145 3142 2227 3184 1894
2249 3140 2272 3174 s.

242 3176 258 3198 ⁴
280 3177 350 3211 Dic
364 3177 542 3210 sd'chstkclze
559 3177 862 3220 Gramelitgebirge‚
883 3177 978 3218 1884,
996 3182 1060 3210 etc.
1194 3174 1207 3195 ⁶
1229 3176 1400 3209 Elementa
1415 3177 1473 3209 der
1491 3177 1645 3219 Geologie,
1668 3177 1745 3211 roth
1761 3179 1815 3211 ed.
1837 3180 1930 3223 1906.

351 3260 383 3290 s.
411 3260 442 3289 s.
1216 3261 1292 3299 209
2114 3268 2160 3307 27
