2704 3770
751 357 934 423 Josz'alz
970 357 1194 406 Parsons
1232 356 1275 405 C
1273 356 1396 406 ooke.
1474 356 1681 406 Charles
1716 357 1921 406 Hubert
1954 357 2139 422 Parry.

1261 585 1315 631 15
1342 569 1484 634 sune
1528 571 1648 617 1882

556 687 642 740 (60)
683 688 786 726 DUM
825 686 1020 726 Academi
1056 686 1158 727 inter
1196 700 1360 727 nemora
1392 686 1670 736 hospitalitatis
1708 687 1791 726 iure
1821 693 1880 726 tot
1913 686 2090 738 hospites
2127 687 2319 735 fruuntur,
2351 685 2459 725 iuvat

447 758 621 792 vestrum
653 749 832 789 omnium
861 749 1026 789 nomine
1054 749 1180 789 virum
1210 749 1383 801 hospitio
1414 757 1544 789 vetere
1577 749 1787 789 nobiscum
1818 749 2078 789 coniunctum
2108 751 2240 800 palam
2274 750 2455 788 salutare.

451 813 589 854 Hodie
622 811 771 851 scilicet
800 813 948 851 salvere
976 811 1159 851 iubemus
1189 825 1314 851 unum
1348 825 1371 851 e
1404 811 1691 862 professoribus
1721 810 1796 850 illis
1828 810 2051 851 clarissimis
2083 810 2151 861 qui
2181 809 2459 861 Cantabrigiae

447 877 551 916 illius
571 889 719 915 nomen
739 874 925 914 illustrius
944 875 1216 923 reddiderunt,
1236 888 1356 926 quam
1379 874 1527 914 abhinc
1552 887 1679 914 annos
1706 875 1794 926 plus
1815 887 1934 925 quam
1958 875 2154 914 ducentos
2182 881 2288 913 trans
2310 884 2460 924 aequor

449 938 694 979 Atlanticum
715 951 817 977 unus
837 951 885 977 ex
903 938 1073 977 alumnis
1093 938 1247 986 nostris,
1269 938 1309 976 in
1330 939 1421 977 loco
1439 944 1579 988 postea
1593 936 1836 977 Academiae
1856 944 2014 977 nostrae
2033 936 2196 976 nomine
2215 943 2456 987 nuncupato,

450 1002 639 1042 fundavit.
699 1002 842 1052 Neque
862 1015 954 1041 vero
980 1015 1073 1041 cum
1097 1008 1230 1041 nostra
1256 1008 1410 1040 tantum
1430 1000 1650 1040 Academia
1676 1001 1747 1040 sed
1770 1013 1862 1039 cum
1889 999 2075 1039 omnibus
2100 999 2169 1051 qui
2195 999 2344 1050 ubique
2366 1004 2459 1038 sunt

449 1063 701 1104 scientiarum
731 1063 908 1111 studiosi,
940 1063 1089 1103 idcirco
1118 1062 1369 1102 consociatus
1398 1070 1468 1110 est,
1500 1063 1610 1112 quod
1643 1061 1744 1102 inter
1777 1062 1864 1101 illos
1895 1061 2050 1110 exstitit,
2082 1061 2151 1112 qui
2179 1075 2202 1101 e
2229 1068 2346 1113 gente
2376 1073 2458 1100 non

449 1140 529 1166 una
561 1125 729 1174 oriundi,
762 1125 890 1176 gentis
919 1127 1008 1176 plus
1039 1138 1160 1176 quam
1189 1125 1307 1164 unius
1337 1125 1377 1164 in
1407 1125 1679 1174 commodum,
1710 1124 1851 1164 seriem
1879 1124 1986 1164 illam
2014 1124 2204 1164 librorum
2235 1124 2455 1172 ediderunt,

447 1197 486 1229 et
515 1189 719 1229 universae
747 1201 876 1227 rerum
907 1195 1069 1227 naturae
1098 1195 1137 1227 et
1166 1187 1343 1239 partibus
1370 1187 1454 1227 eius
1477 1187 1591 1226 variis
1615 1187 1855 1227 illustrandis
1881 1188 2136 1228 dedicatam1.
2197 1190 2230 1227 E
2257 1186 2458 1238 provincia

447 1264 540 1290 vero
558 1257 668 1290 tanta
688 1249 800 1301 quasi
820 1250 1019 1301 propriam
1039 1249 1240 1301 regionem
1262 1249 1469 1288 scientiam
1493 1249 1727 1290 Chemicam
1750 1249 1826 1288 sibi
1851 1249 2019 1300 sumpsit
2041 1250 2323 1300 explorandam
2340 1263 2351 1298 ;
2380 1262 2459 1300 qua

447 1312 487 1351 in
516 1312 676 1363 regione
705 1319 898 1362 quantum
928 1311 1182 1351 scientiarum
1212 1311 1388 1351 terminis
1417 1311 1664 1362 proferendis
1687 1311 1886 1362 profuerit,
1912 1311 1967 1350 illi
1990 1318 2191 1360 testantur,
2220 1311 2289 1363 qui
2316 1311 2457 1351 studiis

447 1374 573 1414 isdem
598 1372 825 1413 excolendis
851 1372 971 1412 vitam
996 1386 1108 1412 suam
1136 1380 1261 1412 totam
1290 1380 1583 1412 consecrarunt.
1641 1372 1770 1412 Nobis
1796 1372 1913 1424 igitur
1940 1372 2002 1412 vix
2035 1386 2198 1413 necesse
2230 1381 2289 1413 est
2319 1373 2458 1413 merita

448 1435 564 1474 huius
589 1434 660 1474 viri
689 1433 898 1485 singularia
927 1433 1153 1485 singillatim
1177 1448 1408 1474 enumerare
1421 1449 1432 1483 3
1463 1435 1579 1474 nobis
1608 1447 1944 1485 supervacaneum
1973 1447 2296 1483 commemorare,
2322 1434 2458 1475 animo

448 1509 569 1547 quam
598 1508 743 1547 magno
772 1508 901 1534 rerum
931 1497 1128 1535 elementa
1157 1496 1292 1535 omnia
1321 1496 1434 1547 quasi
1461 1509 1531 1548 per
1560 1495 1700 1535 seriem
1731 1495 1913 1535 ordinare
1946 1496 2153 1536 tentaverit
2166 1510 2177 1545 3
2215 1509 2321 1536 cura.
2335 1509 2457 1548 quam

449 1558 601 1597 minuta
619 1570 749 1596 rerum
768 1556 985 1608 primordia
1009 1558 1071 1596 vel
1094 1557 1324 1597 tenuissima
1350 1557 1636 1609 ponderaverit.
1694 1557 1853 1597 Talium
1879 1558 2059 1609 profecto
2081 1557 2252 1598 virorum
2276 1559 2457 1610 exemplo

448 1622 646 1672 praeclare
665 1619 897 1668 ostenditur,
920 1620 1114 1659 humanas
1135 1620 1298 1672 quidem
1318 1622 1424 1672 leges
1445 1622 1496 1661 de
1516 1620 1690 1660 minimis
1710 1634 1792 1660 non
1812 1634 1958 1670 curare,
1981 1635 2110 1661 rerum
2136 1629 2269 1662 autern
2294 1629 2458 1663 naturae

447 1682 487 1722 in
507 1682 659 1734 legibus
679 1681 960 1733 investigandis
977 1695 1027 1722 ne
1047 1682 1212 1721 minima
1227 1683 1390 1734 quidem
1407 1683 1561 1735 neglegi
1575 1690 1780 1734 oportere:
1813 1683 1961 1723 etenim
1976 1683 2061 1735 ipsa
2075 1697 2205 1723 rerum
2221 1691 2360 1724 natura
2374 1697 2456 1724 non

449 1746 572 1785 modo
592 1745 632 1784 in
653 1744 805 1796 magnis
825 1758 969 1795 magna
989 1752 1061 1791 est,
1082 1746 1153 1784 sed
1172 1744 1213 1783 in
1235 1745 1409 1785 minimis
1429 1758 1591 1797 quoque
1610 1746 1792 1786 maxima.

555 1809 620 1847 Tu
639 1821 732 1847 vero
752 1806 820 1858 qui
840 1820 970 1846 rerum
990 1814 1153 1847 naturae
1173 1809 1279 1859 leges
1299 1815 1381 1847 tam
1401 1809 1520 1848 docte
1540 1808 1751 1858 illustrasti,
1776 1811 1928 1860 Legum
1951 1811 2103 1850 Doctor
2122 1810 2239 1851 nobis
2259 1818 2355 1851 esto.

555 1868 682 1908 Vobis
701 1876 911 1920 praesento
934 1870 1083 1907 IosmM
1105 1870 1297 1908 PARSONS
1322 1870 1484 1910 CooxE.

1249 2026 1269 2058 1
1310 2011 1499 2059 Marclz
1542 2028 1557 2059 1
1569 2013 1664 2074 883

559 2126 645 2180 (61)
685 2128 784 2166 NON
814 2126 990 2166 Platonis
1019 2135 1174 2167 tantum
1202 2128 1242 2167 in
1271 2129 1494 2180 Republica
1522 2136 1646 2170 artem
1670 2130 1863 2170 musicam
1892 2144 1983 2170 cum
2006 2131 2222 2172 litterarum
2251 2133 2459 2185 disciplina

450 2188 705 2228 coniunctam
732 2201 818 2227 esse
844 2196 1024 2237 constat3
1053 2190 1124 2228 sed
1148 2197 1282 2229 nostra
1305 2203 1467 2241 quoque
1490 2190 1530 2230 in
1554 2191 1774 2231 Academia
1794 2191 1995 2231 neminem
2014 2192 2103 2241 iam,
2126 2194 2202 2233 nisi
2220 2207 2291 2245 per
2314 2195 2457 2234 artium

450 2251 671 2291 liberalium
705 2258 870 2302 portam,
905 2252 945 2290 in
976 2251 1164 2291 scientiae
1194 2251 1296 2291 illius
1330 2253 1547 2304 penetralia
1578 2254 1761 2305 progredi
1794 2255 1974 2306 patimur.
2034 2257 2095 2295 Eo
2128 2256 2315 2296 libentius
2342 2257 2459 2309 igitur

450 2313 695 2354 Academiae
750 2315 913 2353 nomine
961 2316 1177 2354 salutamus
1224 2315 1345 2355 hodie
1396 2317 1557 2356 scholae
1607 2317 1886 2357 celeberrimae
1939 2318 2152 2358 Etonensis
2203 2319 2453 2372 discipulum,

449 2375 691 2416 Academiae
719 2374 876 2414 illustris
906 2375 1144 2415 oxoniensis
1172 2378 1389 2426 alumnum,
1416 2378 1484 2429 qui
1512 2378 1658 2418 abhinc
1686 2392 1813 2418 annos
1842 2379 2028 2429 sedecim,
2049 2381 2284 2421 adulescens
2311 2383 2455 2433 adhuc,

449 2437 565 2476 titulo
595 2437 847 2476 Baccalaurei
873 2436 913 2475 in
939 2437 1096 2476 Musica
1124 2437 1267 2489 dignus
1296 2452 1383 2478 esse
1410 2439 1513 2479 inter
1541 2453 1633 2480 suos
1661 2440 1869 2488 iudicatus,
1896 2440 1980 2492 ipse
2006 2441 2046 2480 in
2075 2442 2295 2482 Academia
2323 2451 2458 2485 nostra

450 2500 692 2539 musicorum
708 2500 969 2540 certaminum
984 2500 1085 2540 inter
1099 2500 1251 2541 iudices
1266 2510 1495 2542 numeratus
1514 2510 1584 2542 est.
1644 2503 1840 2553 Quotiens
1855 2506 2062 2555 poetarum
2075 2504 2249 2556 priorum
2269 2506 2454 2556 carmina,

450 2563 567 2602 huius
595 2562 755 2614 ingenio
784 2563 931 2603 fidibus
960 2563 1113 2603 canoris
1142 2564 1366 2610 commissa,
1390 2565 1503 2616 quasi
1531 2565 1677 2617 spirare
1705 2567 1837 2606 adhuc
1865 2573 1904 2606 et
1932 2568 2066 2606 denuo
2095 2567 2223 2608 vivere
2251 2568 2457 2609 videntur!

450 2625 584 2665 Huius
613 2625 767 2674 auxilio,
790 2632 833 2665 ut
862 2639 954 2665 cum
982 2626 1153 2666 Horatio
1181 2628 1330 2678 loquar,
1357 2630 1460 2667 ‘non
1486 2628 1519 2667 si
1538 2628 1635 2679 quid
1661 2628 1755 2668 olim
1777 2629 1868 2669 lusit
1887 2631 2110 2678 Anacreon,
2132 2622 2276 2670 delevit
2294 2632 2454 2671 aetas’2.

449 2688 564 2727 Idem
590 2691 732 2739 poetae
759 2689 984 2737 Etonensis,
1007 2691 1148 2740 poe'tae
1175 2690 1422 2739 oxoniensis,
1445 2691 1578 2742 magni
1601 2691 1703 2731 illius
1728 2691 1875 2732 Shellei
1900 2692 2141 2743 tragoediam
2167 2693 2452 2744 admirabilem,

449 2763 551 2800 quae
581 2752 841 2791 Prometheus
870 2751 1110 2799 nominatur,
1141 2751 1323 2791 cantibus
1351 2765 1472 2803 quam
1502 2753 1705 2804 exquisitis
1732 2753 2073 2794 accommodavit!
2130 2756 2213 2794 Vos
2242 2763 2358 2804 certe,
2387 2756 2456 2807 qui

449 2826 575 2864 nuper
593 2813 634 2852 in
654 2815 729 2853 hac
752 2813 838 2865 ipsa
861 2814 1080 2854 Academia
1102 2815 1276 2854 fabulam
1300 2814 1407 2854 illam
1431 2815 1688 2866 spectavistis,
1711 2815 1944 2855 meministis
1967 2815 2042 2867 ipsi
2067 2818 2318 2856 tremendum
2343 2818 2454 2858 illum

451 2876 655 2915 Furiarum
684 2878 875 2926 chorum3
912 2877 987 2929 ipsi
1018 2877 1130 2928 quasi
1163 2876 1314 2916 vidistis
1347 2877 1560 2917 matutinas
1591 2877 1676 2917 illas
1706 2879 1907 2918 stellarum
1936 2879 2235 2929 pallescentium
2269 2880 2455 2921 excubias

449 2937 603 2976 Titanis
623 2937 819 2978 miseriam
840 2938 901 2978 vix
921 2938 1167 2978 tolerabilem
1187 2938 1564 2989 contemplantium³
1575 2953 1586 2988 3
1614 2938 1818 2979 audivistis
1837 2939 2011 2991 denique
2025 2947 2107 2980 arte
2122 2940 2274 2981 musica
2293 2941 2457 2983 feliciter

880 3041 891 3062 ¹
922 3042 987 3074 The
1004 3043 1088 3074 New
1106 3041 1302 3083 Chemistry,
1320 3042 1354 3073 in
1370 3042 1427 3074 the
1443 3042 1694 3075 Internatz‘onal
1706 3043 1871 3086 Scientg'fic
1885 3045 1999 3078 Sm‘es.

881 3084 1253 3160 2ΞΗοιτειδεεί,Τίίιανηιὲιίἔ
1264 3095 1315 3160 gea
1316 3094 1351 3160 198
1370 3086 1601 3160 Othlsslrclandes
1615 3086 1655 3128 of
1664 3087 1845 3119 Anacreon.

1070 3139 1239 3203 Shieoepon
1262 3181 1282 3203 a
1305 3172 1427 3213 misery
1449 3140 1520 3204 doire
1543 3177 1578 3204 to
1601 3173 1643 3205 be
1665 3173 1769 3206 borne
1781 3172 1798 3205 '.

1428 3257 1477 3293 34
