2704 3770
824 326 1010 392 Henry
1030 328 1173 395 John
1210 330 1358 394 Roby.
1433 330 1545 380 Geo.
1597 331 1823 381 Wz‘llz‘am
1858 331 1994 381 Hz'll.

408 470 460 509 de
486 470 613 519 India,
643 472 812 512 alterum
841 473 892 512 de
918 472 1058 513 studiis
1086 474 1369 525 geographicis,
1401 474 1554 526 egregie
1577 475 1814 516 disserentes
1839 476 2087 516 audivimus:
2114 475 2236 517 hodie
2260 478 2418 518 fratrem

409 531 587 580 alterum,
618 532 745 572 virum
774 533 1026 573 scientiarum
1059 547 1194 575 amore
1226 535 1431 587 insignem,
1463 536 1624 576 honoris
1657 550 1777 576 causa
1814 536 1982 576 libenter
2010 538 2237 578 salutamus.
2295 539 2419 589 Quod

411 592 552 633 Indiae
579 594 711 646 campi
740 595 916 635 sitientes
944 609 1136 647 aquarum
1165 596 1255 636 rivis
1283 597 1462 649 plurimis
1489 598 1704 650 irrigantur,
1731 601 1841 650 quod
1866 599 1922 640 ibi
1950 607 2139 640 terrarum
2164 601 2291 652 spatia
2317 601 2420 643 inter

409 668 495 696 sese
514 664 667 698 remota
685 658 935 709 publicarum
955 658 1104 698 viarum
1120 661 1227 699 velut
1246 667 1387 700 catena
1406 661 1529 700 ferrea
1543 661 1758 701 coniuncta
1773 668 1874 711 sunt,
1892 661 1986 701 huic
2000 661 2191 714 imprimis
2206 669 2419 715 utrumque

407 724 617 768 acceptum
647 719 900 759 rettulimus¹.
960 721 1075 759 Idem
1105 720 1244 760 Indiae
1273 728 1430 761 montes
1458 722 1785 774 septentrionales
1813 736 1932 775 quam
1959 725 2147 764 audacter
2178 725 2395 776 exploravit
2407 740 2420 775 ς

408 779 508 820 nivis
528 788 711 823 aeternae
730 797 753 823 e
772 783 1052 835 penetralibus,
1074 791 1173 834 quot
1192 783 1377 824 arborum
1398 792 1438 824 et
1456 785 1677 834 herbarum,
1700 793 1799 837 quot
1822 786 2001 838 lapidum
2024 794 2063 826 et
2086 799 2270 826 saxorum
2293 787 2420 840 spolia

406 843 513 882 velut
532 842 657 883 victor
676 844 930 896 reportavit²l
986 847 1182 885 Aestuum
1203 846 1490 887 maritimorum
1510 855 1643 887 motus
1664 847 1767 888 circa
1792 848 1934 888 Indiae
1956 848 2070 888 litora
2092 861 2213 900 quam
2235 857 2419 890 accurate

409 902 677 945 dimetiendos
715 906 888 946 curavit!
946 907 1096 946 Rerum
1128 915 1262 947 autem
1295 908 1537 958 caelestium,
1576 916 1784 949 ventorum
1822 916 2196 961 tempestatumque,
2230 910 2419 951 scientiae

406 966 585 1007 animum
625 981 747 1020 quam
784 969 924 1009 acriter
962 969 1178 1010 intendit³l
1236 971 1375 1022 Nuper
1411 971 1573 1011 orientis
1610 971 1711 1012 inter
1747 972 1907 1020 insulas,
1947 985 2039 1012 cum
2077 973 2248 1013 flammis
2285 973 2418 1014 subito

407 1029 754 1070 exardescentibus
793 1032 907 1071 sedes
944 1033 1142 1082 quaedam
1180 1033 1350 1072 Volcani
1387 1034 1537 1085 fragore
1575 1033 1725 1085 ingenti
1762 1034 1937 1086 displosa
1978 1041 2049 1082 est,
2087 1034 2187 1074 aeris
2233 1035 2418 1076 concussi

407 1097 598 1130 tremores
617 1098 676 1131 ter
694 1091 799 1131 circa
818 1099 945 1131 toturn
966 1094 1104 1132 orbem
1125 1100 1313 1134 terrarum
1333 1095 1567 1146 geminatos,
1584 1102 1623 1135 et
1643 1096 1839 1135 undarum
1855 1109 1965 1135 more
1985 1095 2132 1136 sensim
2152 1096 2416 1145 subsidentes,

407 1152 602 1194 subtiliter
630 1154 834 1195 dimensus
864 1156 952 1195 est⁴.
1011 1156 1180 1196 Constat
1209 1164 1248 1196 et
1276 1159 1454 1197 Aurorae
1487 1165 1527 1197 et
1555 1157 1741 1209 Vesperis
1770 1159 1923 1198 colores
1951 1171 2098 1207 roseos,
2127 1172 2229 1211 quos
2257 1167 2418 1212 propter

407 1215 743 1265 pulchritudinem
782 1218 966 1258 eximiam
1003 1232 1154 1258 annum
1192 1232 1316 1271 prope
1353 1226 1482 1259 totum
1520 1219 1771 1269 mirabamur,
1810 1233 1930 1260 causa
1975 1235 2023 1261 ex
2068 1222 2210 1261 eadem
2255 1222 2418 1263 traxisse

407 1277 611 1329 originem.
669 1282 764 1321 Non
797 1281 995 1321 immerito
1027 1281 1144 1332 igitur
1176 1295 1350 1333 purpura
1382 1289 1516 1322 nostra
1548 1282 1669 1323 hodie
1706 1282 1895 1323 vestimus
1927 1282 2086 1323 concilii
2120 1283 2417 1336 meteorologici

407 1340 641 1390 praesidem,
677 1341 803 1382 virum
837 1344 889 1383 de
922 1342 1119 1383 Societate
1153 1343 1440 1395 Geographica,
1473 1345 1525 1384 de
1558 1344 1754 1384 Societate
1789 1344 1925 1395 Regia,
1955 1346 2007 1385 de
2039 1345 2210 1386 concilio
2242 1346 2418 1398 denique

409 1401 553 1441 Indico
582 1404 779 1454 praeclare
808 1404 1002 1444 meritum.

516 1465 633 1504 Duco
652 1466 704 1505 ad
723 1479 794 1506 vos
815 1466 980 1506 militem
1001 1466 1204 1515 illustrem,
1228 1468 1497 1507 RICHARDUM
1518 1468 1754 1507 STRACHEY.

513 1576 628 1630 (199)
662 1579 754 1618 Iure
779 1578 932 1630 optimo
965 1579 1087 1619 hodie
1115 1579 1232 1619 nobis
1261 1580 1461 1620 redditum
1495 1583 1711 1621 salutamus
1740 1589 1963 1623 senatorem
1992 1582 2093 1623 inter
2121 1591 2278 1624 nosmet
2307 1584 2416 1637 ipsos

407 1638 503 1678 olim
542 1646 702 1690 propter
739 1640 956 1680 litterarum
990 1641 1270 1681 humaniorum
1303 1642 1483 1694 peritiam
1517 1644 1650 1683 laurea
1687 1651 1821 1683 nostra
1858 1646 2071 1693 ornatum⁵,
2106 1645 2175 1697 qui
2207 1653 2342 1686 nostra
2374 1646 2415 1685 in

407 1701 628 1741 Academia
656 1701 775 1742 etiam
804 1702 898 1743 iuris
926 1703 967 1742 in
997 1704 1136 1744 studiis
1165 1711 1205 1744 et
1234 1705 1372 1744 morali
1400 1705 1441 1745 in
1466 1706 1631 1745 scientia
1654 1706 1837 1758 praemiis
1863 1707 2115 1748 Academicis
2138 1708 2416 1749 adiudicandis

406 1763 584 1813 praefuit.
643 1765 862 1814 Quondam
891 1764 992 1805 inter
1021 1765 1313 1806 Londinienses
1341 1767 1434 1807 iuris
1462 1768 1714 1819 prudentiam
1742 1770 1952 1820 professus,
1983 1783 2109 1822 nuper
2137 1769 2346 1810 Iustiniani
2373 1770 2415 1810 in

403 1837 522 1875 opere
549 1838 694 1876 magno
723 1824 882 1865 titulum
905 1827 957 1866 de
986 1828 1191 1867 usufructu
1218 1828 1506 1869 commentario
1528 1837 1722 1881 perpetuo
1747 1830 1900 1871 erudite
1925 1831 2162 1882 explicavit⁶.
2222 1833 2338 1872 Idem
2357 1831 2415 1872 eis

405 1887 500 1926 olim
520 1887 679 1927 adiutor
698 1888 876 1940 egregius
899 1890 1015 1929 datus
1039 1897 1108 1938 est,
1131 1890 1200 1941 qui
1225 1891 1393 1942 Angliae
1417 1891 1563 1931 scholis
1589 1892 1862 1932 examinandis
1889 1895 2093 1944 quondam
2118 1893 2342 1946 praepositi,
2363 1895 2415 1935 de

405 1962 446 1987 re
472 1955 553 1988 tam
579 1950 685 2001 gravi
708 1950 956 1990 voluminum
984 1950 1124 1991 seriem
1150 1951 1353 2003 ingentem
1373 1952 1612 1992 ediderunt⁷.
1670 1953 1946 1993 Studiosorum
1970 1954 2011 1993 in
2031 1955 2215 1995 manibus
2234 1963 2294 1996 est
2313 1969 2414 2007 opus

404 2010 591 2050 eximium
621 2012 662 2051 in
691 2025 772 2063 quo
800 2013 1080 2063 grammaticae
1110 2014 1276 2054 Latinae
1301 2016 1406 2066 leges
1435 2015 1575 2055 ordine
1603 2015 1738 2056 lucido
1766 2017 1963 2068 expositas
1991 2018 2069 2058 iam
2098 2018 2192 2059 inde
2219 2032 2243 2058 a
2272 2020 2414 2059 Plauto

403 2085 564 2112 exorsus
575 2075 627 2113 ad
641 2074 820 2113 Suetonii
835 2076 1037 2114 saeculum
1054 2076 1247 2115 deduxitS.
1298 2078 1403 2128 Ergo
1419 2090 1539 2128 quem
1555 2078 1767 2118 Suetonius
1783 2079 1868 2130 ipse
1880 2079 1982 2120 inter
1993 2082 2119 2120 claros
2134 2081 2413 2132 grammaticos

403 2133 573 2174 libenter
610 2144 866 2183 numerasset,
902 2149 1103 2187 quemque
1140 2137 1194 2176 ob
1231 2137 1399 2189 insignia
1436 2138 1520 2179 eius
1558 2140 1609 2179 de
1647 2139 1798 2179 Latinis
1835 2141 2064 2192 praesertim
2100 2141 2238 2182 litteris
2275 2142 2414 2183 merita

404 2195 640 2235 Litterarum
677 2199 893 2238 Doctorem
926 2198 1132 2238 nominare
1170 2207 1409 2250 poteramus,
1445 2202 1617 2241 eundem
1652 2201 1773 2241 hodie
1806 2209 1965 2254 propter
1997 2202 2090 2243 iuris
2119 2203 2299 2255 peritiam
2326 2204 2411 2245 eius

402 2258 639 2310 singularem
670 2262 889 2301 Doctorem
918 2261 959 2300 in
991 2263 1082 2301 Iure
1111 2262 1251 2302 merito
1281 2276 1470 2303 creamus.

513 2323 630 2362 Duco
650 2324 702 2363 ad
721 2337 792 2363 vos
813 2325 1055 2363 HENRICUM
1078 2325 1281 2364 IOANNEM
1302 2327 1431 2365 Rossv.

509 2436 621 2489 (200)
651 2439 790 2489 Nuper
820 2440 858 2477 N
861 2439 1005 2478 ewtoni
1035 2439 1274 2491 discipulum
1304 2454 1491 2493 magnum
1525 2442 1739 2491 amisimus,
1771 2443 1840 2495 qui
1870 2444 2160 2484 mathematicis
2190 2443 2409 2485 rationibus

399 2498 589 2538 adhibitis
621 2500 821 2550 planetam
853 2500 960 2551 prius
988 2500 1168 2552 ignotum
1201 2503 1335 2542 adhuc
1363 2503 1515 2543 iuvenis
1545 2504 1693 2544 detexit
1721 2512 1761 2545 et
1791 2505 1969 2557 Neptuni
1997 2506 2160 2546 nomine
2190 2506 2409 2558 posteritati

397 2574 505 2601 serae
525 2564 848 2612 cognoscendum
870 2563 1056 2615 reliquit⁹.
1117 2565 1233 2604 Idem
1259 2573 1366 2605 trans
1394 2579 1544 2618 aequor
1571 2567 1817 2608 Atlanticum
1847 2568 1994 2608 abhinc
2021 2582 2156 2609 annos
2177 2568 2407 2620 quindecim

397 2623 516 2663 etiam
551 2625 739 2666 scientiae
776 2640 871 2667 suae
908 2640 1072 2666 novum
1092 2628 1227 2667 lumen
1264 2628 1436 2679 agnovit,
1471 2629 1649 2680 agnitum
1686 2629 1772 2669 aliis
1810 2630 1942 2670 statim
1979 2631 2174 2682 patefecit.
2237 2630 2407 2679 Scilicet,

397 2693 586 2725 terrarum
614 2687 778 2738 quidem
802 2688 843 2727 in
863 2688 972 2735 orbe,
994 2701 1147 2727 oceano
1173 2690 1254 2728 lato
1274 2689 1376 2729 inter
1398 2703 1485 2730 sese
1505 2690 1631 2739 divisi,
1652 2692 1850 2731 rationum
1869 2692 2161 2732 reconditarum
2181 2706 2259 2744 ope
2285 2692 2408 2732 ambo

396 2747 538 2787 eadem
557 2748 609 2787 de
633 2749 771 2788 Lunae
792 2757 903 2789 motu
923 2749 1210 2789 invenerantw:
1239 2751 1339 2791 caeli
1358 2759 1492 2791 autem
1517 2752 1720 2803 regionem
1745 2754 1915 2793 eandem
1939 2753 2008 2793 diu
2034 2752 2301 2805 contemplati,
2323 2766 2406 2793 non

397 2808 527 2848 minus
556 2808 778 2849 studiorum
805 2810 994 2850 societate
1024 2823 1144 2862 quam
1178 2824 1334 2852 morum
1365 2813 1561 2853 modestia
1589 2815 1731 2854 eadem
1759 2814 1973 2862 coniuncti,
2000 2816 2097 2855 alter
2123 2817 2290 2855 alterum
2322 2827 2406 2854 non

479 2886 492 2907 ¹
517 2888 847 2931 Inspector-General
863 2889 901 2921 of
914 2890 1100 2932 Irrigation,
1121 2890 1215 2924 1866.
1355 2890 1370 2911 ²
1393 2893 1520 2934 Survey
1535 2893 1573 2925 of
1585 2893 1640 2926 the
1657 2893 1860 2935 Himalayan
1875 2895 2034 2936 province
2050 2895 2089 2928 of
2102 2896 2260 2935 Kumam,
2285 2895 2367 2936 1848
2378 2894 2402 2927 f.

391 2929 405 2950 ⁸
427 2930 607 2963 Chairman
623 2932 660 2964 of
673 2932 729 2965 the
746 2933 1019 2974 Meteorological
1036 2935 1190 2967 Council.
1393 2934 1407 2955 4
1430 2936 1564 2969 Section
1580 2947 1624 2969 on
1639 2937 1860 2979 atmospheric
1877 2938 2090 2980 phenomena
2105 2938 2143 2971 of
2155 2939 2213 2971 the
2229 2937 2404 2970 Krakatoa

393 2974 555 3016 eruption,
575 2976 663 3017 Aug.
684 2977 776 3017 1883,
796 2976 830 3007 in
847 2977 936 3007 Phil.
959 2977 1077 3009 Trans.
1098 2979 1185 3010 R.S.
1345 2977 1358 2998 ⁶
1381 2979 1500 3012 Senior
1516 2980 1653 3017 Classic,
1674 2982 1767 3021 1853.
1923 2979 1936 3000 ⁶
1962 2983 2055 3021 1884.
2193 2980 2208 3002 ⁷
2230 2981 2404 3024 Secretary

392 3022 427 3049 to
444 3017 584 3050 Schools
601 3019 738 3060 Inquiry
753 3019 819 3050 and
837 3020 1010 3052 Endowed
1027 3020 1167 3053 Schools
1183 3021 1470 3061 Commissioners,
1494 3023 1651 3064 1865-72.
1761 3021 1775 3042 ⁸
1801 3025 1960 3065 1871-74.
2073 3023 2087 3044 ⁹
2110 3025 2239 3057 Adams
2253 3023 2321 3066 (no.
2342 3034 2401 3066 142

390 3059 520 3101 supra),
536 3061 581 3092 ob.
603 3071 639 3093 21
657 3062 733 3103 Jan.
755 3063 834 3104 1892
853 3062 982 3104 (Eagle,
1000 3064 1066 3095 xvii
1086 3064 1281 3106 121—137).
1438 3065 1466 3085 ¹⁰
1489 3066 1616 3098 Adams
1631 3066 1689 3098 did
1705 3066 1804 3098 much
1820 3068 1964 3099 towards
1979 3069 2130 3111 securing
2146 3068 2351 3110 recognition
2369 3067 2408 3099 of

394 3103 448 3134 Mr
469 3104 571 3135 Hill's
587 3104 679 3136 work
696 3115 739 3136 on
756 3105 812 3137 the
834 3106 947 3137 Lunar
962 3107 1096 3148 Theory
1113 3107 1238 3149 (1877),
1253 3108 1361 3140 which
1385 3109 1587 3151 overlapped
1608 3110 1658 3142 his
1677 3121 1753 3142 own
1777 3111 1871 3142 work
1894 3121 1938 3142 on
1957 3112 2013 3143 the
2037 3122 2127 3144 same
2150 3112 2287 3154 subject.
2337 3111 2401 3153 Cp.

392 3146 573 3179 Glaisher's
596 3148 742 3180 Address
765 3148 888 3190 (Royal
913 3150 1003 3181 Astr.
1028 3149 1118 3189 Soc„
1146 3150 1227 3183 Feb.
1260 3150 1369 3193 1887).

1408 3237 1483 3263 100

2626 842 2635 850 <r
2628 786 2647 810 a„
2624 726 2642 757 K·
2628 480 2652 507 ,⁴
2647 442 2649 446 Α
2646 407 2650 422 Δ.
2617 179 2651 366 ,*⁴³,‘.3*'⁶.‘·⁴:
2625 106 2634 150 „,..
2619 47 2630 85 ...-

2665 1352 2670 1361 “
2672 1244 2704 1285 ..⁰-
2683 1094 2689 1110 Α
2668 1007 2687 1040 ’ὲ
2663 926 2683 979 *Ψ
2687 889 2691 892 .
2687 854 2690 858 .
2662 733 2691 822 ffl..:
2671 580 2689 705 ι
2666 485 2682 502 ῑ-
2674 435 2681 465 ,A
2688 351 2690 354 v

2700 2331 2704 2335 .
2691 2200 2704 2313 .*-n.*-·—
2682 2042 2704 2174 ‚zu-amasium
2686 1782 2704 2035 &nrm-“4320402
