2704 3770
865 352 1103 401 Norman
1137 353 1371 402 Macleod
1399 354 1624 405 Ferrers.
1686 357 1865 423 James
1899 357 2097 408 Porter.

470 494 550 546 qui,
571 495 710 535 talium
735 496 908 537 virorum
934 499 1133 550 exemplar
1158 500 1297 550 procul
1322 500 1507 548 venerati,
1529 500 1649 541 etiam
1675 510 1829 542 nostras
1855 502 1956 542 inter
1979 502 2095 543 silvas
2121 516 2256 544 verum
2283 505 2481 556 quaeritis,

469 569 712 609 quamquam
732 557 853 598 hodie
872 571 1036 599 nemora
1061 559 1127 599 illa
1152 567 1286 600 nostra
1311 561 1437 612 gravis
1463 562 1604 602 umbra
1629 562 1866 613 contristat¹‚
1888 571 2022 605 tamen
2048 564 2150 605 inter
2174 565 2279 618 ipsas
2302 567 2482 607 lacrimas

468 633 551 660 non
571 620 656 661 sine
674 621 821 673 gaudio
841 621 967 662 virum
987 636 1177 674 magnum
1197 623 1359 673 vidistis,
1382 637 1542 676 quaque
1561 625 1695 665 soletis
1716 626 1994 667 benevolentia
2012 628 2217 668 laudatum
2236 629 2452 670 audivistis.

575 684 704 724 Vobis
729 685 845 737 igitur
870 693 1080 737 praesento
1103 686 1347 727 Academiae
1371 688 1638 728 Berolinensis
1666 690 1933 730 Professorem
1959 689 2160 740 illustrem,
2185 692 2480 732 HERMANNUM

468 748 725 788 LuDovicUM
747 750 1072 789 FERDmANnuM
1094 752 1376 790 HELMHOLTZ.

1299 894 1323 925 2
1350 878 1492 944 sune
1532 881 1649 928 1881

573 985 661 1039 (54)
683 988 847 1026 ANNUM
863 986 1035 1027 vidimus
1050 988 1213 1027 nomine
1232 1001 1315 1027 non
1331 1001 1413 1028 uno
1427 989 1670 1029 Academiae
1686 989 1870 1038 flebilem,
1887 1004 2038 1030 annum
2053 989 2233 1041 Collegio
2252 993 2341 1042 plus
2357 1005 2478 1044 quam

465 1046 534 1086 uni
549 1049 787 1088 luctuosum.
845 1048 955 1087 Anni
974 1047 1091 1088 unius
1107 1048 1208 1088 intra
1223 1049 1405 1100 spatium,
1428 1058 1615 1102 quattuor
1634 1065 1656 1090 e
1676 1051 1944 1103 Collegiorum
1966 1051 2185 1104 praefectis,
2205 1052 2356 1092 ordinis
2375 1054 2479 1094 illius

464 1117 616 1161 partem
653 1125 777 1163 prope
815 1118 1006 1163 quartam,
1039 1113 1120 1152 fato
1157 1113 1303 1152 acerbo
1335 1113 1521 1164 abreptos
1560 1113 1741 1163 vidimus,
1778 1128 1947 1166 quorum
1981 1114 2172 1163 omnium,
2206 1114 2287 1155 sive
2320 1117 2372 1156 de
2404 1128 2478 1156 suo

465 1174 657 1225 cuiusque
677 1175 867 1226 Collegio,
890 1174 972 1214 sive
991 1175 1043 1214 de
1062 1174 1243 1215 universa
1262 1176 1493 1224 Academia,
1515 1176 1595 1216 sive
1616 1178 1667 1216 de
1686 1176 1902 1217 litterarum
1922 1177 2134 1229 republica,
2152 1177 2291 1218 merita
2309 1177 2478 1230 insignia

463 1235 660 1275 vobismet
683 1236 870 1276 omnibus
895 1243 991 1276 nota
1017 1237 1137 1276 sunt2.
1198 1237 1335 1277 Hodie
1358 1251 1451 1277 vero
1475 1251 1557 1277 non
1587 1239 1709 1278 modo
1732 1238 1799 1287 illi,
1822 1253 1922 1290 quos
1951 1252 2077 1291 nuper
2101 1239 2316 1287 amisimus,
2338 1239 2476 1280 debito

464 1299 615 1339 honore
634 1298 903 1351 prosequendi
922 1307 1025 1348 sunt,
1047 1301 1118 1340 sed
1138 1299 1174 1339 ei
1193 1313 1365 1352 quoque,
1388 1301 1457 1352 qui
1476 1302 1516 1340 in
1540 1303 1715 1341 eundem
1735 1303 1944 1342 doctorum
1965 1301 2147 1342 ordinem
2166 1301 2368 1354 dignitatis
2392 1301 2477 1342 iure

465 1375 557 1401 mox
581 1362 851 1412 admittentur,
873 1376 920 1403 ea
946 1376 1024 1414 qua
1046 1376 1117 1414 par
1141 1370 1201 1403 est
1224 1363 1474 1403 observantia
1497 1363 1730 1415 excipiendi.
1791 1364 2030 1404 Meministis
2056 1365 2220 1404 fortasse
2245 1366 2475 1416 scriptorem

462 1425 664 1474 quendam
703 1427 944 1473 Romanum,
985 1423 1194 1472 Velleium‚
1235 1424 1310 1463 nisi
1356 1426 1480 1473 fallor,
1522 1427 1785 1472 Paterculum‚
1825 1425 2132 1465 Atheniensium
2175 1425 2340 1477 gloriam
2383 1439 2476 1466 con·

462 1487 732 1537 templantem,
761 1485 945 1525 miratum
974 1499 1071 1534 esse,
1099 1493 1270 1525 aetatem
1300 1499 1420 1525 unam
1450 1487 1591 1526 decem
1620 1494 1805 1535 oratores,
1836 1501 1958 1527 unam
1986 1494 2157 1527 aetatem
2185 1487 2277 1526 artis
2305 1486 2475 1539 tragicae

460 1554 537 1586 tres
576 1547 781 1599 magistros
818 1546 988 1586 Athenis
1026 1546 1206 1587 dedisse³
1219 1561 1230 1595 3
1277 1561 1414 1596 nosne,
1454 1549 1617 1588 annales
1655 1548 1920 1588 Academicos
1958 1550 2214 1597 revolventes,
2250 1555 2473 1589 memoratu

460 1608 669 1661 indignum
698 1608 964 1649 iudicabimus
987 1622 1009 1648 e
1032 1610 1175 1649 decem
1200 1609 1276 1649 illis
1305 1609 1471 1649 summis
1498 1609 1600 1658 viris,
1622 1610 1770 1650 abhinc
1798 1623 1925 1650 annos
1954 1612 2111 1663 triginta
2139 1623 2220 1650 uno
2249 1611 2474 1662 eodemque

461 1672 526 1712 die
554 1672 595 1711 in
623 1674 821 1712 honorum
850 1672 1222 1712 mathematicorum
1252 1672 1391 1712 ordine
1419 1672 1555 1724 primis
1583 1672 1826 1721 renuntiatis,
1858 1673 2127 1725 Collegiorum
2162 1673 2367 1724 magistros
2395 1680 2472 1713 tres

460 1735 653 1776 exstitisse
665 1737 703 1776 ?⁴
757 1737 834 1776 Illo
853 1743 987 1775 autem
1002 1735 1079 1784 die,
1101 1735 1202 1775 sicut
1222 1735 1346 1775 nostis
1367 1749 1517 1784 omnes,
1540 1737 1651 1775 locus
1671 1735 1850 1775 omnium
1871 1735 2021 1787 primus
2041 1736 2134 1775 huic
2152 1735 2236 1775 viro
2255 1742 2472 1776 reservatus

459 1807 554 1847 erat,
575 1813 695 1851 quem
715 1800 836 1840 hodie
855 1799 1026 1852 priorem
1054 1800 1280 1847 salutamus,
1308 1798 1475 1850 Collegii
1499 1798 1603 1838 illius
1628 1798 1746 1838 vicini
1772 1798 2001 1850 magistrum
2027 1812 2153 1850 nuper
2180 1800 2362 1839 electum.
2422 1799 2472 1838 In

461 1861 689 1913 magistratu
717 1861 933 1913 praeiverat
961 1860 1018 1900 vir
1045 1860 1311 1909 doctissimus,
1339 1862 1561 1901 secundum
1591 1860 1821 1899 Ennianum
1851 1860 1949 1900 illud
1972 1862 2118 1900 ‘multa
2142 1868 2282 1900 tenens
2307 1859 2472 1911 antiqua

459 1926 653 1976 sepulta’⁵
665 1939 676 1974 3
716 1924 785 1976 qui
818 1938 909 1964 cum
942 1923 1078 1963 animo
1112 1937 1256 1975 magno
1290 1938 1376 1963 sese
1409 1923 1600 1975 dignitate
1633 1937 1704 1963 sua
1736 1923 1970 1973 abdicasset,
2003 1925 2144 1975 plenus
2171 1922 2296 1971 annis,
2328 1924 2469 1974 plenus

459 1988 678 2028 honoribus
694 2001 716 2027 e
731 1987 810 2027 vita
824 1986 1021 2027 excessit⁶.
1068 1987 1178 2026 Illius
1198 1987 1314 2038 igitur
1329 2000 1598 2026 successorem
1613 1986 1727 2026 vobis
1746 1994 2054 2038 praesentamus,
2070 1987 2238 2026 Scholae
2255 1985 2469 2026 Etonensis

459 2049 712 2102 discipulum,
742 2049 868 2088 virum
902 2051 954 2089 de
986 2048 1290 2088 mathematiciis
1324 2048 1464 2089 studiis
1497 2047 1648 2100 optime
1681 2048 1876 2096 meritum,
1911 2056 2082 2089 tutorem
2117 2055 2332 2096 strenuum,
2360 2060 2468 2099 prae-

458 2119 661 2163 ceptorem
690 2110 809 2151 etiam
838 2123 946 2150 nunc
974 2110 1229 2159 indefessum,
1261 2112 1454 2150 NORMAN
1485 2112 1696 2150 MACLEOD
1727 2112 1936 2150 FERRERS.

566 2217 653 2271 (55)
691 2218 875 2270 Sequitur
900 2218 1090 2270 deinceps
1114 2218 1182 2264 vir,
1203 2219 1358 2268 eodem,
1382 2218 1438 2258 uti
1464 2217 1646 2266 diximus,
1668 2217 1733 2258 die
1756 2219 1929 2258 lauream
1956 2231 2068 2258 suam
2094 2217 2263 2269 primam
2285 2219 2464 2270 adeptus,

457 2281 525 2333 qui
544 2281 692 2321 abhinc
711 2295 838 2321 annos
858 2281 1036 2333 quinque
1054 2281 1095 2320 in
1116 2282 1249 2320 locum
1265 2281 1335 2321 viri
1349 2281 1493 2333 insigni
1507 2281 1705 2333 gravitate,
1722 2280 1923 2332 dignitate,
1941 2280 2183 2333 sagacitate⁷‚
2198 2280 2466 2332 Collegiorum

457 2345 637 2385 omnium
666 2345 930 2397 antiquissimi
959 2344 1143 2396 magister
1171 2346 1320 2384 electus
1349 2352 1419 2384 est.
1478 2343 1674 2394 Quotiens
1703 2358 1726 2384 e
1754 2345 1898 2384 domus
1924 2343 2026 2383 illius
2054 2345 2144 2383 aula
2171 2343 2368 2395 hospitali,
2395 2342 2466 2383 ubi

457 2407 630 2459 magistri
649 2408 787 2459 prioris
807 2409 937 2447 vultus
957 2407 1200 2447 venerabiles
1220 2415 1302 2447 arte
1322 2407 1464 2447 eximia
1483 2407 1664 2459 depictos
1683 2406 1867 2447 admirari
1887 2407 1988 2456 licet,
2011 2407 2052 2446 in
2072 2420 2268 2447 cameram
2293 2405 2464 2446 vicinam

455 2471 620 2511 artificio
633 2471 827 2523 exquisito
848 2473 1075 2511 decoratam
1095 2470 1365 2519 convenimus,
1381 2470 1450 2510 ubi
1465 2471 1654 2510 fenestras
1669 2470 1753 2510 illas
1773 2469 1923 2510 lucidas
1939 2469 2113 2522 magistri
2127 2469 2220 2510 novi
2233 2468 2466 2509 liberalitate

455 2534 664 2585 splendide
690 2542 848 2574 ornatas
871 2534 1130 2586 contemplari
1157 2534 1287 2573 iuvat!
1345 2534 1467 2584 Quod
1495 2535 1643 2573 Camus
1667 2541 1801 2573 noster
1823 2532 2014 2584 ampliore
2039 2534 2152 2572 alveo
2176 2540 2215 2572 et
2241 2531 2464 2583 purioribus

455 2597 572 2637 undis
592 2597 647 2637 ire
666 2597 815 2647 didicit,
838 2598 931 2638 huic
950 2598 1033 2637 viro
1053 2597 1245 2649 imprimis
1264 2605 1473 2649 acceptum
1494 2596 1727 2636 rettulimus.
1772 2597 1887 2636 Idem
1908 2603 1991 2635 tum
2011 2595 2108 2644 aliis,
2131 2603 2215 2634 tum
2235 2594 2463 2646 praesertim

454 2658 647 2699 iuventuti
675 2659 952 2708 Academicae,
984 2659 1054 2699 diu
1082 2658 1232 2699 idcirco
1262 2659 1431 2698 dilectus
1462 2666 1520 2698 est
1551 2659 1660 2710 quod
1693 2658 1878 2697 ludorum
1907 2656 2241 2696 Academicorum
2273 2663 2462 2707 patronus

453 2721 631 2772 egregius
657 2721 792 2770 extitit,
818 2722 1008 2772 quodque
1036 2722 1124 2772 plus
1151 2734 1271 2772 quam
1298 2722 1420 2760 semel
1451 2718 1713 2771 procuratoris
1739 2718 1870 2758 officio
1899 2731 2054 2757 summa
2081 2718 2278 2765 comitate,
2304 2730 2462 2757 summo

453 2783 601 2824 iudicio
630 2785 788 2824 functus
817 2791 887 2824 est.

560 2847 686 2887 Vobis
706 2855 1003 2899 praesentamus
1023 2846 1191 2898 Collegii
1210 2844 1474 2897 antiquissimi
1495 2843 1741 2896 Magistrum,
1764 2843 1890 2882 virum
1906 2855 1998 2881 cum
2014 2841 2191 2894 plurimis
2206 2849 2245 2882 et
2264 2841 2460 2881 amicitiae

453 2915 492 2948 et
511 2909 671 2960 hospitii
690 2910 773 2950 iure
793 2910 1065 2957 coniunctum,
1088 2911 1283 2949 IACOBUM
1305 2910 1487 2947 PORTER.

538 3006 549 3027 ¹
573 3007 647 3040 The
662 3008 788 3041 funeral
804 3009 842 3041 os
854 3010 904 3041 Dr
921 3010 1075 3049 Bateson,
1094 3009 1161 3041 late
1178 3009 1304 3040 Master
1319 3007 1357 3040 of
1369 3007 1408 3040 St
1421 3005 1548 3049 John's.
1728 3003 1742 3024 2
1765 3006 1815 3037 Dr
1833 3006 1959 3044 Power,
1980 3005 2106 3037 Master
2121 3004 2158 3037 of
2176 3004 2373 3043 Pembroke,
2392 3004 2459 3037 and

454 3050 504 3082 Dr
522 3050 637 3090 Guest,
657 3051 695 3083 of
713 3051 868 3085 Gonville
889 3053 955 3084 and
976 3052 1076 3085 Caius
1099 3050 1231 3093 (1880);
1254 3051 1306 3083 Dr
1324 3050 1494 3090 Cartmell,
1515 3050 1642 3081 Master
1662 3048 1699 3081 of
1719 3048 1869 3088 Christ’s‚
1892 3049 1958 3080 and
1981 3049 2030 3080 Dr
2052 3049 2208 3087 Bateson,
2226 3048 2265 3080 of
2283 3049 2323 3081 St
2339 3047 2459 3090 John’s

455 3092 578 3135 (1881).
675 3094 689 3115 3
710 3095 857 3127 Velleius
874 3096 1075 3135 Paterculus,
1095 3095 1105 3127 i
1125 3094 1175 3134 16,
1196 3105 1213 3135 3
1227 3094 1249 3126 f.
1346 3093 1361 3113 ⁴
1383 3094 1426 3126 N.
1449 3094 1498 3125 M.
1517 3093 1659 3130 Ferrers,
1674 3093 1786 3135 James
1803 3093 1928 3131 Porter,
1947 3092 2013 3123 and
2030 3092 2067 3124 C.
2090 3092 2129 3124 E.
2151 3091 2275 3129 Searle,
2292 3091 2385 3123 alliu
2402 3091 2458 3124 the

452 3147 542 3169 same
557 3137 611 3169 list
627 3137 665 3168 of
678 3138 868 3180 Wranglers
884 3139 918 3170 in
938 3140 1030 3180 1851.
1134 3137 1148 3158 ⁵
1172 3138 1300 3170 Ennius
1314 3148 1369 3179 ap.
1386 3137 1545 3176 Gellium,
1564 3136 1607 3168 xii
1624 3148 1654 3176 4.
1762 3134 1776 3155 ⁶
1800 3135 1920 3167 Edwin
1936 3134 2041 3168 Guest
2058 3135 2313 3174 (1800—1880)‚
2331 3134 2459 3167 Master

451 3180 536 3212 from
556 3182 633 3221 1852
651 3186 686 3213 to
702 3181 752 3213 his
769 3182 979 3223 resignation,
998 3181 1125 3223 shortly
1139 3181 1253 3214 before
1268 3181 1320 3213 his
1335 3180 1446 3212 death.
1559 3178 1572 3200 ⁷
1596 3180 1645 3211 Dr
1662 3179 1832 3217 Cookson,
1852 3179 1979 3211 Master
1993 3177 2032 3210 os
2044 3178 2255 3218 Peterhouse,
2277 3177 2435 3219 1847-76.

1431 3265 1482 3303 30
