2704 3770
669 300 828 349 H.M.
878 300 929 349 T
922 299 982 350 lte
1016 299 1169 365 King
1198 301 1263 365 qf
1288 301 1495 350 Sweden
1526 303 1635 351 and
1659 303 1902 369 Norway.

274 451 372 489 natu
391 445 564 487 maxima
589 449 678 498 est¹‚
706 447 809 488 inter
832 448 979 489 decora
1001 447 1221 500 conspicua
1246 447 1325 487 iarn
1352 448 1508 488 dudum
1539 456 1818 499 numeratum;
1846 451 1916 501 qui
1943 450 2169 502 provinciae
2198 452 2302 493 illius

274 506 533 549 Senatoribus
558 508 744 562 suffragio
766 509 903 550 electis
928 510 1135 562 quondam
1162 509 1423 562 praepositus,
1445 518 1485 551 et
1503 511 1556 550 ad
1581 512 1773 551 Senatum
1799 512 1967 551 alterum
1991 514 2155 553 honoris
2183 528 2303 554 causa

274 577 415 623 postea
438 578 615 622 vocatus,
636 579 773 614 tamen
799 572 1022 614 ambitione
1047 574 1196 626 vulgari
1222 573 1334 613 omni
1356 587 1518 626 prorsus
1544 582 1672 623 exuta,
1694 575 1937 627 reipublicae
1966 589 2131 616 munera
2160 590 2304 629 magna

275 633 388 676 obire
419 634 571 676 idcirco
603 635 744 684 noluit,
774 643 818 676 ut
846 636 888 677 in
916 636 1084 678 consilia
1109 650 1267 677 summa
1295 639 1418 678 totius
1448 638 1673 680 Australiae
1701 640 1754 680 ad
1783 640 1967 688 fructum,
1999 639 2123 680 totius
2149 639 2304 692 imperii

277 696 498 739 Britannici
529 699 583 739 ad
615 699 890 748 commodum,
925 700 978 740 ad
1011 698 1160 740 exitum
1195 712 1430 752 prosperum
1462 701 1698 753 perferenda
1731 715 1804 752 pro
1834 701 1933 741 virili
1966 709 2077 753 parte
2110 709 2217 742 totus
2250 703 2307 742 in-

275 760 513 801 cumberet¹.
571 759 731 800 Talium
754 760 928 801 virorum
951 760 1088 802 labore
1110 761 1274 802 assiduo
1298 762 1521 803 Australiae
1543 763 1773 815 provinciae
1796 778 1921 816 prope
1947 777 2088 804 omnes
2114 764 2155 804 in
2179 778 2305 805 unum

274 822 485 872 adductae,
512 824 674 864 foedere
702 837 810 864 novo
836 823 939 864 inter
968 837 1055 864 sese
1084 837 1193 865 nunc
1221 826 1387 865 demum
1416 827 1725 878 coniunguntur,
1754 828 1866 879 quod
1894 828 2060 868 fortasse
2087 827 2306 878 aliquando

274 883 396 925 etiam
423 884 498 925 toti
525 884 804 934 Australasiae,
826 892 867 926 et
893 884 1063 938 imperio
1091 886 1165 926 toti
1194 886 1440 936 Britannico,
1461 901 1608 940 magno
1630 887 1690 940 (ut
1715 894 1937 941 speramus)
1959 888 2031 929 erit
2058 888 2303 929 adiumento.

274 945 450 988 Vinculo
482 959 605 1000 quam
637 954 724 987 arto
753 947 937 988 coloniae
967 955 1128 989 nostrae
1159 962 1254 989 cum
1289 950 1495 990 Britannia
1527 950 1614 1002 ipsa
1646 951 1767 991 etiam
1800 966 1909 992 nunc
1943 951 2182 991 coniunctae
2216 950 2305 999 sint,

275 1013 474 1049 testantur
504 1008 650 1050 auxilia
678 1009 797 1050 nobis
825 1009 922 1050 olim
956 1009 998 1050 in
1031 1011 1290 1064 Aegyptum³‚
1322 1025 1450 1064 nuper
1479 1012 1521 1052 in
1549 1012 1727 1053 Africam
1758 1015 1985 1054 Australem
2023 1014 2077 1053 ab
2109 1012 2309 1053 Australia

277 1070 419 1112 missa⁴
429 1085 442 1121 3
477 1078 644 1112 testatur
675 1079 737 1112 tot
768 1071 1017 1113 coloniarum
1045 1073 1400 1116 remotissimarum
1433 1075 1475 1115 in
1504 1075 1753 1116 Britanniam
1782 1083 1822 1117 et
1851 1076 2080 1117 Britanniae
2110 1075 2307 1128 Reginam

275 1147 400 1186 amor,
429 1135 551 1177 etiam
582 1135 676 1177 belli
703 1135 807 1176 inter
835 1136 1012 1188 pericula
1039 1139 1267 1189 nuperrime
1296 1138 1499 1190 probatus.

659 1215 756 1255 Una
783 1214 882 1255 dum
913 1214 1070 1267 Regina
1097 1223 1234 1256 nostra
1261 1224 1333 1266 est,
1364 1231 1469 1258 unus
1498 1217 1540 1258 in
1570 1218 1768 1271 Reginam
1798 1232 1921 1268 amor,

659 1269 800 1310 Unum
828 1270 972 1310 foedus
1001 1269 1133 1310 omnis
1161 1278 1248 1312 esto
1277 1271 1453 1312 nominis
1483 1272 1713 1313 Britannici.

387 1341 578 1383 Foederis
597 1342 698 1383 tanti
715 1342 758 1383 in
779 1356 861 1395 spe,
883 1356 958 1384 nos
977 1343 1136 1385 interim
1159 1359 1253 1386 cum
1277 1345 1436 1398 hospite
1459 1354 1598 1387 nostro
1621 1348 1765 1388 foedus
1791 1347 1914 1388 hodie
1938 1347 2108 1388 libenter
2131 1346 2306 1396 ferimus,

278 1404 540 1457 dextramque
559 1406 721 1446 dextrae
741 1404 917 1457 hospitio
937 1405 1150 1458 iungimus.

389 1468 508 1509 Duco
525 1469 580 1509 ad
597 1481 669 1509 vos
688 1468 912 1509 Australiae
931 1469 1160 1522 provinciae
1182 1470 1482 1524 antiquissimae
1505 1473 1557 1512 ad
1581 1472 1829 1513 Britanniam
1854 1474 2040 1526 legatum,
2062 1472 2189 1512 virum
2214 1471 2308 1512 iuris

278 1529 503 1572 admodum
521 1530 706 1583 peritum,
728 1532 993 1572 EDMUNDUM
1014 1534 1205 1573 BARTON.

1102 1704 1160 1750 14
1195 1688 1326 1753 May
1369 1704 1497 1750 1900

391 1804 507 1860 (325)
545 1808 868 1848 SCANmNAleE
896 1820 1030 1859 regem
1059 1805 1256 1858 insignem
1285 1806 1408 1847 hodie
1436 1807 1607 1848 libenter
1640 1809 1869 1856 salutamus,
1901 1806 2072 1847 militum
2112 1807 2312 1858 Napoleo-

282 1882 451 1911 neorum
469 1869 599 1910 ducis
631 1869 948 1922 generosissimi⁶
980 1877 1183 1921 nepotem,
1214 1868 1283 1921 qui
1310 1870 1605 1910 Germanorum
1634 1876 1778 1922 poetae
1807 1868 1970 1910 maximi
2002 1870 2179 1909 fabulam
2212 1871 2313 1909 cele-

281 1931 494 1973 berrimam
513 1931 652 1985 populi
671 1932 734 1973 sui
751 1931 793 1972 in
812 1931 977 1984 gratiam
998 1931 1164 1972 feliciter
1182 1931 1462 1984 interpretatus
1482 1940 1553 1980 est,
1575 1932 1645 1984 qui
1663 1932 1706 1972 in
1725 1932 1861 1973 libello
1880 1939 2058 1972 nostram
2074 1931 2115 1971 in
2135 1933 2312 1984 linguam

278 1994 439 2037 reddito
467 1996 693 2036 Suedorum
721 1995 834 2047 regis
856 1994 990 2037 Caroli
1014 1994 1119 2034 illius
1147 1994 1362 2043 fortissimi,
1384 1996 1563 2035 fortunas
1586 1995 1712 2035 varias
1736 1996 1957 2035 luculenter
1983 1994 2220 2042 illustravit⁶,
2243 1994 2311 2046 qui

279 2059 390 2100 dona
408 2058 585 2111 denique
612 2073 637 2100 a
662 2059 791 2102 Musis
817 2059 893 2100 sibi
921 2060 1016 2100 data
1041 2059 1144 2100 inter
1163 2058 1468 2111 ephemeridum
1492 2072 1653 2099 suarum
1677 2058 1841 2111 paginas
1867 2057 2180 2110 elegantissimas
2206 2058 2314 2110 regio

279 2121 367 2164 sine
391 2122 557 2164 nomine
580 2136 603 2163 e
626 2122 779 2163 scriniis
802 2122 884 2163 suis
909 2123 1067 2163 evolare
1092 2135 1233 2174 passus
1256 2122 1348 2162 est⁷.
1408 2121 1518 2162 Felix
1540 2123 1722 2174 profecto
1744 2129 1805 2162 est
1831 2123 2016 2174 populus,
2038 2120 2108 2172 qui
2137 2120 2244 2173 regia
2272 2121 2313 2160 in

280 2185 417 2234 domo,
438 2198 530 2237 rege
548 2185 592 2225 in
609 2185 709 2237 ipso,
730 2185 832 2238 regis
850 2184 892 2225 in
912 2192 1024 2238 patre
1043 2192 1083 2225 et
1103 2185 1230 2233 fratre,
1253 2184 1354 2236 regis
1374 2184 1550 2236 denique
1570 2184 1672 2224 inter
1692 2185 1806 2234 filios,
1828 2183 1972 2224 artium
1996 2191 2036 2224 et
2059 2183 2314 2223 scientiarum

280 2254 342 2289 tot
366 2255 568 2300 patronos,
589 2254 650 2288 tot
672 2249 856 2297 cultores,
878 2254 1072 2287 numerat.
1132 2246 1334 2299 Equidem
1358 2246 1650 2287 Scandinaviae
1675 2247 1716 2286 in
1739 2246 2010 2299 penetralibus
2035 2246 2315 2287 absconditam

280 2324 370 2352 aese
401 2311 638 2352 crediderim
668 2311 873 2364 regionem
906 2311 1015 2350 illam
1053 2311 1211 2351 felicem
1242 2312 1345 2351 ultra
1378 2313 1531 2351 Boreae
1564 2312 1728 2350 flamina
1761 2310 1944 2363 positam,
1981 2310 2050 2350 ubi
2084 2309 2315 2362 Apollinem

284 2375 494 2415 Musarum
523 2374 754 2427 magistrum
784 2375 1142 2427 Hyperboreorum
1170 2381 1331 2426 gentem
1360 2373 1577 2425 quotannis
1606 2373 1796 2422 invisisse,
1825 2373 1895 2413 ubi
1926 2375 2066 2413 Musas
2098 2373 2204 2425 ipsas
2233 2386 2316 2412 non

281 2437 436 2487 abesse,
465 2439 609 2489 poetae
630 2437 785 2489 antiqui
807 2438 1032 2477 testantur⁸.
1092 2437 1243 2476 Nostro
1270 2444 1406 2476 autem
1435 2438 1644 2476 Musarum
1670 2435 1711 2475 in
1738 2437 1890 2487 templo
1916 2435 2206 2476 Scandinaviae
2234 2437 2317 2476 duo

282 2499 431 2540 decora
449 2499 679 2552 conspicua,
699 2500 868 2539 alterum
887 2499 1054 2550 quidem
1076 2498 1170 2538 artis
1194 2498 1370 2538 musicae
1393 2498 1612 2538 antistitem
1635 2498 1845 2549 insignem,
1867 2497 2067 2550 Apollinis
2090 2497 2316 2537 ministrum

285 2563 506 2612 Borealem‚
546 2564 715 2603 alterum
752 2570 888 2602 autem
926 2561 1081 2603 Oceani
1124 2561 1264 2602 Arctoi
1301 2563 1591 2614 exploratorem
1629 2561 1886 2613 intrepidum,
1922 2562 2031 2601 haud
2069 2561 2124 2601 ita
2161 2560 2316 2613 pridem

284 2626 573 2667 salutavimus⁹.
633 2625 773 2667 Hodie
795 2639 890 2666 vero
916 2625 1122 2677 utriusque
1145 2639 1279 2677 regem
1306 2625 1438 2677 ipsum
1463 2627 1692 2674 salutamus,
1720 2625 1814 2664 artis
1837 2625 2014 2664 musicae
2042 2632 2082 2664 et
2108 2626 2316 2664 Musarum

284 2689 480 2729 cultorem
504 2688 706 2737 eximium,
728 2696 925 2728 oratorem
949 2687 1162 2740 egregium,
1185 2700 1315 2727 rerum
1342 2687 1518 2739 denique
1543 2686 1771 2727 militarium
1797 2695 1837 2727 et
1861 2686 2060 2726 navalium
2084 2686 2316 2739 scriptorem

284 2750 608 2791 eruditissimum.
667 2751 785 2791 Idem
800 2749 1090 2791 Scandinaviae
1105 2749 1228 2790 totius
1243 2749 1486 2790 concordiae
1500 2750 1542 2789 in
1557 2757 1795 2802 perpetuum
1811 2751 2109 2789 conservandae
2124 2749 2318 2801 imprimis

284 2813 458 2862 deditus,
479 2828 532 2855 ne
554 2814 595 2855 in
622 2815 764 2855 exteris
790 2814 955 2867 quidem
979 2814 1098 2854 rebus
1121 2813 1232 2865 regni
1255 2813 1317 2853 sui
1340 2821 1493 2865 partem
1517 2814 1682 2853 alteram
1705 2813 1759 2852 ab
1781 2814 1904 2852 altera
1924 2812 2058 2852 divelli
2077 2826 2218 2864 passus
2244 2821 2314 2854 est.

287 2877 406 2917 Idem
433 2876 554 2917 etiam
584 2876 785 2917 Britannis
813 2876 1014 2924 omnibus,
1043 2875 1112 2928 qui
1141 2875 1292 2927 ubique
1321 2883 1426 2924 sunt,
1454 2874 1577 2915 hodie
1605 2883 1815 2927 propterea
1843 2874 2073 2926 praesertim
2102 2888 2217 2915 carus
2245 2883 2316 2925 est,

375 2972 387 2994 ¹
411 2974 500 3007 New
515 2974 622 3008 South
638 2975 765 3008 Wales.
930 2973 945 2994 ²
968 2975 1024 3006 Mr
1040 2974 1165 3006 Barton
1182 2984 1251 3006 was
1266 2973 1323 3006 the
1338 2973 1547 3016 protagonist
1564 2973 1603 3005 of
1614 2973 1806 3006 Australian
1824 2973 1852 3005 F
1853 2973 2038 3006 ederation.
2207 2970 2222 2992 ⁸
2244 2972 2318 3005 The

288 3018 485 3061 contingent
500 3018 584 3051 from
602 3019 688 3052 New
705 3018 812 3052 South
828 3018 943 3051 Wales
959 3018 1088 3050 arrived
1105 3024 1138 3050 at
1157 3018 1285 3051 Suakin
1301 3028 1346 3049 on
1363 3027 1406 3060 29
1424 3017 1543 3049 March
1564 3018 1656 3058 1885.
1876 3017 1891 3037 ⁴
1914 3017 2010 3049 Even
2026 3016 2141 3049 before
2157 3016 2214 3049 the
2231 3017 2319 3049 Boer

288 3062 478 3095 ultimatum
516 3062 555 3095 os
585 3072 606 3106 9
645 3063 721 3096 Oct.
761 3062 854 3106 1899,
888 3062 1100 3104 contingents
1138 3062 1204 3094 had
1243 3062 1327 3094 been
1366 3061 1582 3094 volunteered
1613 3061 1659 3103 by
1694 3061 1790 3093 West
1820 3060 1989 3093 Australia
2019 3060 2087 3093 and
2125 3061 2317 3093 Tasmania.

289 3104 304 3125 ⁵
327 3106 542 3140 Bemadotte.
670 3104 685 3126 ⁶
707 3107 851 3139 Memoir
864 3106 905 3148 ff
916 3106 1053 3139 Charles
1068 3106 1156 3138 XII.
1284 3104 1298 3126 ⁷
1320 3105 1436 3137 Poems
1450 3105 1524 3137 and
1536 3105 1677 3147 Lcaflets
1681 3104 1777 3147 from
1795 3115 1850 3146 my
1858 3105 2023 3148 Journal.
2143 3102 2157 3124 ⁸
2182 3104 2314 3143 Pindar,

288 3149 391 3192 lffrth.
407 3161 430 3183 x
445 3159 497 3192 37.
624 3149 639 3170 ⁹
663 3149 767 3193 Grieg
783 3149 851 3192 (no.
873 3149 949 3192 223)
966 3150 1032 3182 and
1049 3150 1187 3182 Nausea
1205 3150 1274 3189 (no.
1296 3147 1383 3189 261).

400 3231 432 3261 s.
454 3232 486 3262 s.
1264 3232 1339 3272 153
2161 3234 2211 3260 20
