2704 3770
936 351 1116 417 sames
1148 351 1321 416 Bryce.
1395 350 1492 398 Sir
1522 351 1706 414 Henry
1738 351 1931 415 Irvzng.

432 497 614 549 primum,
637 498 747 548 quod
775 503 1006 548 praeceptor
1034 496 1225 547 imprimis
1253 496 1458 547 perspicax
1485 497 1537 536 de
1563 495 1754 535 domicilii
1780 494 2008 546 praesertim
2031 494 2114 535 iure
2143 502 2182 534 et
2210 495 2262 534 de
2289 492 2442 545 legibus

432 559 534 598 inter
571 572 612 598 se
650 557 960 609 repugnantibus
999 560 1218 597 luculenter
1255 557 1518 606 disseruerit¹;
1560 556 1718 604 deinde,
1759 557 1869 607 quod
1911 556 2150 607 reipublicae
2192 553 2443 595 Britannicae

432 627 577 660 statum
615 619 841 659 universum
880 619 1019 659 ordine
1056 619 1190 658 lucido
1229 619 1494 670 exposuerit23
1540 625 1753 670 postremo,
1793 619 1904 668 quod
1946 631 2028 657 rem
2072 624 2364 657 controversam
2403 623 2443 656 et

433 680 690 722 dissensionis
721 682 880 731 plenam
915 680 1021 720 ‘sine
1052 680 1107 719 ira
1138 688 1177 720 et
1206 680 1381 720 studi0'³
1413 693 1629 732 aggressus,
1657 678 1884 719 Britanniae
1915 691 2075 718 causam
2109 685 2246 717 contra
2276 690 2346 718 eos
2375 677 2444 729 qui

433 742 670 783 Hiberniam
693 755 716 781 a
736 741 852 781 nobis
875 741 1060 781 divellere
1087 749 1332 790 conarentur,
1355 743 1442 793 plus
1469 755 1589 793 quam
1616 742 1739 781 semel
1764 740 1915 780 fortiter
1940 739 2226 779 vindicaverit⁴.
2283 738 2443 778 Talium

433 805 602 845 virorum
635 804 779 843 auxilio
811 804 963 844 insulae
997 804 1256 852 Britannicae,
1293 806 1402 844 nodo
1435 804 1576 855 triplici
1602 804 1643 843 in
1673 817 1798 843 unum
1832 803 2080 851 coniunctae,
2117 802 2282 842 vinculis
2315 801 2443 842 indies

433 867 640 907 artioribus
669 866 769 906 inter
797 879 883 906 sese
912 866 1256 907 consociabuntur.
1315 867 1531 906 Vinculum
1560 874 1693 906 autem
1722 866 1861 918 triplex
1890 880 1971 906 non
2001 866 2081 906 cito
2109 864 2372 916 dirumpitur⁶.

544 931 661 969 Duco
680 929 731 969 ad
751 942 820 969 vos
840 928 932 968 iuris
952 937 1248 980 praeceptorem
1267 929 1552 979 admirabilem,
1576 931 1843 970 Professorem
1866 932 2014 970 DICEY.

546 1062 659 1115 (287)
688 1063 828 1103 Virum
852 1062 952 1103 inter
977 1063 1225 1104 Oxonienses
1250 1077 1342 1103 suos
1367 1063 1635 1115 Collegiorum
1659 1065 1829 1104 duorum
1850 1062 2001 1103 socium
2022 1062 2240 1103 honorifice
2258 1064 2442 1110 electum,

435 1134 513 1166 tres
550 1133 589 1165 et
628 1124 763 1176 viginti
795 1138 865 1175 per
901 1137 1028 1164 annos
1062 1124 1153 1164 iuris
1187 1125 1311 1164 civilis
1344 1126 1607 1176 professorem
1640 1124 1920 1176 peritissimum
1954 1132 1993 1164 et
2026 1125 2197 1165 virorum
2230 1123 2444 1175 insignium

435 1189 680 1228 laudatorem
697 1186 1027 1234 disertissimum⁶,
1044 1187 1170 1226 virum
1184 1201 1251 1227 sex
1265 1187 1454 1239 deinceps
1469 1189 1521 1228 ab
1541 1188 1769 1228 Academiis
1784 1187 1914 1239 ipsum
1931 1188 2092 1228 honoris
2107 1201 2226 1228 causa
2238 1189 2444 1228 doctorem

436 1251 697 1298 nominatum,
741 1250 856 1290 titulo
900 1258 1034 1290 nostro
1078 1250 1358 1301 qualicumque
1401 1264 1540 1290 ornare
1582 1252 1776 1291 volumus.
1834 1250 1997 1291 Senatui
2044 1250 2272 1290 Britannico
2318 1262 2446 1290 annos

435 1312 708 1364 duodeviginti
727 1312 958 1363 adscriptus,
981 1312 1164 1351 novimus
1185 1314 1235 1352 de
1255 1313 1372 1352 rebus
1393 1312 1545 1361 exteris,
1566 1314 1617 1353 de
1637 1312 1865 1352 Britanniae
1885 1312 2138 1359 commercio,
2155 1314 2207 1352 de
2226 1312 2446 1352 Academia

438 1374 709 1423 Londiniensi,
740 1375 791 1413 de
821 1374 989 1425 Angliae
1018 1374 1138 1414 totius
1172 1375 1318 1414 scholis
1352 1388 1471 1426 quam
1506 1377 1703 1426 praeclare
1737 1375 1786 1414 sit
1819 1375 1991 1415 meritus.
2051 1376 2166 1415 Idem
2195 1374 2362 1427 Angliae
2393 1375 2446 1414 ad

437 1437 723 1477 Universitates
754 1436 941 1476 omnibus
973 1437 1126 1477 aditum
1157 1438 1390 1488 patefacere,
1421 1438 1666 1479 Caledoniae
1693 1439 1746 1477 ad
1780 1445 1936 1477 montes
1964 1437 2037 1477 iter
2064 1437 2232 1478 liberum
2261 1437 2448 1478 omnibus

436 1498 597 1550 aperire,
620 1498 839 1538 Hiberniae
862 1498 946 1537 iura
971 1511 1074 1537 nova
1100 1499 1260 1546 donare,
1284 1499 1474 1539 Graeciae
1498 1501 1597 1539 fines
1623 1499 1781 1539 latiores
1805 1500 2017 1538 extendere
2040 1511 2111 1549 pro
2130 1498 2229 1538 virili
2254 1506 2364 1550 parte
2388 1506 2448 1539 est

437 1568 614 1600 conatus.
673 1560 783 1610 Quid
817 1560 948 1600 dicam
981 1561 1032 1600 de
1066 1560 1201 1600 libello
1234 1563 1394 1601 aureolo
1424 1575 1544 1613 quem
1574 1562 1670 1602 olim
1704 1563 1755 1602 de
1786 1563 1906 1601 Sacro
1937 1562 2111 1613 Imperio
2141 1564 2328 1602 Romano
2355 1575 2449 1602 con-

437 1622 619 1673 scripsit?
648 1622 744 1674 quid
765 1623 816 1662 de
835 1621 943 1661 libris
963 1622 1177 1662 maioribus
1197 1623 1279 1663 sive
1298 1625 1349 1663 de
1369 1624 1512 1673 Africa,
1535 1624 1616 1665 sive
1635 1626 1687 1665 de
1708 1624 1802 1664 Asia
1826 1632 1932 1664 trans
1957 1626 2181 1666 Caucasum
2205 1625 2343 1676 posita,
2365 1625 2447 1665 sive

437 1686 488 1725 de
527 1685 751 1736 Republica
788 1684 958 1724 maxima
995 1693 1102 1725 trans
1141 1699 1336 1726 oceanum
1370 1687 1617 1727 Atlanticum
1650 1687 1913 1728 constituta⁷?
1968 1689 2034 1728 Ad
2071 1688 2201 1739 ipsum
2234 1701 2447 1728 conversus

437 1747 600 1787 dixerim
616 1754 724 1787 z-—tu
756 1747 970 1787 litterarum
1003 1749 1163 1788 laudem
1197 1762 1342 1788 novam
1373 1750 1424 1789 ab
1458 1750 1591 1790 Africa
1623 1752 1795 1790 lucratus
1829 1751 1963 1791 redisti
1977 1766 1988 1801 3
2030 1751 2180 1802 vesperi
2219 1752 2316 1791 dum
2355 1752 2446 1790 foco

437 1810 679 1859 adsidemus,
710 1817 749 1850 te
778 1811 880 1850 duce
909 1810 1089 1861 regiones
1118 1818 1288 1851 remotas
1317 1811 1486 1852 libenter
1514 1812 1739 1862 invisemus‚

1197 1894 1260 1931 ‘te
1288 1894 1349 1932 vel
1378 1906 1448 1943 per
1475 1893 1638 1944 Alpium
1667 1893 1757 1945 iuga

1084 1945 1364 1996 inhospitalem
1393 1953 1431 1986 et
1461 1947 1697 1996 Caucasum,

976 2000 1037 2038 vel
1068 1999 1299 2039 Occidentis
1329 2013 1454 2051 usque
1482 2002 1534 2040 ad
1562 2001 1745 2041 ultimum
1775 2001 1903 2041 sinum

1077 2059 1192 2102 grato
1221 2067 1432 2104 sequemur
1458 2056 1671 2105 pectore'ss.

547 2133 664 2170 Duco
684 2131 735 2170 ad
755 2144 824 2170 vos
844 2130 969 2170 virum
990 2130 1205 2171 litterarum
1225 2133 1343 2172 laude
1362 2132 1569 2184 insignem,
1592 2134 1787 2172 IACOBUM
1810 2134 1965 2173 BvaE.

547 2270 660 2324 (288)
690 2271 881 2310 Scaenam
906 2270 946 2310 in
966 2284 1111 2311 novam
1135 2272 1266 2323 prodit
1291 2273 1411 2313 hodie
1430 2273 1574 2325 agendi
1593 2281 1632 2313 et
1652 2273 1813 2314 dicendi
1832 2273 1968 2313 artifex
1987 2272 2256 2324 peritissimus,
2278 2273 2447 2324 partium

438 2341 548 2373 actor
575 2333 800 2384 primarum,
822 2346 942 2384 quem
971 2333 1137 2382 Tullius,
1166 2334 1197 2373 si
1228 2349 1334 2374 nunc
1363 2335 1520 2384 viveret,
1549 2349 1631 2376 non
1661 2336 1792 2375 minus
1822 2349 1942 2387 quam
1972 2335 2176 2383 Roscium,
2205 2348 2287 2375 non
2316 2335 2448 2375 minus

440 2408 560 2446 quam
594 2397 798 2445 Aesopum
827 2408 942 2434 suum
974 2395 1060 2435 sine
1091 2396 1216 2436 dubio
1245 2398 1433 2437 laudaret.
1494 2397 1660 2438 Utinam
1690 2397 1774 2448 ipse
1803 2410 1936 2437 coram
1965 2396 2078 2437 vobis
2108 2409 2230 2436 unam
2259 2397 2449 2437 saltem·e

439 2457 616 2509 personis
639 2458 816 2508 plurimis
840 2471 938 2509 quas
965 2472 1056 2498 cum
1079 2460 1197 2499 laude
1216 2460 1345 2511 gessit,
1368 2460 1489 2500 hodie
1508 2461 1571 2500 vel
1590 2459 1787 2511 paulisper
1806 2459 1998 2499 sustinere
2021 2466 2165 2510 posset,
2188 2472 2288 2499 neve
2310 2460 2448 2499 laudes

439 2534 529 2560 suas
549 2521 682 2572 ingeni
701 2521 824 2560 nostri
844 2523 961 2572 culpa
980 2521 1124 2561 sineret
1144 2522 1278 2562 deteri.
1337 2523 1459 2574 Atqui
1479 2522 1609 2574 ipsum
1629 2522 1750 2562 hodie
1770 2523 1821 2562 de
1840 2523 1994 2562 theatro
2015 2521 2166 2573 egregie
2189 2520 2447 2561 disserentem

438 2583 651 2631 audivistis,
674 2585 806 2634 deque
826 2583 1028 2634 republica
1047 2592 1257 2635 praecepta
1280 2584 1399 2625 etiam
1419 2585 1460 2624 in
1484 2585 1569 2636 ipsa
1590 2585 1806 2624 Academia
1825 2598 1849 2624 a
1869 2586 2001 2635 Lyceo
2020 2583 2257 2634 accepistis⁹.
2317 2582 2447 2622 Etiam

439 2658 547 2684 nunc
584 2652 737 2695 praeter
773 2645 933 2684 solitum
967 2653 1166 2685 tacentem
1204 2646 1473 2697 contemplati,
1510 2647 1762 2686 recordamur
1799 2652 1928 2696 partes
1962 2658 2059 2695 quas
2098 2643 2193 2684 olim
2226 2644 2267 2683 in
2305 2657 2448 2684 scaena

439 2715 629 2758 apparatu
658 2708 870 2758 splendido
899 2715 1037 2748 ornata
1065 2708 1293 2757 illustravit3
1322 2709 1575 2748 recordamur
1602 2715 1683 2747 arte
1710 2707 1827 2758 quali,
1851 2708 1973 2746 modo
1999 2719 2134 2757 regum
2160 2713 2199 2746 et
2224 2705 2446 2757 principum

440 2782 628 2820 personas
675 2769 912 2817 sustinuerit,
953 2771 1076 2809 modo
1123 2762 1332 2809 cardinalis
1370 2770 1503 2821 magni
1540 2782 1753 2820 purpuram
1790 2768 1973 2816 induerit,
2013 2767 2221 2808 Benedicti
2257 2780 2447 2815 amorem,

440 2832 691 2872 faeneratoris
719 2832 864 2872 Veneti
893 2833 1169 2881 calamitatem,
1194 2833 1526 2884 Mephistophelis
1554 2832 1728 2883 denique
1754 2831 2009 2870 calliditatem
2033 2829 2273 2881 expresserit.
2332 2830 2447 2869 Idem

529 2946 542 2967 1
571 2947 638 2978 The
652 2946 736 2978 Law
751 2947 791 2988 qf
797 2947 960 2978 Domicile
975 2947 1041 2978 and
1064 2947 1131 2979 The
1147 2947 1284 2989 Constict
1298 2945 1340 2987 of
1345 2947 1458 2978 Laws.
1572 2943 1585 2964 ²
1613 2945 1681 2976 The
1692 2945 1777 2976 Law
1790 2943 1831 2984 qf
1837 2944 1890 2975 the
1909 2943 2142 2975 Constitution.
2263 2941 2277 2961 ³
2298 2941 2447 2980 Tacitus,

442 2991 535 3021 Ann.
556 2990 567 3021 i
587 3000 614 3021 1.
724 2988 738 3011 4
761 2990 949 3031 England's
967 2990 1046 3022 case
1058 2990 1191 3032 against
1203 2991 1310 3022 Home
1321 2991 1417 3027 Rule,
1438 2988 1519 3021 1886
1526 2999 1534 3026 3
1564 2989 1631 3020 The
1654 2988 1789 3024 Veniat,
1810 2988 1903 3029 1890.
2012 2984 2025 3004 ⁶
2047 2986 2137 3018 Eccl.
2156 2986 2189 3017 iv
2208 2995 2257 3018 12.
2367 2983 2382 3005 ⁶
2404 2985 2450 3017 At

442 3033 581 3072 Oxsord,
599 3033 644 3064 all
660 3033 716 3065 the
732 3034 909 3075 recipients
926 3033 964 3065 of
983 3033 1038 3065 the
1054 3034 1175 3075 degree
1190 3033 1229 3064 of
1248 3033 1336 3066 D.C.
1344 3033 1381 3064 L.
1402 3032 1536 3064 honoris
1558 3042 1658 3063 causa
1676 3041 1731 3063 are
1747 3029 1923 3072 presented
1945 3029 1989 3070 by
2007 3029 2064 3060 the
2084 3029 2208 3070 Regius
2226 3028 2396 3060 Professor
2415 3028 2454 3060 of

441 3076 528 3108 Civil
546 3077 635 3108 Law.
727 3075 740 3097 ⁷
768 3077 835 3108 The
859 3077 946 3118 Holy
967 3077 1098 3108 Roman
1121 3077 1270 3118 Empz're,
1294 3075 1384 3116 1864,
1405 3081 1485 3113 etc.;
1515 3076 1549 3107 T
1543 3074 1773 3106 ranscaucasia
1792 3074 1865 3105 and
1881 3074 2024 3111 Ararat,
2047 3073 2126 3113 1877
2138 3081 2146 3109 3
2178 3072 2244 3103 The
2264 3072 2446 3103 American

444 3120 730 3157 Commonwealth,
753 3121 832 3151 1888
842 3130 851 3157 ;
875 3120 941 3151 and
956 3120 1170 3161 Impressz'ons
1185 3119 1336 3161 tffSouth
1352 3119 1481 3161 Africa,
1505 3119 1595 3160 1897.
1741 3115 1755 3136 8
1779 3117 1924 3155 Horace,
1944 3116 2054 3157 Epode
2069 3116 2079 3146 i
2100 3125 2134 3147 11
2149 3115 2172 3146 f.
2314 3112 2328 3133 ⁹
2351 3114 2446 3146 Rede

443 3163 583 3194 Lecture
600 3172 642 3194 on
666 3163 732 3194 The
753 3163 888 3194 Theatre
903 3163 939 3193 in
955 3163 996 3193 its
1012 3163 1153 3194 relation
1170 3168 1200 3193 lo
1215 3163 1268 3194 the
1282 3163 1381 3193 State.

1413 3241 1486 3288 138
