2704 3770
254 300 367 349 Wm
400 300 480 350 M.
505 300 760 356 >Flina'ers
792 299 982 350 Petrie.
1055 299 1237 349 Henri
1267 300 1528 350 Poz'nc'are‘.
1612 301 1724 350 Wm
1758 303 2000 352 Mz'tclzell
2028 305 2263 369 Ramsay.

241 444 444 486 universas
479 457 698 487 commune
734 453 807 495 est,
845 459 939 487 cum
975 445 1202 486 eruditione
1238 459 1397 486 summa
1433 445 1657 486 identidem
1690 446 1897 487 indicatur.
1957 449 2102 501 Operis
2134 451 2269 502 magni

239 514 394 560 partem
413 507 607 561 reliquam
626 521 752 562 prope
770 510 823 550 ad
843 510 966 550 finem
982 508 1076 562 (nisi
1095 509 1284 562 fallimur)
1303 511 1540 562 perductam
1560 509 1640 550 iam
1660 511 1816 551 dudum
1836 519 2103 564 expectamuS,
2125 515 2166 553 in
2186 527 2268 565 quo

239 583 324 611 non
353 570 486 611 minus
513 570 903 624 Cantabrigiensium
931 584 1054 624 quam
1083 571 1375 613 Oxoniensium
1405 585 1568 612 suorum
1596 574 1650 613 ad
1683 573 1868 621 fructum,
1898 573 1984 614 sine
2012 574 2138 614 dubio
2166 575 2270 615 inter

238 631 423 673 omnium
441 634 654 674 doctorum
672 633 1017 686 approbationem,
1038 637 1048 656 ‘
1059 641 1368 675 monumentum
1387 648 1478 675 aere
1493 633 1708 686 perennius
1720 635 1752 657 '¹
1772 634 1848 676 sibi
1863 643 2047 676 exactum
2062 636 2267 677 inveniet².

350 696 471 736 Duco
488 697 543 738 ad
562 708 633 737 vos
653 697 928 736 W1LLELMUM
949 698 1224 736 LAMBERTUM
1245 697 1285 737 N
1289 708 1459 736 EwMAN.

348 791 464 848 (335)
500 794 816 847 Archaeologiae
853 794 1044 846 studium,
1078 795 1155 836 nisi
1191 794 1255 836 via
1292 795 1470 847 quadam
1508 802 1548 835 et
1581 794 1735 836 ratione
1772 796 1823 836 sit
1861 797 2075 846 excultum,
2110 809 2269 848 prorsus

236 869 467 909 perversum
496 865 537 899 et
564 867 866 911 praeposterum
895 872 993 908 esse,
1025 859 1078 900 ab
1111 860 1190 900 hoc
1218 858 1303 899 viro
1331 858 1563 910 praesertim
1593 858 1796 899 discimus.
1867 858 1977 899 Olim
2010 858 2150 911 prioris
2182 860 2269 900 aevi

238 926 502 967 monumenta
521 919 563 960 in
587 920 793 961 Britannia
814 920 1113 961 accuratissime
1136 920 1354 969 dimensus,
1376 927 1518 972 postea
1541 922 1782 973 populorum
1809 920 2065 973 antiquorum
2089 923 2270 974 pondera

236 988 278 1022 et
301 995 512 1024 >mensuras
539 983 666 1024 varias
694 997 777 1024 non
806 984 940 1024 minus
967 992 1152 1025 accurate
1179 984 1457 1037 comparavit⁸.
1515 986 1633 1026 Idem
1657 985 1828 1038 Aegypti
1857 985 2082 1037 pyramides
2110 986 2270 1037 penitus

235 1045 496 1098 exploravit⁴3
524 1046 674 1088 deinde
693 1055 733 1088 et
753 1048 965 1088 Naucratis
985 1048 1105 1089 situm
1128 1061 1153 1088 a
1176 1061 1218 1088 se
1242 1047 1372 1100 primo
1396 1049 1600 1088 detectum
1623 1057 1663 1089 et
1686 1051 1797 1090 lacus
1821 1048 2016 1090 Moeridis
2041 1049 2082 1089 in
2110 1049 2271 1102 regione

237 1108 472 1162 Labyrinthi
496 1109 631 1151 ruinas
656 1110 867 1164 diligenter
891 1119 1171 1164 perscrutatus,
1199 1112 1241 1152 in
1266 1120 1438 1164 utroque
1466 1114 1687 1155 Herodoti⁶
1709 1115 1750 1155 in
1774 1115 1893 1155 rebus
1917 1114 2123 1154 narrandis
2146 1114 2269 1154 fidem

234 1171 542 1224 comprobavit·.
599 1172 712 1224 Quid
726 1173 874 1214 Tanim
894 1182 934 1215 et
956 1175 1162 1226 Daphnas,
1179 1174 1278 1227 quid
1292 1176 1494 1216 Amarnae
1513 1177 1671 1226 collem,
1686 1176 1785 1229 quid
1805 1177 1941 1229 Abydi
1961 1178 2153 1228 sepulcra,
2170 1176 2269 1228 quid

235 1233 359 1287 Copti
386 1235 539 1286 τέμενος
565 1239 912 1277 commemorem?
968 1238 1179 1278 Praetereo
1209 1237 1502 1287 Palaestinam;
1531 1238 1630 1278 nihil
1658 1239 1752 1280 dico
1778 1240 1831 1280 de
1852 1239 1982 1292 gentis
2009 1238 2112 1279 illius
2142 1252 2270 1279 novae

233 1297 418 1352 vestigiis,
440 1299 524 1340 Nili
542 1299 584 1340 in
603 1301 706 1341 valle
724 1300 777 1340 ab
797 1301 876 1341 hoc
895 1300 980 1340 viro
999 1300 1147 1352 passim
1167 1300 1361 1352 repertis⁷,
1383 1301 1483 1341 nihil
1503 1302 1555 1342 de
1577 1302 1719 1343 aetatis
1746 1303 1992 1354 Mycenaeae
2015 1301 2194 1342 terminis
2216 1302 2270 1342 ab

234 1362 381 1403 eodem
394 1362 618 1404 accuratius
633 1364 819 1405 definitis.
879 1363 1079 1414 Quotiens
1095 1363 1287 1404 Graeciae
1306 1363 1495 1416 antiquae
1515 1364 1720 1405 historiam
1736 1379 1785 1405 ex
1804 1364 1977 1417 Aegypti
1996 1364 2269 1405 monumentis

233 1436 343 1465 novo
367 1425 519 1467 lumine
543 1426 774 1467 illustravit!
832 1426 1032 1477 Quotiens
1056 1426 1144 1467 aevi
1169 1426 1308 1478 prioris
1331 1426 1507 1479 reliquiis
1529 1427 1792 1479 pedetemtim
1816 1428 1970 1468 effossis
1993 1435 2033 1467 et
2057 1427 2268 1479 separatim

234 1486 449 1540 dispositis,
479 1488 667 1530 historiae
697 1488 887 1541 antiquae
920 1488 1063 1530 seriem
1095 1489 1330 1530 continuam
1361 1490 1571 1541 explicavit
1599 1498 1639 1531 et
1671 1490 1799 1543 ipsam
1828 1504 1959 1531 rerum
1992 1491 2198 1531 veritatem
2227 1490 2268 1530 in

234 1550 399 1602 pulvere
424 1551 584 1605 penitus
612 1551 837 1592 abstrusam
865 1551 947 1592 diei
974 1551 1016 1591 in
1043 1553 1176 1592 lucem
1204 1552 1417 1604 protraxit!

263 1622 266 1625 '
345 1615 465 1656 Duco
491 1616 545 1656 ad
572 1629 644 1656 vos
671 1614 973 1668 archaeologiae
999 1615 1218 1668 Aegyptiae
1241 1615 1343 1656 inter
1367 1615 1661 1657 Londinienses
1684 1617 1960 1668 professorem,
1990 1618 2266 1656 W1LLELMUM

238 1678 523 1719 Mai-mamm
554 1680 776 1719 FLmDERs
806 1681 980 1719 Parma.

342 1773 461 1828 (336)
493 1774 681 1827 Sequitur
702 1774 957 1816 scientiarum
981 1773 1227 1815 Academiae
1251 1774 1429 1815 Gallicae
1453 1773 1585 1815 socius
1605 1773 1777 1824 illustris,
1799 1773 1989 1815 scientiae
2009 1772 2268 1815 mechanicae

233 1837 415 1879 caelestis
442 1838 546 1880 inter
574 1838 815 1880 Parisienses
843 1840 1043 1891 professor
1070 1837 1247 1890 insignis,
1275 1838 1486 1879 Societatis
1513 1838 1664 1891 Regiae
1692 1838 1977 1879 Londiniensis
2005 1837 2107 1878 inter
2135 1837 2267 1878 socios

232 1908 389 1944 exteros
407 1902 504 1944 olim
523 1910 767 1952 numeratus,
788 1905 1125 1944 Astronomorum
1140 1901 1317 1954 denique
1336 1915 1360 1942 a
1379 1901 1580 1943 Societate
1601 1902 1729 1955 Regia
1743 1901 1985 1942 numismate
1999 1914 2121 1942 aureo
2141 1915 2270 1953 nuper

232 1965 417 2007 donatus.
475 1967 681 2019 Quantam
706 1969 869 2009 laudern
898 1966 1063 2008 meritae
1091 1973 1184 2007 sunt
1212 1965 1538 2018 investigationes
1567 1965 1657 2007 illae
1685 1964 1979 2014 subtilissimae,
2001 1965 2054 2005 de
2081 1972 2266 2005 aestuum

231 2029 520 2071 maritimorum
558 2039 699 2072 natura
737 2031 931 2081 universa,
970 2032 1023 2072 de
1060 2029 1228 2070 molium
1266 2029 1508 2082 liquidarum
1547 2043 1634 2071 sese
1672 2029 1889 2070 rotantium
1926 2027 2174 2082 aequilibrio,
2214 2029 2267 2069 de

231 2093 483 2144 planetarum
506 2093 683 2147 denique
709 2102 750 2135 et
775 2094 991 2135 satellitum
1017 2107 1136 2134 cursu
1162 2092 1282 2142 vario,
1303 2094 1356 2134 ad
1379 2093 1530 2134 exitum
1553 2093 1711 2134 felicem
1734 2093 1787 2134 ab
1810 2094 1889 2133 hoc
1914 2093 1999 2132 viro
2025 2093 2265 2143 perductae!

231 2155 465 2197 Studiorum
484 2156 860 2198 mathematicorum
880 2156 922 2196 in
941 2164 1111 2208 utraque
1129 2154 1345 2207 provincia,
1368 2162 1408 2196 et
1426 2155 1624 2208 analytica
1644 2163 1684 2196 et
1703 2154 1878 2207 physica,
1895 2162 2057 2207 propter
2076 2154 2267 2195 scientiae

231 2229 328 2259 suae
352 2232 477 2272 prope
501 2219 700 2260 infinitam
722 2219 953 2260 varietatem
979 2219 1082 2260 inter
1107 2218 1308 2271 principes
1334 2227 1578 2268 numeratus,
1606 2232 1728 2271 quam
1755 2218 1910 2271 egregie
1936 2232 2064 2270 nuper
2091 2218 2267 2258 ostendit

231 2288 429 2331 quantum
456 2281 685 2333 provinciae
711 2282 802 2322 illae
823 2281 979 2322 vicinae
1001 2281 1175 2322 invicem
1197 2281 1301 2321 inter
1323 2294 1410 2322 sese
1433 2282 1633 2322 debeant!
1691 2282 1826 2332 Quam
1852 2282 2017 2333 pulchre
2042 2280 2266 2321 studiorum

231 2355 397 2384 suorum
430 2346 677 2397 voluptatem
710 2359 803 2386 cum
831 2345 924 2386 artis
954 2344 1131 2385 musicae
1160 2351 1200 2385 et
1227 2344 1322 2384 artis
1350 2344 1543 2396 pingendi
1569 2345 1774 2396 voluptate
1802 2343 2072 2395 comparavit!
2130 2344 2265 2394 Quam

230 2405 405 2459 ingenue
423 2409 749 2449 mathematicam
768 2408 974 2461 physicam
994 2409 1207 2448 confitetur
1226 2420 1374 2447 novam
1394 2408 1599 2459 quandam
1618 2408 1794 2459 linguam
1810 2406 2036 2447 desiderare
2050 2421 2061 2456 ;
2089 2406 2266 2459 linguam

232 2470 476 2512 cotidianam
506 2471 625 2513 nimis
658 2472 813 2521 exilem,
847 2472 967 2513 nimis
996 2471 1227 2523 ambiguam
1256 2484 1355 2519 esse,
1388 2484 1511 2522 quam
1544 2478 1588 2511 ut
1620 2470 1773 2522 aliquid
1804 2478 1886 2510 tam
1920 2469 2149 2518 delicatum,
2182 2478 2264 2510 tam

231 2532 389 2582 subtile,
410 2541 492 2575 tam
513 2534 676 2584 varium,
699 2535 825 2586 possit
845 2534 1106 2587 exprimere⁸1
1164 2534 1217 2573 Et
1240 2546 1315 2573 nos
1335 2532 1444 2573 idem
1464 2533 1586 2573 hodie
1611 2532 1781 2573 libenter
1800 2532 2062 2572 confitemur:
2091 2531 2176 2571 viro
2196 2531 2264 2571 tali

230 2607 304 2647 pro
323 2595 473 2637 meritis
491 2595 576 2638 eius
596 2604 678 2637 tam
698 2597 813 2638 variis
832 2597 1037 2638 laudando
1051 2596 1187 2648 lingua
1202 2603 1337 2636 nostra
1352 2594 1416 2635 vix
1431 2594 1588 2635 sufficit.
1647 2597 1657 2616 ‘
1670 2595 1876 2636 Conamur
1889 2602 2030 2634 tenues
2044 2593 2211 2646 grandia
2222 2595 2261 2635 '⁹.

341 2659 460 2699 Duco
485 2660 538 2700 ad
560 2673 632 2700 vos
654 2659 783 2712 gentis
807 2659 971 2708 vicinae,
993 2657 1207 2699 nobiscum
1227 2657 1482 2698 scientiarum
1503 2656 1671 2697 vinculis
1691 2656 1826 2697 multis
1846 2655 2112 2705 consociatae,
2134 2655 2263 2697 civem

230 2718 436 2770 illustrem,
459 2722 702 2762 namucum
723 2720 957 2763 Pomcakss.
1016 2714 1036 2729 ⁹

339 2816 455 2871 (337)
489 2819 745 2871 Progreditur
771 2817 975 2871 proximus
1006 2816 1287 2860 Universitatis
1316 2815 1631 2863 Aberdonensis,
1663 2815 1917 2866 Oxoniensis,
1948 2815 2260 2869 Goettingensis,

229 2881 428 2930 alumnus,
450 2882 552 2923 inter
571 2882 822 2924 Oxonienses
842 2882 1007 2935 quidem
1022 2883 1196 2923 duorum
1211 2882 1403 2934 deinceps
1420 2880 1692 2933 Collegiorum
1703 2879 1729 2899 ¹⁰
1744 2879 1908 2921 honoris
1927 2894 2048 2921 causa
2071 2879 2204 2922 socius
2224 2887 2264 2921 et

325 2975 339 2997 ²
363 2977 511 3017 Horace,
532 2978 646 3012 Carm.
665 2978 702 3011 iii
719 2988 772 3021 30,
793 2989 820 3012 1.
959 2976 975 2998 ⁸
1002 2978 1071 3011 The
1085 2977 1224 3010 Politics
1237 2976 1456 3020 quantoHc,
1474 2976 1508 3009 in
1525 2989 1545 3017 4
1561 2976 1661 3014 vols„
1682 2977 1908 3020 1887—1902.
2050 2975 2066 2998 ⁸
2086 2977 2262 3010 Inductive

228 3019 424 3064 Metrology.
556 3022 571 3043 ⁴
592 3023 777 3064 lyr-amidi-
790 3022 865 3064 and
882 3023 1024 3065 Temples
1038 3022 1080 3065 qs
1090 3021 1201 3054 Gizeh.
1318 3020 1333 3041 ⁶
1356 3021 1379 3053 ii
1400 3022 1460 3063 178
1476 3020 1544 3053 and
1564 3021 1636 3062 148,
1654 3031 1704 3053 res
1771 3020 1883 3063 tively.
2017 3018 2031 3040 ⁸
2054 3021 2257 3061 Naukratis,

232 3064 350 3105 Parti,
374 3064 480 3104 1886;
503 3065 571 3099 and
589 3065 646 3108 (on
663 3066 720 3099 the
737 3065 936 3110 Labyrinth)
956 3066 1112 3099 Hawara
1128 3071 1208 3105 etc.,
1232 3066 1323 3108 1889,
1345 3075 1401 3115 pp.
1422 3066 1522 3106 4—8.
1643 3061 1657 3084 ⁷
1679 3064 1709 3096 T
1735 3075 1754 3097 e
1771 3067 1780 3082 ‘
1792 3064 1880 3097 New
1900 3063 2010 3097 Race'
2026 3063 2154 3108 (1896),
2171 3064 2262 3098 since

231 3109 426 3151 recognised
442 3120 479 3142 as
496 3110 654 3153 Libyans.
1005 3109 1020 3130 ⁸
1042 3109 1162 3142 Ziirich
1179 3108 1329 3141 Address
1344 3119 1379 3141 in
1395 3109 1452 3141 the
1468 3109 1555 3141 Acta
1571 3108 1809 3140 Mathematica
1825 3108 1863 3141 of
1885 3109 1979 3151 1897,
1998 3119 2056 3151 pp.
2074 3119 2261 3152 331—341.

228 3151 244 3173 ⁰
267 3152 416 3192 Horace,
436 3153 550 3187 Carm.
571 3153 582 3187 i
598 3153 631 3195 6,
649 3164 681 3199 9.
829 3153 857 3174 ¹⁰
882 3154 1006 3187 Exeter
1020 3153 1088 3186 and
1105 3153 1260 3186 Lincoln.

1221 3237 1293 3277 ¹57
