2704 3770
589 328 737 376 Lord
761 329 980 377 Roberts.
1041 327 1222 393 Julius
1255 327 1481 391 Zupz'tza.
1556 327 1796 376 Standish
1830 328 2005 392 Hayes
2044 327 2292 392 O’Grady.

438 473 547 511 haud
575 471 629 511 ita
661 472 815 524 pridem
849 473 963 513 titulo
997 480 1132 512 nostro
1161 471 1466 519 decoravimus1,
1497 479 1582 511 tum
1615 471 1845 522 praesertim
1878 471 1962 511 eius
1990 472 2069 522 qui,
2100 471 2152 511 ab
2180 471 2266 523 ipsa
2293 471 2448 523 Regina

438 540 646 585 propterea
678 535 830 574 honore
862 547 968 574 novo
1001 547 1128 585 nuper
1158 535 1392 580 cumulatus,
1427 533 1547 573 etiam
1579 539 1710 572 vestro
1742 534 1874 573 favore
1907 540 1946 573 et
1978 534 2119 585 plausu
2151 532 2273 574 hodie
2306 532 2447 573 merito

438 604 662 647 exelpletur.

547 661 665 699 Duco
683 660 735 699 ad
755 672 824 699 vos
845 660 895 699 de
916 660 1068 699 Balneo
1087 659 1262 711 equitem
1282 658 1488 710 insignem,
1509 659 1724 697 BARONEM
1746 659 2019 699 HERSCHELL.

546 787 659 840 (212)
693 789 917 828 Salutamus
937 787 1127 839 deinceps
1146 787 1424 838 imperatorem
1445 787 1646 836 illustrem,
1662 800 1782 838 quern
1798 788 1849 827 ab
1867 787 1984 827 India
2003 788 2155 827 salvum
2175 786 2446 839 sospitemque

435 850 636 890 redditum
659 853 748 902 plus
772 864 891 902 quam
922 852 1045 891 semel
1073 850 1227 901 excepit
1255 849 1404 901 patriae
1430 849 1551 889 totius
1579 849 1823 889 acclamatio.
1883 849 2003 899 Olim,
2031 849 2178 889 abhinc
2205 863 2333 890 annos
2361 850 2443 890 fere

437 913 640 962 tredecim,
657 914 763 954 bello
778 922 887 954 trans
905 915 1054 953 Indum
1067 915 1217 952 flumen
1230 914 1331 952 ultra
1343 912 1533 952 terminos
1545 912 1700 963 imperii
1715 912 1839 952 nostri
1851 926 1921 963 per
1936 912 2143 952 biennium
2158 911 2308 952 fortiter
2321 918 2444 963 gesto,

436 977 517 1016 fere
536 978 676 1016 decem
699 976 808 1016 milia
827 977 997 1016 militum
1017 990 1087 1027 per
1106 976 1308 1027 regionem
1329 974 1600 1015 difficillimam
1620 975 1818 1015 celeritate
1838 988 1962 1026 prope
1977 974 2200 1014 incredibili
2214 975 2389 1023 duxerat,
2405 980 2446 1014 et

434 1038 584 1088 proelio
612 1051 799 1090 prospere
824 1038 1038 1078 commisso
1067 1038 1199 1077 labem
1225 1044 1264 1077 et
1289 1036 1494 1076 infamiam
1514 1036 1668 1076 nomini
1687 1043 1823 1076 nostro
1843 1036 2016 1075 inustam
2036 1048 2194 1086 prorsus
2214 1036 2443 1076 deleverat².

436 1101 512 1140 Illo
550 1107 740 1152 tempore,
776 1109 819 1140 ut
856 1104 998 1152 poe‘tae
1035 1114 1160 1148 versu,
1195 1100 1318 1140 verbo
1357 1112 1437 1138 uno
1470 1106 1625 1138 tantum
1659 1106 1822 1147 mutato,
1858 1105 1955 1146 utar,
1992 1099 2133 1138 ‘Unus
2166 1099 2290 1138 homo
2326 1096 2444 1138 nobis

424 1166 671 1213 properando
707 1164 875 1204 restituit
912 1164 1046 1203 rem’3.
1112 1164 1242 1210 Nunc,
1277 1169 1369 1212 post
1401 1168 1553 1212 septem
1591 1174 1729 1209 annos,
1764 1160 1853 1212 paci
1886 1159 2114 1212 praesertim
2147 1160 2445 1200 confirmandae

434 1231 473 1263 et
492 1224 646 1275 imperii
665 1225 790 1265 nostri
809 1224 986 1264 terminis
1006 1231 1144 1264 contra
1163 1223 1339 1263 hostium
1359 1223 1531 1274 impetus
1550 1229 1651 1262 terra
1671 1221 1848 1273 marique
1868 1221 2027 1261 tuendis
2047 1228 2206 1262 strenue
2225 1221 2442 1269 dedicatos,

407 1281 412 1287 “
433 1286 552 1326 etiam
579 1301 601 1327 e
629 1301 728 1339 pace
756 1287 978 1339 triumphos
1002 1301 1084 1327 non
1110 1286 1242 1326 minus
1270 1286 1444 1336 insignes
1470 1284 1712 1336 reportavit⁴.
1772 1284 2027 1335 Imperatoris
2055 1283 2179 1324 nostri
2201 1283 2443 1324 celeritatem

432 1347 551 1387 etiam
576 1362 673 1400 gens
698 1349 739 1388 in
770 1351 930 1400 Europa
955 1349 1151 1388 bellorum
1177 1347 1412 1399 peritissima
1440 1348 1645 1398 quondam
1674 1346 1867 1386 admirata
1892 1353 1975 1385 est:
2004 1359 2112 1385 nunc
2140 1345 2294 1397 imperii
2318 1344 2444 1386 nostri

431 1410 632 1459 terminos,
654 1411 900 1462 imperatoris
920 1410 1100 1450 eiusdem
1120 1410 1286 1449 consilio
1306 1416 1346 1449 et
1368 1409 1578 1460 prudentia
1601 1410 1798 1457 defensos,
1820 1407 1950 1456 Asiae,
1971 1415 2091 1459 atque
2116 1408 2218 1448 adeo
2245 1408 2442 1459 Europae,

430 1478 567 1522 gentes
586 1472 732 1511 finibus
752 1472 895 1512 nostris
915 1472 1068 1511 vicinae
1087 1471 1233 1511 violare
1252 1484 1333 1510 non
1354 1470 1572 1510 audebunt.

541 1534 658 1572 Duco
686 1534 739 1573 ad
767 1546 837 1573 vos
866 1533 991 1572 virum
1021 1532 1182 1583 collegis
1211 1532 1292 1572 suis
1322 1531 1634 1579 devotissimum,
1666 1532 1812 1571 ducem
1845 1529 2036 1570 militibus
2069 1529 2149 1570 suis
2181 1529 2438 1579 carissimum,

433 1595 647 1633 BARONEM
678 1596 877 1634 RoBERTs
907 1605 964 1632 DE
994 1595 1254 1633 KANDAHAR.

539 1725 652 1778 (213)
686 1725 795 1765 Huic
815 1724 1044 1778 praesertim
1065 1724 1158 1773 viro,
1180 1724 1328 1764 litteras
1348 1724 1534 1776 Anglicas
1560 1723 1655 1763 olim
1679 1723 1781 1763 inter
1805 1722 2153 1772 Vindobonenses,
2174 1730 2314 1774 postea
2340 1722 2442 1763 inter

431 1787 708 1828 Berolinenses
742 1790 933 1840 professo,
965 1794 1159 1839 quantum
1192 1787 1337 1837 Anglia
1370 1787 1526 1835 debeat,
1562 1786 1655 1826 satis
1693 1793 1835 1825 notum
1873 1784 2071 1834 omnibus,
2104 1784 2173 1836 qui
2206 1784 2247 1824 in
2284 1785 2442 1837 linguae

430 1856 587 1888 nostrae
613 1849 753 1889 studiis
782 1849 885 1888 vitae
911 1862 1006 1888 suae
1035 1849 1334 1888 tabernaculum
1358 1855 1587 1899 posuerunt.
1647 1848 1695 1886 In
1725 1848 1803 1886 hoc
1829 1853 1936 1886 certe
1963 1847 2046 1886 viro
2072 1846 2223 1886 litterae
2251 1846 2441 1898 Anglieae

429 1914 615 1963 antiquae
652 1913 984 1964 investigatorem,
1025 1918 1335 1963 praeceptorem,
1376 1911 1568 1950 editorem
1607 1917 1747 1949 nactae
1785 1916 1876 1948 sunt
1913 1908 2160 1948 acerrimum.
2217 1908 2348 1949 Testis
2381 1915 2442 1949 est

428 1975 648 2014 carminum
667 1974 922 2025 antiquorum
939 1974 1253 2014 Teutonicorum
1270 1975 1485 2012 maximum
1501 1973 1553 2012 ab
1569 1986 1618 2012 eo
1633 1971 1926 2012 accuratissime
1945 1971 2203 2022 exscriptum⁵
2214 1986 2226 2020 ;
2254 1971 2364 2011 testis
2379 1978 2439 2012 est

429 2038 575 2077 saeculi
612 2038 740 2088 quinti
778 2037 924 2077 decimi
962 2037 1137 2086 historia,
1176 2038 1226 2076 de
1270 2037 1447 2075 Hercule
1488 2036 1665 2086 quodam
1711 2034 1883 2085 Anglico
1924 2033 2158 2085 conscripta,
2197 2034 2249 2073 ab
2295 2035 2439 2074 eodem

427 2098 725 2149 diligentissime
759 2098 907 2145 edita⁶3
948 2098 1059 2137 testis
1092 2097 1266 2148 denique
1299 2104 1359 2136 est
1391 2102 1534 2147 poetae
1567 2096 1628 2135 sui
1661 2095 1849 2147 temporis
1884 2094 2054 2143 maximi,
2083 2099 2224 2145 poetae
2257 2102 2435 2134 sanctam

427 2172 587 2199 crucem
619 2161 671 2199 ab
703 2161 862 2199 Helena
894 2159 1097 2198 inventam
1126 2158 1279 2210 egregie
1310 2158 1581 2207 describentis,
1612 2170 1771 2197 carmen
1800 2157 1853 2196 ab
1880 2157 2024 2196 eodem
2053 2169 2147 2195 cura
2174 2169 2257 2195 non
2286 2156 2438 2197 minore

426 2222 675 2273 expolitum⁷.
733 2221 830 2261 Viro
850 2221 918 2261 tali
938 2235 1012 2261 nos
1032 2228 1148 2270 certe,
1167 2234 1337 2271 quorum
1353 2221 1393 2259 in
1409 2220 1662 2260 bibliothecis
1677 2219 1822 2260 totiens
1842 2226 1953 2258 tanto
1973 2232 2065 2258 cum
2085 2220 2213 2259 fructu
2232 2219 2434 2269 laboravit,

426 2284 548 2324 hodie
566 2284 689 2324 animi
708 2285 805 2336 grati
825 2284 1097 2324 testimonium
1118 2284 1286 2323 libenter
1305 2283 1519 2323 reddimus.

535 2347 653 2385 Duco
673 2347 725 2385 ad
744 2358 814 2385 vos
835 2345 1080 2397 Philologiae
1101 2345 1291 2396 Anglicae
1312 2346 1580 2384 Professorem
1602 2343 1914 2391 Berolinensem,
1937 2344 2100 2383 IULmM
2121 2345 2312 2383 ZUPrrZA.

534 2475 648 2529 (214)
682 2478 803 2515 Anno
836 2476 1018 2527 proximo
1048 2476 1150 2515 inter
1180 2475 1287 2515 orbis
1321 2482 1510 2514 terrarum
1541 2473 1849 2514 Academiarum
1878 2472 2159 2525 gratulationes
2192 2472 2440 2514 Universitas

427 2537 686 2577 Dublinensis
713 2538 786 2577 tria
812 2540 970 2578 saecula
995 2538 1159 2577 feliciter
1182 2544 1319 2577 exacta
1344 2536 1448 2576 ludis
1475 2535 1742 2575 saecularibus
1767 2534 1990 2581 celebravit,
2015 2533 2135 2573 etiam
2161 2533 2201 2573 in
2234 2541 2437 2586 posterum

425 2600 486 2651 (ut
506 2600 727 2653 speramus)
747 2600 922 2652 pericula
941 2601 1042 2639 inter
1061 2599 1196 2639 omnia
1215 2599 1284 2639 diu
1304 2598 1516 2638 incolumis
1536 2600 1794 2650 superfutura.
1851 2599 1973 2637 Anno
1996 2598 2140 2637 eodem
2160 2596 2438 2640 Universitatis

424 2661 527 2701 illius
574 2662 859 2702 bibliothecam
906 2662 1167 2701 invisentibus
1214 2661 1400 2701 admirari
1445 2661 1590 2701 licebat
1637 2662 1757 2712 lyram
1806 2659 2114 2700 vetustissimam
2159 2659 2259 2711 regis
2305 2659 2433 2712 prisci,

426 2723 719 2762 Dalcassiorum
748 2723 933 2771 ductoris,
962 2723 1094 2774 digitis
1118 2723 1213 2762 olim
1236 2722 1296 2775 (ut
1318 2722 1447 2774 aiunt)
1467 2723 1695 2774 pulsatam⁸.
1752 2722 1891 2762 Hodie
1916 2735 2039 2760 unum
2069 2734 2117 2760 ex
2141 2720 2311 2760 alumnis
2336 2720 2432 2770 eius,

422 2785 550 2835 gentis
565 2785 668 2824 illius
683 2786 925 2836 progeniem,
943 2784 1069 2824 virum
1091 2798 1179 2835 rege
1201 2785 1323 2825 Olillo
1343 2791 1580 2835 prognatum
1599 2791 1639 2823 et
1659 2783 1778 2835 stirpe
1797 2783 2072 2834 antiquissima
2092 2781 2434 2822 Momoniensium

508 2888 520 2909 ¹
544 2889 598 2922 Sir
613 2890 793 2922 Frederick
810 2890 910 2928 Abel,
927 2901 982 2921 no.
1004 2900 1064 2930 140
1079 2894 1190 2931 supra.
1282 2887 1297 2908 2
1319 2889 1393 2921 The
1409 2889 1520 2920 march
1539 2888 1577 2920 of
1591 2898 1653 2930 313
1669 2887 1764 2919 miles
1779 2887 1863 2919 from
1879 2886 1994 2919 Kabul
2013 2885 2064 2928 (11
2085 2886 2172 2928 Aug.
2197 2883 2290 2927 1880)
2307 2885 2433 2927 ending

421 2932 455 2964 in
471 2933 527 2964 the
548 2933 645 2965 relies
660 2933 697 2965 of
717 2934 899 2965 Kandahar
917 2932 969 2975 (31
997 2934 1115 2975 Aug.)‚
1132 2933 1198 2964 and
1221 2933 1279 2964 the
1302 2932 1412 2964 defeat
1436 2932 1473 2963 of
1492 2931 1591 2972 Ayub
1615 2931 1716 2963 Khan
1735 2931 1764 2969 (1
1792 2931 1913 2972 Sept.).
1959 2930 2048 2961 Lord
2067 2929 2223 2968 Roberts,
2241 2930 2432 2970 Forty-One

429 2977 528 3008 Years
543 2977 582 3008 in
597 2977 710 3015 India,
729 2977 751 3008 ii
769 2986 951 3018 347—370‚
972 2985 1045 3018 377.
1166 2974 1180 2995 3
1205 2976 1331 3008 Ennius
1350 2975 1480 3017 (virgil,
1498 2976 1582 3007 Aen.
1600 2974 1634 3006 vi
1650 2974 1738 3014 846).
1862 2971 1876 2992 4
1898 2973 1985 3004 Nov.
2008 2973 2255 3013 1885—March
2275 2973 2355 3014 1893
2374 2971 2429 3014 (ib.

423 3019 630 3060 398—460);
654 3030 671 3051 c
699 3042 706 3050 .
724 3020 855 3061 Speech
870 3025 904 3051 at
921 3021 1044 3059 Dover,
1066 3028 1082 3060 7
1101 3020 1193 3060 May.
1346 3018 1359 3038 ⁵
1382 3017 1541 3051 Beowulf.
1687 3016 1701 3037 ⁶
1723 3017 1800 3058 Guy
1815 3016 1852 3049 of
1863 3016 2043 3048 Warwick.
2194 3014 2208 3036 ⁷
2231 3015 2432 3056 Cynewulf's

420 3062 531 3093 Elene.
702 3063 776 3095 The
792 3066 799 3080 ‘
812 3063 895 3104 harp
911 3063 948 3094 of
961 3063 1060 3094 Brian
1078 3062 1256 3094 Boroimhe
1268 3061 1275 3075 ’
1292 3060 1400 3104 (pron.
1421 3060 1535 3103 Boru),
1555 3061 1662 3092 under
1676 3060 1789 3092 whose
1804 3059 1991 3101 leadership
2007 3059 2063 3091 the
2078 3059 2208 3090 famous
2223 3059 2309 3090 tribe
2324 3058 2364 3090 of
2374 3058 2430 3090 the

422 3104 489 3180 Dgal
511 3104 589 3137 Cais
611 3105 764 3180 defieated
787 3106 843 3138 the
865 3107 979 3138 Danes
1002 3111 1035 3138 at
1059 3105 1220 3145 Clontarf,
1239 3115 1319 3137 near
1339 3105 1480 3143 Dublin,
1501 3115 1595 3144 1014.
1645 3104 1709 3145 Cp.
1728 3104 1800 3135 The
1814 3103 1902 3135 Book
1916 3103 1957 3145 of
1978 3103 2011 3134 T
2005 3102 2115 3144 rinity
2133 3102 2263 3144 College,
2283 3102 2426 3141 Dublin,

426 3158 439 3179 1
466 3158 518 3191 92,
539 3159 570 3190 p.
594 3157 650 3189 171
681 3171 688 3179 .

1382 3220 1456 3257 106
