2704 3770
287 310 512 362 HRH.
540 313 644 362 The
668 312 821 362 Duke
844 314 910 378 of
925 313 1237 380 Connauglct.
1299 315 1362 364 R.
1393 315 1449 364 T.
1467 315 1742 373 Davz'dson‚
1762 316 1816 364 A
1823 318 1882 381 bp
1905 318 1969 381 of
1986 317 2307 381 Canterbury.

1107 495 1161 527 12
1189 477 1331 545 June
1374 493 1499 540 1903

393 574 509 629 (367)
532 578 664 618 ans
689 579 814 620 nostri
842 581 961 621 frater
985 587 1184 632 superstes
1212 578 1491 631 Cantabrigiae
1519 592 1640 631 quam
1667 591 1782 619 carus
1805 578 1866 628 sit,
1887 577 2006 619 vestri
2031 579 2193 629 plausus
2219 579 2313 619 satis

283 636 521 681 indicarunt.
582 642 676 694 Ipse
713 643 770 684 rei
807 643 986 684 militaris
1023 643 1295 696 peritissimus,
1331 642 1458 695 copiis
1497 642 1642 682 nostris
1675 642 1849 694 primum
1886 641 1929 680 in
1967 640 2086 680 India
2118 640 2312 691 orientali,

284 701 433 744 deinde
461 703 502 744 in
529 705 672 758 Anglia
699 707 871 756 australi,
893 707 1068 759 denique
1096 707 1138 747 in
1164 706 1274 758 regni
1302 706 1424 747 totius
1449 705 1610 758 regione
1636 703 1889 752 occidentali,
1914 703 1956 743 in
1986 703 2073 754 ipsa
2102 704 2311 753 Hibernia,

285 777 444 806 summa
471 780 564 807 cum
592 769 712 810 laude
733 770 919 823 praefuit.
978 770 1176 811 Novimus
1210 770 1279 810 illo
1310 769 1386 819 die,
1419 783 1501 821 quo
1531 771 1620 809 Rex
1647 776 1783 809 noster
1816 768 1919 808 inter
1951 766 2098 807 civium
2132 767 2313 809 omnium

283 828 593 870 acclamationes
625 839 881 872 consecratus
914 839 985 880 est,
1016 840 1168 884 quanto
1200 832 1344 881 studio,
1376 839 1527 884 quanta
1559 830 1772 879 alacritate,
1803 831 1921 870 frater
1948 829 2033 870 eius
2061 828 2314 870 fidelissimus

283 889 456 931 militum
481 905 673 945 pompam
700 893 982 946 triumphalem
1008 895 1280 936 ordinaverit¹.
1339 895 1537 936 Novimus
1561 894 1682 935 etiam
1706 908 1756 935 eo
1779 894 1856 943 die,
1879 907 1961 945 quo
1982 892 2125 933 Indiae
2148 893 2189 933 in
2216 893 2315 933 urbe

283 953 380 994 olim
400 955 506 1007 regia
525 957 615 997 Rex
633 957 754 1006 idem,
775 958 878 998 inter
896 959 1123 1011 principum
1143 959 1406 1011 plurimorum
1426 960 1599 1011 plausus,
1623 958 1766 998 Indiae
1791 959 2014 1009 Imperator
2035 956 2315 1008 pronuntiatus

281 1018 371 1067 ὥτ’,
411 1027 562 1071 quanta
598 1034 691 1061 cum
730 1022 934 1074 dignitate,
974 1030 1126 1075 quanta
1162 1037 1255 1063 cum
1294 1022 1495 1071 comitate,
1538 1022 1660 1074 Regis
1697 1021 1821 1073 ipsius
1858 1020 2049 1061 vicarium
2086 1027 2315 1072 praesentes

279 1078 503 1122 adiuverint
521 1090 562 1123 et
582 1083 772 1136 Princeps
793 1093 928 1126 noster
946 1093 986 1126 et
1005 1099 1104 1126 uxor
1122 1085 1207 1126 eius
1233 1085 1522 1137 acceptissima,
1545 1098 1667 1137 quam
1687 1098 1768 1124 una
1792 1083 1914 1124 hodie
1940 1097 2082 1124 omnes
2106 1097 2154 1124 ex
2179 1082 2315 1123 animo

279 1141 465 1184 iubemus
488 1147 648 1187 salvere.
707 1148 928 1198 Quondam
957 1148 999 1188 in
1028 1150 1106 1189 hoc
1135 1149 1224 1201 ipso
1249 1150 1341 1190 loco
1367 1148 1490 1201 Regis
1514 1148 1639 1189 nostri
1662 1149 1821 1189 fratrem
1844 1148 2023 1195 alterum,
2046 1145 2091 1186 in
2117 1160 2158 1188 re
2186 1145 2317 1186 navali

279 1203 489 1258 insignem,
511 1221 559 1248 ea
587 1222 667 1261 qua
694 1223 766 1262 par
793 1218 876 1251 erat
905 1213 1124 1252 reverentia
1153 1211 1441 1252 salutavimus³.
1503 1212 1642 1252 Hodie
1667 1223 1763 1251 vero
1790 1208 1985 1260 Principis
2013 1207 2118 1248 illius
2147 1209 2184 1249 a'
2199 1208 2316 1249 nobis

280 1266 451 1309 nimium
479 1269 560 1311 cito
588 1271 743 1324 abrepti
771 1274 942 1322 fratrem,
965 1273 1193 1327 Principem
1222 1274 1263 1314 in
1292 1288 1334 1315 re
1363 1273 1522 1314 militari
1550 1273 1755 1322 illustrem,
1781 1272 1836 1312 ob
1864 1285 1949 1312 rem
1977 1270 2182 1323 publicam
2211 1271 2317 1311 bene

279 1338 431 1383 gestam
469 1332 607 1374 animo
644 1342 757 1391 grato
794 1337 1025 1376 salutamus.
1085 1338 1301 1377 Laetamur
1339 1336 1570 1388 Principum
1609 1342 1837 1375 nostrorum
1870 1333 2131 1386 propaginem
2164 1332 2317 1373 arboris

280 1392 386 1435 illius
414 1395 666 1448 Vergilianae
694 1397 813 1437 ramis
842 1411 926 1438 non
956 1398 1157 1439 immerito
1185 1412 1305 1451 posse
1334 1397 1557 1450 comparari
1571 1413 1637 1438 :—

1047 1473 1200 1527 ‘primo
1228 1474 1368 1514 avulso
1397 1486 1480 1514 non
1509 1472 1646 1513 deficit
1674 1473 1773 1512 alter

795 1541 950 1578 aureus,
981 1535 1021 1569 et
1050 1528 1169 1569 simili
1198 1528 1417 1569 frondescit
1445 1527 1554 1580 virga
1583 1528 1746 1567 metallo
1759 1527 1798 1565 ²⁴.

391 1599 511 1640 Duco
529 1601 582 1641 ad
600 1614 672 1642 vos
693 1602 921 1654 Principem
941 1605 1200 1644 ARTHURUM
1224 1604 1500 1642 WILLELMUM
1526 1603 1772 1641 PATRmmM
1796 1602 2050 1649 ALBERTUM,
2075 1602 2237 1641 DUCEM
2260 1611 2317 1639 DE

282 1663 573 1704 commus-nr.

388 1783 506 1838 (368)
534 1787 761 1828 Salutamus
790 1787 982 1840 deinceps
1012 1788 1182 1828 Scholae
1212 1784 1494 1826 Harroviensis
1523 1784 1778 1836 discipulum,
1800 1782 2046 1825 Academiae
2076 1781 2317 1823 Oxoniensis

276 1847 498 1898 alumnum,
520 1848 647 1889 virum
671 1850 768 1890 olim
793 1850 846 1890 ab
869 1850 1172 1902 archiepiscopo
1202 1849 1380 1900 quodam
1403 1846 1690 1888 Cantuarensi⁵
1718 1859 1802 1886 non
1826 1847 1951 1886 modo
1974 1847 2169 1886 ‘electum
2193 1857 2315 1896 quem

280 1909 546 1950 contubernio
560 1911 788 1952 aestimaret
800 1911 839 1960 ’⁶,
858 1913 930 1952 sed
945 1911 1066 1952 etiam
1081 1912 1244 1951 vinculo
1258 1909 1402 1950 artiore
1418 1908 1494 1949 sibi
1509 1907 1676 1949 feliciter
1691 1907 1979 1948 consociatum.
2040 1907 2317 1947 Recordamur

279 1971 570 2025 archiepiscopi
597 1973 702 2014 illius
730 1973 853 2014 vitam
883 1987 1005 2026 quam
1034 1975 1256 2014 luculenter
1284 1971 1498 2026 narraverit
1510 1985 1522 2020 3
1555 1971 1822 2018 recordamur,
1847 1969 2022 2021 primum
2047 1969 2090 2008 in
2117 1968 2315 2020 Reginam

279 2040 458 2074 nostram
490 2035 722 2085 Victoriam,
757 2036 906 2077 deinde
938 2035 981 2076 in
1015 2037 1171 2088 Regem
1205 2042 1386 2075 nostrum
1417 2046 1540 2085 quam
1571 2031 1700 2072 fidelis
1734 2030 1936 2081 exstiterit,
1969 2031 2089 2070 trium
2123 2030 2315 2082 deinceps

277 2097 670 2151 archiepiscoporum
698 2099 1068 2142 Cantuariensium⁷
1093 2099 1258 2146 amicus,
1284 2098 1404 2138 trium
1428 2096 1621 2147 deinceps
1645 2096 1788 2135 sedum
1812 2093 2126 2146 episcopalium⁸
2154 2107 2315 2145 praeses

278 2159 382 2202 inter
400 2163 582 2204 omnium
597 2165 931 2217 approbationem
946 2163 1198 2205 constitutus.
1258 2164 1290 2202 F
1291 2162 1372 2202 axit
1389 2163 1511 2208 Deus,
1529 2167 1573 2200 ut
1588 2158 1758 2200 ecclesia
1772 2157 2009 2210 Anglicana,
2025 2156 2316 2208 archiepiscopi

279 2225 447 2267 huiusce
466 2227 561 2268 fidei
580 2235 620 2268 et
639 2228 876 2281 prudentiae
896 2228 1086 2269 divinitus
1109 2226 1271 2276 credita,
1293 2234 1333 2266 et
1359 2224 1470 2277 regni
1493 2225 1616 2264 totius
1638 2224 1692 2264 ad
1716 2224 1888 2262 fructum
1911 2235 2012 2274 pace
2035 2229 2075 2262 et
2098 2220 2316 2261 concordia

279 2288 473 2330 continua
500 2291 661 2340 fruatur,
692 2299 733 2331 et
760 2290 916 2342 imperii
945 2291 1067 2331 totius
1096 2291 1148 2330 ad
1177 2289 1389 2330 utilitatem
1418 2288 1460 2327 in
1488 2294 1727 2338 perpetuum
1757 2286 1907 2326 floreat.
1967 2284 2079 2324 Faxit
2108 2283 2240 2332 etiarn,
2271 2290 2315 2323 ut

279 2351 390 2402 pacis
415 2351 556 2392 nuntia
583 2353 706 2402 navis,
726 2353 780 2393 ab
807 2366 857 2393 eo
885 2366 1011 2404 nuper
1036 2349 1299 2399 consecrata⁹,
1322 2349 1464 2390 oceani
1487 2348 1650 2388 Pacifici
1676 2347 1778 2387 inter
1801 2346 1950 2386 insulas
1978 2358 2169 2398 prospero
2197 2358 2315 2385 cursu

279 2413 438 2466 naviget
449 2428 462 2464 3
481 2422 605 2467 utque
624 2416 810 2468 Assyriae
829 2416 997 2457 ecclesia
1016 2415 1194 2467 antiqua,
1213 2414 1266 2455 ab
1286 2415 1432 2455 eodem
1452 2414 1588 2453 denuo
1609 2411 1889 2458 confirmatam,
1907 2423 2014 2451 novo
2034 2410 2178 2450 robore
2193 2409 2314 2450 etiam

279 2476 323 2516 in
341 2485 546 2529 posterum
565 2487 766 2531 augeatur.

390 2543 508 2582 Duco
520 2544 573 2583 ad
587 2556 659 2583 vos
673 2543 801 2583 virum
815 2544 1038 2584 admodum
1053 2541 1343 2590 honorabilem,
1360 2540 1488 2580 virum
1502 2540 1726 2580 admodum
1741 2539 2016 2586 reverendum,
2035 2538 2313 2576 RANDALLUM

279 2605 477 2645 ΤΗοΜΑΜ
499 2606 738 2655 DAVIDSON‚
760 2604 1106 2658 archiepiscopum
1127 2603 1471 2646 Cantuariensem.

388 2730 504 2784 (369)
534 2733 696 2773 Insulae
720 2732 896 2781 Melitae,
918 2739 958 2772 et
984 2731 1177 2772 militibus
1200 2729 1356 2783 imperii
1379 2728 1504 2770 nostri
1523 2728 1565 2770 in
1584 2726 1784 2780 praesidio
1803 2726 1873 2767 illo
1892 2725 2019 2778 patria
2038 2725 2178 2777 procul
2197 2737 2313 2765 excu-

280 2795 480 2843 bantibus‚
498 2808 639 2848 -nuper
666 2795 917 2848 praepositus
946 2802 1006 2839 est
1036 2794 1094 2834 vir
1124 2793 1301 2845 insignis,
1334 2791 1403 2844 qui
1432 2791 1566 2831 Africa
1594 2790 1636 2830 in
1664 2788 1826 2830 australi
1854 2790 2008 2828 laureas
2037 2787 2185 2840 primas
2215 2787 2312 2828 olim

278 2859 460 2911 adeptus,
496 2866 536 2899 et
573 2858 616 2898 in
653 2858 829 2898 Africam
868 2858 1235 2910 septentrionalem,
1267 2863 1389 2907 atque
1422 2855 1526 2895 adeo
1563 2853 1606 2892 in
1643 2854 1884 2904 Aegyptum,
1917 2850 2050 2891 statim
2085 2851 2310 2898 translatus,

279 2920 533 2960 victoriarum
552 2920 708 2961 illarum
729 2920 926 2973 particeps
946 2919 1020 2959 fuit
1040 2933 1144 2971 quae
1165 2917 1279 2959 ducis
1300 2916 1424 2958 Arabi
1444 2915 1685 2956 seditionem
1706 2914 1745 2954 in
1763 2921 2002 2966 perpetuum
2023 2913 2310 2952 domueruntu.

280 2983 398 3024 Idem
424 2983 595 3024 militum
619 2983 907 3036 Aegyptiorum
937 2981 1126 3022 exercitui
1155 2980 1229 3021 toti
1255 2994 1325 3032 per
1350 2992 1479 3019 annos
1506 2985 1661 3030 septem
1687 2975 1950 3029 praepositus,
1982 2974 2146 3015 victoria
2169 2973 2314 3026 triplici

365 3088 379 3109 ¹
402 3099 423 3133 9
438 3090 528 3132 Aug.
549 3099 643 3133 ¹90²·
833 3087 848 3108 ²
874 3100 886 3121 1
904 3089 982 3131 Jan.
1003 3098 1098 3131 1903.
1283 3084 1298 3106 ³
1324 3096 1359 3118 11
1376 3085 1465 3127 June
1484 3084 1523 3117 18
1549 3094 1579 3121 2,
1596 3093 1654 3115 no.
1674 3082 1735 3125 189
1751 3086 1868 3124 supra.
2044 3079 2059 3100 ⁴
2082 3080 2170 3112 Aen.
2187 3079 2220 3112 vi
2240 3089 2312 3121 143.

276 3133 292 3155 ⁸
314 3133 499 3167 Archibald
517 3133 696 3176 Campbell
712 3132 802 3166 Tait.
936 3131 950 3152 ⁶
973 3132 1122 3170 Tacitus,
1140 3130 1311 3174 Agricola,
1333 3139 1363 3171 5.
1488 3126 1502 3148 ⁷
1557 3127 1616 3167 ait,
1635 3127 1781 3164 Benson,
1799 3125 1953 3168 Temple.
2076 3121 2090 3143 Β
2114 3123 2311 3163 Rochester,

277 3178 501 3218 Winchester,
521 3178 742 3220 Canterbury.
875 3174 891 3197 ⁹
915 3187 956 3219 23
973 3177 1054 3218 May
1074 3185 1169 3220 1903.
1302 3172 1330 3193 ²⁰
1358 3184 1392 3206 11
1409 3172 1498 3215 June
1518 3181 1613 3214 1903.
1747 3168 1773 3189 Π
1800 3170 1895 3202 1882.

1261 3258 1331 3297 171
2074 3252 2203 3277 22-—2
