2704 3770
837 327 990 375 Hans
1029 328 1227 378 Gadow.
1313 329 1537 377 Wz'llz'am
1574 330 1753 395 Henry
1799 330 2139 394 Waddz‘ngton.

1297 547 1356 591 26
1381 543 1508 609 san.
1555 545 1679 604 1884

593 653 680 706 (81)
699 656 818 694 ANN1
838 654 1005 706 proximi
1025 656 1100 695 sub
1120 657 1240 696 finem
1263 655 1386 708 (iuvat
1405 655 1617 708 recordari)
1638 656 1813 695 fabulam
1833 654 1940 695 illam
1960 654 2247 706 Aristophanis,
2263 668 2367 707 quae
2386 657 2492 696 Aves

484 715 722 766 nominatur,
754 730 847 756 cum
880 719 1083 768 voluptate
1113 717 1285 757 maxima
1314 731 1438 769 prope
1468 731 1607 758 omnes
1639 717 1913 768 spectavimus.
1973 716 2110 756 Hodie
2142 730 2246 766 vero,
2281 718 2333 757 ad
2362 717 2494 758 studia

483 784 616 817 nostra
636 778 828 819 severiora
847 780 1067 827 redeuntes,
1090 778 1188 818 nihil
1207 779 1448 830 auspicatius
1471 792 1558 819 esse
1582 779 1826 827 arbitramur,
1848 791 1969 830 quam
1994 791 2144 817 annum
2169 791 2318 818 novum
2341 780 2493 820 honore

483 840 523 879 in
547 840 657 880 illum
681 843 826 882 collato
847 842 1012 893 signare,
1034 842 1102 894 qui
1121 842 1302 882 omnium
1325 841 1458 881 avium
1480 855 1624 893 genera
1647 849 1686 881 et
1709 849 1867 881 naturas
1890 840 2003 891 quasi
2025 840 2223 892 propriam
2248 840 2492 892 provinciam

482 901 557 941 sibi
577 903 744 954 sumpsit
763 905 1056 955 explorandam.
1112 905 1231 943 Illum
1252 903 1367 955 igitur
1387 903 1643 943 Senatoribus
1663 903 1806 943 nostris
1825 901 1946 942 hodie
1966 901 2106 941 merito
2128 902 2400 952 adscribimus,
2422 901 2492 954 qui

483 965 742 1005 Pomeraniae
771 966 989 1006 maritimae
1015 966 1054 1005 in
1085 973 1194 1018 parte
1220 966 1400 1005 orientali
1427 979 1451 1006 a
1475 973 1593 1017 gente
1621 965 1896 1017 antiquissima
1924 965 2126 1014 oriundus,
2158 965 2199 1004 in
2227 965 2492 1006 celeberrimis

484 1027 720 1067 Germaniae
739 1029 967 1068 Academiis
987 1029 1188 1080 zoologiae
1208 1030 1549 1080 palaeontologiae
1569 1028 1848 1080 mineralogiae
1864 1028 2004 1068 studiis
2019 1041 2180 1079 operam
2200 1042 2312 1068 suam
2328 1028 2493 1068 feliciter

482 1088 677 1139 impendit
690 1104 702 1138 3
729 1090 798 1140 qui
825 1098 918 1131 ante
943 1092 1016 1130 hos
1044 1098 1121 1130 tres
1148 1103 1275 1130 annos
1298 1090 1339 1129 in
1367 1090 1613 1130 Britanniam
1637 1090 1787 1130 idcirco
1812 1097 1871 1130 est
1896 1097 2067 1138 vocatus,
2090 1097 2133 1129 ut
2155 1103 2246 1130 aves
2275 1090 2316 1129 in
2346 1092 2491 1130 Museo

483 1150 712 1191 Britannico
731 1160 982 1193 conservatas
1006 1166 1162 1192 summa
1185 1166 1278 1192 cura
1304 1153 1568 1202 describeret;
1597 1153 1664 1204 qui
1687 1153 1728 1192 in
1749 1160 1883 1192 nostra
1906 1153 2080 1204 denique
2106 1153 2326 1193 Academia
2351 1166 2478 1205 nuper

482 1226 563 1252 non
588 1216 710 1255 modo
736 1217 787 1256 de
815 1215 1042 1255 vertebratis
1068 1229 1170 1267 quae
1196 1216 1383 1256 dicuntur
1407 1215 1646 1255 animalibus
1670 1218 1955 1268 praelectiones
1979 1216 2117 1256 habuit
2137 1216 2396 1265 doctissimas,
2420 1217 2490 1256 sed

481 1275 600 1315 etiarn
629 1278 821 1318 thesauris
851 1278 994 1318 nostris
1020 1277 1319 1329 ornithologicis
1347 1278 1622 1318 custodiendis
1650 1292 1742 1318 cum
1772 1280 1899 1318 fructu
1929 1285 2065 1317 nostro
2092 1278 2264 1318 maximo
2293 1286 2352 1319 est
2380 1292 2492 1330 prae-

481 1337 643 1387 positus.
717 1340 827 1379 Inter
863 1339 1048 1390 antiquos
1086 1338 1250 1389 quidem
1286 1338 1419 1378 avium
1457 1352 1481 1378 a
1517 1340 1651 1378 volatu
1692 1346 1893 1389 cantuque
1929 1352 2057 1378 rerum
2100 1341 2316 1379 suturarum
2354 1339 2490 1379 omina

481 1399 751 1439 ducebantur:
782 1413 855 1439 nos
882 1399 1045 1439 meliora
1070 1400 1214 1448 edocti,
1237 1400 1357 1440 hodie
1383 1400 1424 1439 in
1450 1401 1528 1440 hoc
1555 1400 1648 1448 viro,
1672 1400 1974 1439 Procancellarii
1997 1399 2108 1439 novi1
2137 1400 2333 1452 auspiciis,
2354 1413 2487 1441 veram

478 1459 611 1499 avium
640 1460 845 1501 scientiam
874 1462 992 1501 laude
1021 1460 1156 1501 debita
1184 1474 1431 1509 exornamus,
1462 1475 1510 1501 ex
1537 1461 1650 1501 initio
1678 1468 1759 1500 tam
1793 1461 1896 1501 felici
1925 1461 2060 1501 omnia
2088 1463 2215 1501 fausta
2243 1461 2284 1501 in
2312 1463 2487 1502 futurum

479 1521 668 1573 augurati.

1397 1579 1406 1597 ‘
1418 1578 1523 1616 Date
1551 1576 1735 1625 candida,
1764 1576 1882 1625 cives,

1017 1630 1163 1679 omina,
1193 1638 1232 1670 et
1261 1630 1429 1682 inceptis
1457 1632 1618 1670 dextera
1646 1637 1779 1670 cantet
1806 1630 1888 1670 avis
1902 1631 1940 1669 '².

588 1705 715 1746 Vobis
741 1713 951 1757 praesento
976 1706 1103 1745 virum
1130 1713 1169 1746 et
1199 1707 1250 1746 de
1282 1705 1422 1745 studiis
1453 1705 1750 1756 ornithologicis
1781 1713 1819 1745 et
1850 1706 1901 1745 de
1931 1705 2150 1745 Academia
2178 1712 2312 1745 nostra
2336 1705 2487 1757 optime

479 1768 675 1818 meritum,
697 1771 823 1808 HANS
844 1771 1016 1809 GADow.

1292 1890 1307 1920 1
1322 1889 1345 1920 2
1372 1873 1513 1939 sune
1557 1875 1680 1934 1884

585 1984 671 2036 (82)
706 1986 844 2024 UNUM
880 1998 926 2024 ex
956 1984 1127 2023 alumnis
1160 1984 1314 2031 nostris,
1348 1985 1508 2023 scholae
1540 1997 1707 2035 magnae
1736 1984 2008 2024 Britannicae³
2035 1985 2287 2036 discipulum,
2315 1986 2483 2038 Collegii

478 2047 637 2085 maximi
659 2045 875 2086 Britannici
895 2046 990 2085 olim
1011 2047 1242 2094 scholarem,
1266 2059 1392 2097 nuper
1411 2046 1573 2085 honoris
1593 2059 1712 2085 causa
1735 2046 1889 2085 socium
1912 2047 2094 2094 electum,
2117 2047 2242 2086 virum
2265 2047 2484 2088 honoribus

475 2107 727 2147 Academicis
753 2114 792 2146 et
818 2107 858 2145 in
886 2106 1110 2145 Britannia⁴
1133 2114 1171 2145 et
1197 2106 1237 2145 in
1263 2106 1391 2146 Gallia
1417 2108 1674 2156 cumulatum,
1701 2114 1740 2146 et
1767 2107 2028 2158 Reipublicae
2055 2107 2230 2147 Gallicae
2255 2108 2357 2148 inter
2381 2108 2485 2149 viros

476 2170 680 2221 primarios
717 2169 1126 2221 insigne1n⁵‚—virum
1165 2177 1331 2218 tantum,
1371 2169 1546 2220 inquam,
1587 2169 1835 2221 publicarum
1880 2182 2009 2209 rerum
2051 2182 2074 2209 e
2116 2171 2204 2209 luce
2241 2171 2484 2211 Academiae

476 2233 716 2272 umbraculis
744 2233 942 2284 paulisper
971 2232 1180 2279 redditum,
1211 2239 1360 2282 quanta
1388 2234 1603 2282 voluptate,
1630 2239 1778 2282 quanta
1805 2231 1928 2270 animi
1957 2231 2128 2271 elatione
2155 2232 2276 2272 hodie
2298 2233 2482 2273 iubemus

476 2298 642 2336 salvere!
699 2298 924 2336 Salutamus
944 2296 1066 2344 illum,
1090 2295 1158 2346 qui
1178 2295 1383 2346 quondam
1410 2308 1432 2334 e
1459 2294 1674 2333 certamine
1700 2293 1872 2342 nautico,
1896 2293 2069 2333 fluminis
2097 2293 2171 2333 Isis
2197 2307 2289 2334 cum
2312 2295 2482 2335 alumnis

475 2361 684 2399 Thamesis
717 2359 817 2399 inter
850 2361 978 2399 undas
1016 2358 1241 2406 commisso,
1276 2358 1328 2397 ad
1362 2358 1533 2398 Carnum
1567 2365 1746 2397 nostrum
1783 2357 1908 2396 victor
1940 2357 2146 2405 reversus⁶,
2178 2358 2341 2397 fortasse
2373 2371 2482 2397 nunc

475 2434 646 2472 quoque,
669 2421 749 2461 sive
772 2421 982 2461 Thamesis
1009 2420 1090 2460 sive
1116 2421 1323 2471 Sequanae
1350 2432 1444 2458 suae
1467 2432 1591 2470 prope
1614 2418 1752 2470 ripam,
1773 2418 1874 2458 inter
1900 2432 2029 2458 rerum
2053 2418 2301 2470 publicarum
2325 2420 2478 2467 fluctus,

476 2483 591 2524 Carni
623 2484 684 2523 sui
715 2483 929 2523 arundines
958 2483 1176 2533 salicesque
1210 2495 1514 2532 nonnumquam
1545 2482 1781 2521 recordatur.
1840 2483 2064 2522 Salutamus
2092 2484 2214 2531 illum,
2246 2482 2314 2533 qui
2342 2481 2479 2521 Asiam

473 2544 762 2585 occidentalem
797 2544 1002 2584 itineribus
1040 2552 1121 2583 tam
1154 2542 1350 2595 prosperis
1388 2544 1476 2594 plus
1510 2556 1629 2594 quam
1663 2545 1786 2584 semel
1819 2543 2006 2592 lustravit,
2042 2551 2085 2583 ut
2117 2557 2140 2583 e
2171 2543 2341 2595 regionis
2377 2543 2480 2583 illius

475 2607 723 2647 numismatis
751 2607 935 2659 antiquis,
965 2606 1236 2646 monumentis
1265 2605 1473 2657 inscriptis,
1498 2605 1606 2645 fastis
1636 2605 1810 2656 denique
1839 2605 2156 2657 provincialibus,
2182 2619 2252 2657 per
2275 2607 2479 2657 Europam

475 2676 597 2708 totam
617 2669 719 2709 inter
737 2682 878 2709 omnes
904 2670 1045 2708 doctos
1070 2669 1216 2707 famam
1242 2667 1438 2718 insignem
1465 2666 1699 2718 reportarit⁷.
1758 2668 1982 2707 Salutamus
2004 2666 2265 2718 Reipublicae
2285 2665 2479 2707 maximae

472 2730 599 2770 civem
628 2738 941 2781 senatoremque,
974 2729 1042 2780 qui
1071 2728 1317 2780 imperatoris
1347 2728 1522 2768 Romani
1551 2728 1727 2768 edictum
1756 2728 2068 2775 celeberrimum,
2097 2742 2122 2767 a
2155 2727 2354 2767 Britannis
2381 2727 2478 2767 olim

473 2799 681 2842 repertum,
710 2792 849 2831 ordine
874 2791 1009 2830 lucido
1038 2789 1255 2841 descripsit,
1281 2797 1320 2829 et
1345 2791 1633 2829 commentario
1661 2788 1928 2829 eruditissimo
1960 2788 2194 2828 illustravitss.
2253 2790 2478 2829 Salutamus

471 2854 646 2906 denique
677 2854 938 2906 Reipublicae
967 2853 1071 2892 illius
1102 2854 1275 2904 legatum
1313 2851 1617 2900 fidelissimum⁹,
1648 2851 1759 2891 cuius
1789 2852 1983 2891 adventus
2012 2852 2164 2902 populo
2197 2850 2353 2902 utrique
2386 2865 2479 2891 con-

558 2968 571 2989 ¹
594 2969 639 3001 N.
664 2970 714 3001 M.
739 2970 881 3008 Ferrers,
908 2969 1014 3008 D.D.,
1041 2970 1167 3001 Master
1189 2967 1228 3000 of
1246 2966 1402 3000 Gonville
1424 2967 1490 2998 and
1514 2965 1613 2998 Caius
1637 2965 1785 3008 College.
1945 2964 1959 2984 ²
1982 2965 2181 3008 Propertius,
2207 2965 2240 2997 iv
2263 2965 2310 3007 (v)
2340 2976 2368 3005 1,
2394 2965 2434 3006 67
2450 2965 2475 2997 f.

472 3011 486 3032 3
509 3013 640 3054 Rugby.
757 3012 771 3032 ⁴
794 3013 1023 3045 Chancellor’s
1041 3011 1223 3048 Medallist,
1240 3011 1307 3043 and
1324 3009 1455 3043 Second
1471 3009 1505 3042 in
1523 3009 1609 3041 First
1625 3009 1720 3042 Class
1736 3009 1772 3041 of
1786 3008 1945 3042 Classical
1961 3009 2082 3051 Tripos
2097 3014 2130 3042 at
2146 3008 2359 3051 Cambridge,
2381 3010 2474 3052 1849.

471 3054 484 3074 ⁵
510 3055 664 3087 Minister
679 3056 717 3087 of
729 3056 846 3087 Public
862 3056 1074 3094 Instruction,
1099 3054 1240 3096 1876-7;
1258 3053 1412 3085 Minister
1426 3052 1464 3084 of
1476 3053 1504 3084 F
1506 3053 1619 3094 oreign
1635 3051 1768 3089 Affairs,
1790 3053 1883 3093 1878.
2137 3051 2151 3072 ⁶
2176 3063 2216 3095 29
2234 3051 2363 3090 March,
2383 3053 2477 3094 1849·

470 3097 484 3118 ⁷
507 3099 569 3140 Cp.
590 3099 728 3139 History
742 3099 782 3140 of
794 3100 953 3131 Classical
966 3099 1186 3140 Scholarslzip,
1202 3097 1239 3129 iii
1256 3097 1316 3139 267
1325 3096 1347 3128 f.
1450 3094 1464 3115 ⁸
1492 3096 1560 3128 The
1574 3095 1673 3127 Edict
1685 3095 1726 3138 of
1734 3096 1932 3134 Diocletz'an,
1949 3096 2002 3127 ed.
2023 3096 2116 3136 1864.
2216 3094 2229 3115 ⁹
2251 3094 2478 3128 Ambassador

471 3141 508 3173 of
522 3142 648 3173 France
665 3147 699 3173 to
716 3143 881 3183 England,
906 3142 1063 3184 1883—93.

1448 3223 1498 3258 44
