2704 3770
810 333 995 383 Prince
1029 335 1236 384 Roland
1263 335 1561 399 Bonaparte.
1633 336 1701 386 E.
1738 353 1834 385 van
1868 336 2112 386 Beneden.

455 485 495 518 et
515 477 782 519 Parmenidis1
801 486 841 519 et
866 479 1059 519 Heracliti
1079 480 1214 520 denuo
1233 492 1361 531 nuper
1379 479 1498 519 editi⁹
1517 479 1711 519 editorem
1730 478 1929 527 eximium,
1952 479 2021 531 qui
2047 479 2330 520 Demosthenis
2354 478 2468 518 inter-

455 547 608 592 pretem
638 540 888 592 Didymum',
916 541 1140 582 Aristotelis
1170 541 1429 593 Physicorum
1457 541 1713 593 interpretem
1741 541 2019 593 Simplicium⁴,
2044 542 2266 582 Aristotelis
2294 541 2468 593 denique

457 602 652 654 discipuli,
688 603 965 655 Theophrasti,
1001 605 1052 644 de
1089 605 1381 644 characteribus
1419 604 1597 644 libellum
1635 606 1869 651 aureolum⁵,
1903 604 2054 656 optime
2090 605 2298 645 recensuit.
2356 603 2467 654 Quid

457 664 589 704 dicam
609 666 660 705 de
679 666 926 706 medicorum
950 667 1193 706 Graecorum
1218 666 1316 707 serie
1340 680 1484 718 magna
1506 667 1558 706 ab
1577 667 1799 707 Academia
1826 668 2072 708 Berolinensi
2096 668 2281 721 auspiciis
2306 667 2467 720 optimis

457 726 626 775 edenda,
657 727 707 766 de
736 740 815 778 qua
843 726 939 779 ipse,
968 727 1209 767 Academiae
1238 727 1341 767 illius
1370 741 1473 767 unus
1501 742 1523 767 e
1553 727 1740 768 ministris
1769 728 2001 780 praecipuis,
2032 729 2177 769 totiens
2206 737 2287 769 tam
2315 729 2469 770 erudite

457 788 605 828 rettulit
617 789 654 828 ?⁶
695 789 843 837 Hodie,
862 789 995 830 Caroli
1011 790 1168 829 Darwin
1184 790 1416 830 memoriam
1431 790 1665 842 propediem
1682 792 1926 841 celebraturi,
1941 794 2195 833 recordamur
2211 792 2468 844 Empedoclis

457 849 498 889 in
527 850 681 902 placitis
709 852 760 891 ab
789 852 867 891 hoc
895 851 978 891 viro
1006 851 1107 891 inter
1131 854 1368 904 Fragmenta
1397 853 1709 893 Praesocratica⁷
1734 855 1822 905 plus
1849 868 1969 906 quam
1996 857 2119 895 semel
2147 855 2310 896 feliciter
2337 854 2466 904 editis,

460 915 470 933 ‘
483 921 670 965 quattuor
688 916 828 954 saltem
848 914 1019 954 veritatis
1040 915 1229 955 scintillas
1249 915 1369 955 fuisse
1387 916 1588 955 abstrusas
1602 931 1613 965 3
1641 916 1824 968 primum,
1842 917 1945 958 vitae
1964 917 2156 970 originem
2176 917 2366 970 paulatim
2381 931 2468 958 esse

459 984 635 1016 exortam
648 992 660 1026 3
688 977 846 1026 deinde,
864 980 1019 1029 plantas
1037 977 1145 1029 prius
1164 991 1284 1030 quam
1303 978 1489 1018 animalia
1509 993 1595 1019 esse
1610 986 1722 1019 natas
1736 994 1746 1029 3
1775 980 1901 1028 tertio,
1919 982 2132 1020 formarum
2148 981 2467 1033 imperfectamm

458 1038 498 1078 in
528 1041 661 1080 locum
690 1042 836 1081 formas
864 1042 1057 1093 perfectas
1085 1054 1171 1081 esse
1199 1049 1304 1081 ortas
1316 1055 1328 1090 3
1356 1041 1531 1093 denique
1560 1043 1774 1082 formarum
1803 1044 2064 1095 perfectarum
2093 1051 2223 1084 ortum
2252 1045 2467 1084 formarum

459 1099 590 1141 minus
609 1103 871 1153 perfectarum
891 1101 1069 1142 interitus
1089 1115 1176 1142 esse
1195 1115 1356 1142 causam
1370 1101 1409 1141 '⁸.

567 1164 685 1203 Duco
723 1165 776 1203 ad
813 1177 884 1203 vos
921 1164 1048 1203 virum
1086 1163 1126 1203 in
1165 1164 1419 1216 philosophia
1457 1164 1684 1216 praesertim
1725 1167 1877 1206 Graeca
1909 1166 2120 1215 eruditum,
2155 1166 2282 1206 virum
2318 1166 2371 1206 de
2406 1171 2467 1205 tot

456 1224 672 1265 litterarum
710 1234 750 1266 et
787 1226 1039 1267 scientiarum
1078 1227 1307 1268 Academiis
1344 1227 1512 1267 vinculis
1553 1227 1762 1268 artioribus
1805 1229 2084 1269 consociandis
2127 1229 2230 1270 bene
2267 1227 2463 1276 meritum,

458 1287 751 1326 HERMANNUM
782 1289 926 1328 D1ELs.

1264 1469 1327 1515 24
1353 1454 1496 1521 June
1537 1471 1662 1516 1909

457 1570 733 1634 Centenary
759 1569 823 1633 of
846 1569 925 1618 tlze
959 1570 1117 1618 Birtlz
1151 1571 1216 1635 of
1243 1570 1449 1621 Charles
1476 1571 1710 1630 Darwz'n‚
1739 1572 1847 1621 and
1867 1571 2084 1636 Fz‘ftz‘etlz
2110 1572 2164 1620 A
2170 1572 2466 1638 nniversam!

833 1653 896 1717 of
920 1653 1001 1702 tlze
1037 1655 1353 1704 Publz'catz'on
1388 1657 1452 1720 of
1475 1656 1556 1705 the
1590 1657 1775 1721 Orzgin
1809 1656 1873 1720 of
1899 1655 2090 1720 Species

561 1773 822 1811 DmmsslME
843 1771 1030 1822 Domine,
1054 1772 1229 1814 Domine
1250 1773 1505 1823 Cancellarie,
1528 1781 1568 1814 et
1587 1781 1671 1814 tota
1690 1773 1909 1814 Academia
1924 1789 1988 1814 :—

559 1845 675 1899 (511)
694 1847 854 1886 AGMEN
875 1847 1073 1887 honorum
1094 1855 1320 1888 nostrorum
1341 1848 1451 1889 ducit
1470 1849 1592 1889 hodie
1612 1847 1859 1900 imperatoris
1879 1846 2012 1899 magni
2027 1846 2154 1886 fratris
2169 1853 2264 1886 natu
2280 1845 2464 1887 minoris'

450 1923 587 1962 nepos,
609 1909 722 1950 cuius
741 1910 926 1950 avunculi
952 1910 1126 1962 insignes
1153 1910 1406 1951 scientiarum
1432 1925 1454 1951 e
1481 1911 1693 1963 provinciis
1719 1911 1821 1951 inter
1843 1924 1884 1950 se
1908 1909 2071 1950 diversis
2096 1911 2248 1961 palmas
2273 1908 2461 1961 plurimas

449 1972 666 2012 tulerunt¹⁰.
725 1972 829 2023 Ipse,
861 1973 1209 2024 Francogallorum
1238 1972 1278 2011 in
1310 1972 1532 2024 Republica
1562 1972 1743 2021 maxima,
1775 1979 1814 2012 et
1848 1971 2024 2011 Instituti
2057 1970 2300 2011 celeberrimi
2331 1971 2461 2011 socius

449 2042 488 2074 et
517 2034 724 2074 Societatis
754 2034 1053 2086 Geographicae
1081 2048 1240 2086 praeses
1269 2036 1352 2074 iure
1381 2036 1536 2086 optimo
1565 2043 1624 2075 est
1647 2036 1807 2074 electus.
1867 2033 1974 2074 Olim
2000 2032 2214 2084 geologiae‚
2237 2032 2457 2081 botanicae‚

449 2097 662 2148 zoologiae,
703 2097 1040 2148 anthropologiae,
1081 2097 1221 2137 studiis
1268 2111 1350 2137 non
1393 2097 1478 2138 sine
1519 2097 1643 2148 gloria
1684 2097 1854 2145 deditus,
1895 2110 1977 2137 non
2025 2097 2148 2136 modo
2192 2096 2320 2147 gentis
2365 2109 2460 2136 suae

448 2157 700 2206 incunabula,
715 2157 885 2198 insulam
906 2158 1121 2207 Corsicam,
1137 2160 1208 2198 sed
1228 2158 1348 2199 etiam
1368 2158 1462 2199 solis
1482 2159 1643 2199 orientis
1662 2158 1703 2198 in
1719 2158 1879 2210 regione
1895 2157 2043 2197 insulas
2058 2156 2460 2198 remotiores¹¹victor

449 2220 541 2260 felix
560 2221 785 2272 exploravit.
846 2222 960 2261 Idem
984 2221 1090 2262 orbis
1117 2221 1256 2261 veteris
1282 2235 1304 2261 e
1331 2221 1583 2262 scientiarum
1610 2221 1747 2261 castris
1772 2228 1879 2260 trans
1905 2233 2053 2271 aequor
2079 2219 2325 2259 Atlanticum
2349 2219 2459 2272 pacis

449 2284 605 2322 satelles
625 2290 684 2322 est
704 2283 916 2334 profectus,
936 2284 1043 2323 velut
1062 2285 1159 2323 alter
1179 2284 1325 2324 Caesar
1346 2287 1356 2305 ‘
1368 2283 1546 2323 victrices
1565 2283 1717 2334 aquilas
1736 2282 1858 2322 alium
1877 2284 2026 2321 laturus
2045 2281 2086 2320 in
2105 2281 2244 2321 orbem
2257 2282 2309 2321 Ἦ.

557 2347 771 2386 Praesento
791 2345 903 2386 vobis
923 2345 1031 2398 pacis
1051 2346 1091 2385 in
1111 2345 1260 2386 artibus
1280 2345 1469 2386 victorem
1490 2345 1657 2394 felicem,
1675 2344 1899 2397 Principem
1917 2346 2168 2384 ROLANDUM
2184 2346 2456 2384 BONAPARTE.

557 2446 671 2499 (512)
703 2449 869 2488 Ductori
890 2455 1026 2488 nostro
1045 2447 1247 2500 proximus
1266 2447 1514 2500 progreditur
1534 2449 1746 2500 Belgarum
1766 2461 1789 2488 e
1808 2454 1926 2499 gente
1945 2446 2084 2494 vicina,
2109 2445 2391 2486 Leodiensium
2410 2459 2459 2486 ex

449 2509 717 2550 Universitate
754 2509 909 2562 insigni,
948 2511 1147 2562 professor
1187 2511 1420 2562 praeclarus,
1461 2510 1665 2562 Biologiae
1702 2509 1966 2549 Archivorum
2003 2509 2198 2555 fundator,
2239 2507 2458 2560 cytologiae

448 2571 664 2612 hodiernae
684 2572 877 2619 conditor,
900 2571 980 2622 qui,
1002 2571 1043 2611 in
1063 2585 1183 2623 opere
1203 2571 1388 2624 singulari
1408 2573 1460 2612 de
1480 2572 1668 2611 Ascaride
1682 2572 1980 2622 megaloceplzala
2000 2569 2237 2620 conscripto,
2252 2568 2456 2621 utriusque

448 2646 563 2673 sexus
601 2634 830 2673 cellularum
869 2634 1034 2673 nucleos
1072 2633 1191 2672 etiam
1229 2633 1270 2673 in
1304 2633 1581 2685 morphologia
1611 2633 1719 2673 idem
1752 2634 1882 2672 valere
1916 2631 2123 2683 diligenter
2160 2630 2457 2672 demonstravit.

449 2696 565 2735 Idem
608 2696 659 2734 de
700 2693 1034 2745 vespertilionum,
1074 2695 1314 2744 rodentium,
1354 2703 1658 2743 crustaceorum,
1699 2693 1965 2734 tunicatorum
2007 2691 2285 2743 embryologia,
2325 2693 2457 2744 deque

448 2758 759 2808 Dicyemidorum
791 2757 938 2803 formis,
967 2758 1121 2809 egregie
1154 2757 1379 2810 disputavit.
1439 2757 1563 2809 Atqui
1596 2758 1695 2797 haec
1725 2755 1861 2796 omnia
1893 2755 2096 2795 nonnullis
2128 2761 2300 2794 vestrum
2334 2767 2455 2805 quam

448 2819 564 2859 nobis
584 2818 739 2859 notiora
762 2825 854 2858 sunt
866 2832 877 2867 3
906 2818 1005 2858 illud
1027 2826 1162 2859 autem
1184 2819 1301 2859 nobis
1324 2833 1407 2859 non
1430 2819 1623 2871 ignotum,
1644 2817 1847 2869 zoologiae
1870 2817 2133 2868 professorem
2159 2823 2240 2855 tam
2263 2815 2455 2856 illustrem

449 2882 649 2922 Francisci
669 2880 858 2922 Balfourii
877 2881 1002 2921 nostri
1020 2881 1194 2921 amicum
1214 2881 1311 2921 olim
1331 2883 1490 2922 fidelem
1511 2881 1643 2921 fuisse.

557 2944 676 2983 Duco
695 2944 748 2983 ad
767 2956 837 2982 vos
857 2944 1104 2983 EDVARDUM
1124 2955 1181 2982 DE
1202 2945 1426 2983 BENEDEN.

535 3035 548 3056 ²
575 3038 668 3080 1897,
685 3037 750 3070 and
765 3037 800 3070 in
817 3038 932 3070 Poh'tac
947 3037 1147 3078 Philosophi,
1167 3046 1260 3080 1901.
1391 3035 1405 3057 ²
1426 3036 1512 3079 June
1531 3045 1623 3079 1909.
1740 3033 1754 3053 ⁸
1780 3043 1873 3077 1904.
1990 3030 2005 3052 ⁴
2030 3032 2189 3075 1882-95·
2319 3029 2334 3051 ³
2358 3040 2451 3082 ¹9⁰9·

448 3078 462 3099 ⁶
489 3081 625 3122 1905-6.
814 3080 828 3102 ⁷
850 3081 904 3113 ed.
922 3091 952 3120 2,
975 3079 1112 3123 1906—7.
1292 3078 1307 3100 ⁸
1329 3080 1376 3112 H.
1394 3080 1432 3112 F.
1453 3079 1598 3116 Osborn‚
1615 3078 1714 3110 From
1730 3077 1785 3110 tlte
1801 3076 1918 3109 Greeks
1932 3079 1962 3108 to
1977 3076 2139 3113 Dar-min,
2155 3086 2189 3118 p.
2207 3086 2260 3115 41,
2279 3075 2402 3118 quoted
2418 3085 2453 3107 m

447 3123 595 3155 Darwin
609 3124 683 3155 and
693 3124 834 3156 Modern
850 3125 986 3161 Science,
1007 3133 1100 3166 1909,
1117 3134 1152 3166 p.
1168 3137 1200 3164 4.
1370 3123 1384 3144 9
1409 3123 1526 3156 Prince
1543 3122 1679 3155 Lucien.
1847 3118 1874 3140 ¹⁰
1897 3119 2015 3152 Prince
2031 3119 2180 3157 Charles,
2196 3118 2253 3151 the
2269 3118 2453 3156 naturalist,

447 3166 515 3199 and
532 3167 649 3200 Prince
666 3167 780 3207 Louis,
797 3168 853 3200 the
870 3167 1074 3214 philologist.
1165 3165 1189 3186 ¹¹
1215 3166 1370 3200 Surinam
1385 3167 1452 3198 and
1465 3166 1562 3208 Java.
1694 3162 1720 3184 ¹²
1743 3164 1869 3202 Lucan,
1886 3174 1907 3195 v
1924 3163 1996 3205 238.

1409 3239 1486 3276 228
