2704 3770
651 317 854 382 Rowley
887 316 1025 366 Hill.
1087 315 1355 382 Jonatlzan
1389 316 1523 365 Holt
1566 316 1617 364 Τ
1611 317 1794 365 z'tcomb.

213 470 255 506 et
271 462 467 516 originem
486 462 669 503 omnium
684 468 871 515 repetere.
931 462 1096 512 Quanta
1115 460 1233 513 igitur
1251 461 1371 501 laude
1389 459 1449 500 vir
1473 459 1539 500 hic
1561 460 1707 512 dignus
1733 467 1805 509 est,
1827 461 1897 512 qui
1914 462 2050 501 adhuc
2074 460 2240 507 iuvenis,

212 524 382 567 aliorum
406 524 534 577 magis
561 537 684 577 quam
712 537 786 564 suo
814 524 1045 572 commodo,
1066 530 1127 563 tot
1154 530 1277 563 terras
1305 521 1539 570 lustraverit,
1564 523 1748 562 lustratas
1774 522 1940 562 feliciter
1965 522 2240 574 descripserit;

212 587 283 641 qui
296 587 512 629 maturiore
525 594 667 637 aetate,
684 594 744 627 tot
762 585 975 638 generibus
993 584 1259 625 animantium
1279 593 1319 625 et
1338 599 1475 625 earum
1495 598 1626 625 rerum
1646 598 1746 636 quas
1766 592 1869 624 terra
1888 583 2012 636 gignit
2033 585 2242 637 diligenter

211 651 468 705 investigatis,
486 651 544 692 illi
562 650 792 704 praesertim
813 649 890 702 legi
908 649 1217 690 constituendae
1242 662 1407 701 operam
1435 648 1603 697 dederit,
1626 661 1706 700 qua
1728 648 1875 688 docere
1901 655 2069 688 conatus
2094 655 2165 696 est,
2188 647 2242 687 ita

211 727 236 756 e
261 721 458 768 perpetuo
486 727 611 767 prope
638 714 692 754 ad
714 711 1031 753 internecionem
1057 712 1345 752 debellantium
1369 710 1587 751 certamine
1611 710 1860 762 aptissimam
1886 723 2090 762 quamque
2115 723 2243 750 novae

212 777 325 831 stirpi
342 778 626 831 propagandae
645 776 819 830 speciem
835 775 964 816 vivam
985 775 1270 828 victricemque
1290 788 1510 827 superesse,
1531 782 1576 815 ut
1601 781 1662 814 tot
1687 773 1840 826 species
1866 774 1970 815 inter
1995 788 2037 815 se
2063 774 2242 815 diversae

211 839 291 881 alia
307 853 358 882 ex
374 840 454 882 alia
471 839 700 881 minutatim
718 852 789 890 per
807 838 1046 879 immensam
1066 851 1265 878 annorum
1285 837 1426 878 seriem
1447 836 1626 889 generari
1645 836 1859 888 potuerint.

679 907 812 947 ‘Usus
840 912 881 945 et
908 904 1100 957 impigrae
1128 904 1248 944 simul
1276 902 1520 956 experientia
1549 903 1695 943 mentis

701 958 894 1012 paulatim
922 958 1060 999 docuit
1088 958 1352 1011 pedetemtim
1380 957 1692 1010 progredientes.

703 1014 760 1055 sic
789 1013 1112 1066 unumquicquid
1141 1013 1332 1066 paulatim
1361 1011 1557 1064 protrahit
1584 1019 1694 1052 aetas

703 1069 745 1109 in
774 1068 965 1117 medium,
997 1068 1178 1120 ratioque
1206 1067 1247 1107 in
1277 1067 1439 1108 luminis
1468 1066 1581 1119 erigit
1610 1080 1710 1107 oras.

702 1136 879 1175 namque
907 1123 989 1164 alid
1017 1136 1065 1163 ex
1093 1122 1172 1163 alio
1201 1124 1418 1163 clarescere
1447 1129 1486 1162 et
1515 1121 1656 1162 ordine
1685 1121 1808 1162 debet

699 1179 886 1226 omnibus,
916 1179 969 1218 ad
998 1191 1201 1218 summum
1231 1178 1363 1218 donec
1390 1189 1536 1217 venere
1564 1177 1805 1217 cacumen’1.

320 1248 386 1288 Tu
405 1259 510 1296 vero,
532 1245 602 1299 qui
621 1247 728 1298 leges
749 1252 913 1285 naturae
932 1251 1015 1285 tam
1035 1245 1156 1285 docte
1174 1243 1440 1291 illustraveris,
1464 1244 1618 1295 Legum
1640 1244 1795 1284 Doctor
1813 1242 1932 1283 nobis
1952 1250 2050 1283 esto.

321 1310 441 1351 Duco
459 1309 514 1350 ad
531 1322 604 1350 vos
623 1309 840 1351 CAROLUM
863 1308 1061 1347 DAme.
1389 1324 1394 1328 -

1078 1471 1109 1516 6
1144 1467 1264 1517 Dec.
1312 1469 1438 1530 1877

321 1600 383 1655 (8)
421 1601 548 1642 Nom
584 1608 645 1642 est
681 1600 871 1642 omnibus
911 1603 1040 1642 Mona
1076 1600 1143 1640 illa
1180 1600 1311 1641 insula
1344 1614 1459 1654 quae,
1492 1601 1534 1641 in
1572 1601 1708 1642 medio
1745 1615 1863 1642 cursu
1901 1600 2005 1641 inter
2041 1600 2244 1653 Angliam,

214 1665 466 1714 Hiberniam,
495 1665 761 1707 Caledoniam
789 1665 930 1717 posita,
959 1679 1043 1706 non
1074 1666 1198 1705 modo
1222 1666 1356 1717 legum
1385 1666 1585 1706 veteribus
1611 1665 1801 1706 institutis
1828 1672 1868 1705 et
1896 1677 1971 1705 suo
1999 1665 2102 1705 colle
2130 1678 2244 1705 sacro

211 1729 372 1781 gaudet,
393 1729 466 1769 sed
484 1727 686 1780 religionis
705 1727 826 1768 etiarn
855 1727 1008 1780 priscae
1031 1727 1304 1768 monumentis
1330 1727 1511 1779 plurimis
1539 1735 1660 1780 atque
1689 1728 1792 1767 inter
1817 1727 1966 1767 insulas
1993 1726 2244 1768 Britannicas

211 1791 394 1834 omnium
431 1790 711 1843 antiquissimo
747 1790 936 1843 gloriatur
972 1790 1218 1843 episcopatu.
1291 1791 1354 1830 Illi
1391 1791 1510 1843 igitur
1546 1792 1699 1833 insulae
1737 1791 1778 1831 in
1812 1791 1931 1832 rebus
1965 1790 2085 1831 sacris
2117 1804 2245 1843 nuper

209 1853 360 1907 placuit
374 1855 483 1894 hunc
498 1854 711 1906 praeficere
723 1852 961 1905 praesidem,
979 1853 1148 1906 Collegii
1164 1854 1335 1894 Sanctae
1351 1861 1390 1894 et
1407 1854 1646 1895 Individuae
1658 1853 1865 1894 Trinitatis
1879 1854 2100 1902 alumnum,
2114 1852 2243 1893 virum

210 1924 430 1966 strenuum,
450 1916 655 1965 disertum,
677 1917 944 1968 prudentem3
972 1916 1072 1956 nihil
1096 1924 1319 1957 tentantem
1346 1919 1457 1969 quod
1480 1931 1563 1958 non
1587 1931 1660 1970 pro
1683 1917 1784 1958 virili
1810 1916 1999 1969 perficiat,
2023 1930 2243 1957 memorem

211 1993 308 2021 sane
327 1979 432 2020 tituli
451 1979 513 2020 sui
532 1979 691 2028 nobilis,
713 1993 759 2019 ne
778 1984 894 2019 tentes
912 1985 987 2018 aut
996 1979 1148 2030 perfice.
1206 1979 1295 2020 Illic
1314 1987 1408 2020 ante
1428 1982 1568 2020 oculos
1589 1994 1746 2032 semper
1771 1979 1938 2020 habebit
1963 1979 2242 2031 episcoporum

209 2041 387 2096 priorum
415 2041 524 2095 piam
553 2040 801 2090 memoriam,
832 2055 1004 2093 quorum
1038 2055 1061 2082 e
1091 2054 1260 2082 numero
1289 2042 1498 2083 nominare
1528 2042 1636 2083 iuvat
1669 2041 1824 2082 socium
1858 2041 2040 2082 eiusdem
2074 2040 2244 2093 Collegii

213 2107 399 2146 Marcum
425 2103 647 2156 Hildesley‚
670 2103 740 2156 qui
765 2104 888 2144 verbo
916 2105 994 2145 Dei
1020 2103 1063 2144 in
1091 2104 1268 2157 linguam
1297 2105 1559 2145 Monensium
1585 2118 1714 2156 usque
1739 2105 1792 2144 ad
1816 2106 1938 2144 finem
1965 2103 2135 2153 reddito,
2156 2110 2242 2143 turn

210 2168 378 2208 demum
397 2166 480 2207 voti
506 2167 568 2207 sui
590 2179 771 2218 compos,
793 2167 1184 2218 appropinquantem
1214 2166 1318 2207 vitae
1345 2167 1467 2207 finem
1493 2180 1625 2219 aequo
1651 2168 1788 2207 animo
1814 2166 2061 2218 expectavit;
2090 2173 2245 2218 premet

210 2230 298 2284 ipsa
317 2229 481 2283 vestigia
498 2229 571 2271 viri
590 2243 681 2271 vere
700 2229 937 2282 Apostolici,
959 2231 1144 2271 Thomae
1164 2230 1330 2278 Wilson‚
1351 2230 1465 2271 cuius
1484 2244 1627 2271 aureus
1647 2230 1805 2271 libellus
1826 2230 1895 2282 qui
1922 2231 2046 2270 Sacra
2070 2229 2243 2269 Privata

210 2293 438 2335 inscribitur
457 2307 540 2335 non
561 2293 694 2334 minus
717 2293 834 2334 annis
860 2293 1142 2334 maturioribus
1165 2295 1497 2335 accommodatus
1524 2302 1595 2345 est,
1618 2308 1740 2346 quarn
1767 2302 1927 2335 tenerae
1954 2293 2243 2346 discipulorum

209 2357 330 2399 aetati
349 2357 467 2398 huius
486 2357 558 2398 viri
576 2357 723 2410 scripta
741 2357 888 2410 quibus
907 2371 1046 2410 preces
1066 2358 1251 2410 publicae
1273 2358 1478 2398 Ecclesiae
1498 2357 1745 2411 Anglicanae
1765 2357 2023 2410 explicantur.
2082 2355 2243 2396 Talium

211 2420 384 2462 virorum
404 2422 607 2473 exemplar
629 2420 702 2460 erit
727 2420 821 2461 huic
847 2421 931 2461 viro
957 2421 1049 2462 felix
1067 2420 1109 2461 in
1129 2422 1304 2461 futurum
1326 2435 1448 2462 omen
1462 2435 1472 2470 ;
1502 2421 1568 2462 ille
1594 2422 1714 2462 etiam
1741 2421 1878 2462 titulus
1905 2420 1974 2473 qui
1997 2420 2039 2460 in
2066 2420 2242 2460 nummis

213 2482 475 2524 Monensium
508 2483 723 2535 legebatur,
755 2483 849 2523 huic
882 2491 989 2524 certe
1021 2484 1118 2531 viro,
1149 2497 1255 2525 novo
1286 2484 1403 2524 titulo
1437 2484 1560 2525 hodie
1590 2485 1785 2533 ornando,
1821 2497 1896 2524 usu
1930 2490 1970 2523 et
2000 2483 2243 2535 experientia

211 2560 446 2600 magnarum
475 2546 634 2588 urbium
663 2554 844 2599 spectato
872 2554 912 2587 et
940 2547 1122 2598 probato,
1150 2560 1297 2587 novam
1326 2547 1573 2600 provinciam
1601 2548 1706 2600 pede
1734 2548 1866 2587 fausto
1895 2560 2023 2599 nuper
2050 2546 2241 2598 ingresso,

211 2608 410 2662 optimum
430 2608 614 2650 omnium
634 2608 837 2662 portendit
855 2609 1079 2661 auspicium
1095 2623 1380 2660 z-quocunque
1398 2611 1527 2649 zkcertlr
1545 2610 1671 2649 stabit.

320 2672 441 2712 Duco
460 2672 513 2713 ad
533 2684 604 2712 vos
623 2670 751 2711 virum
771 2672 994 2711 admodum
1014 2672 1291 2720 reverendum,
1314 2673 1501 2711 RowlAEv
1522 2673 1649 2720 H1LL,
1671 2670 1907 2723 episcopum
1928 2671 2184 2711 Monensem.

319 2816 382 2870 (9)
430 2816 573 2858 Indiae
609 2816 931 2869 septentrionalis
972 2818 1208 2870 episcopum
1246 2818 1476 2871 provinciae
1514 2818 1632 2858 nimis
1670 2819 1828 2870 amplae
1866 2817 2070 2858 laboribus
2107 2817 2241 2858 arduis

210 2892 448 2933 oppressum
473 2892 601 2931 nuper
625 2879 755 2920 visum
783 2887 844 2920 est
872 2880 1033 2921 duobus
1062 2880 1210 2921 additis
1237 2880 1436 2933 episcopis
1460 2881 1677 2929 sublevare,
1700 2893 1872 2932 quorum
1892 2879 1973 2929 uni,
1995 2879 2241 2920 Academiae

211 2941 454 2984 Oxoniensis
478 2943 656 2990 alumno,
675 2943 760 2982 viro
786 2941 904 2982 bonis
930 2943 1120 2983 omnibus
1146 2942 1327 2989 dilect0²,
1349 2942 1493 2983 tradita
1519 2950 1579 2982 est
1605 2942 1671 2982 illa
1695 2942 1874 2994 quinque
1894 2942 2105 2982 fluviorum
2125 2949 2239 2990 terra,

211 3019 316 3060 quae
353 3006 584 3046 Alexandro
622 3005 764 3046 restitit
801 3006 965 3046 ultimus
1002 3006 1190 3047 itinerum
1227 3006 1448 3055 terminus;
1492 3005 1618 3056 alteri,
1651 3005 1734 3046 viro
1772 3005 1866 3046 huic
1905 3005 2239 3058 Cantabrigiensi,

210 3067 485 3109 Wintonensis
505 3068 697 3109 ecclesiae
717 3068 881 3109 honoris
900 3081 1021 3109 causa
1041 3069 1261 3118 Canonico,
1284 3069 1392 3121 regio
1413 3068 1645 3109 Burmensis
1665 3067 1865 3108 destinata
1888 3076 1959 3118 est,
1981 3070 2083 3109 ultra
2108 3068 2240 3121 ipsum

512 3158 526 3180 ¹
549 3159 734 3198 Lucretius,
751 3170 772 3193 v
786 3160 835 3192 ad
833 3159 956 3203 finem.
1458 3158 1474 3179 ²
1495 3159 1645 3193 Thomas
1661 3160 1771 3203 Valpy
1788 3159 1930 3193 French.

1217 3246 1236 3285 7
