2704 3770
619 306 804 371 George
838 306 1016 355 Evans
1050 307 1238 355 Moule.
1317 305 1528 355 Charles
1567 307 1850 372 Creighton.

1041 512 1100 561 27
1139 499 1270 564 May
1313 500 1440 548 1880

334 622 422 677 (35)
461 623 656 672 opums,
684 630 729 663 ut
754 623 920 673 videtur,
948 623 1136 677 auspiciis
1162 623 1285 665 hodie
1312 625 1462 664 salvere
1490 623 1676 664 iubemus
1705 636 1830 663 unum
1861 636 1909 663 ex
1934 622 2038 662 illius
2064 623 2251 675 Collegii¹

223 685 408 735 alumnis,
430 698 479 725 ex
504 698 586 737 quo
615 692 676 726 tot
700 686 801 726 lucis
831 686 990 727 divinae
1013 686 1143 727 nuntii
1171 688 1224 727 ad
1248 694 1443 727 extremas
1467 685 1630 726 orientis
1656 699 1745 725 oras
1774 685 1965 725 exierunt.
2024 685 2249 724 Salutamus

224 749 352 790 virum
385 748 454 802 qui
486 748 690 789 laboribus
720 751 840 790 sacris
869 752 972 790 inter
1000 750 1188 791 Sinenses
1216 749 1416 790 obeundis
1445 751 1535 802 plus
1564 762 1686 800 quarn
1715 747 1853 800 viginti
1881 761 2078 788 annorum
2107 747 2249 788 seriem

223 811 362 853 animo
397 809 659 852 devotissimo
692 811 903 862 dedicavit,
939 812 1009 865 qui
1046 826 1138 853 cum
1178 812 1247 852 illo
1280 813 1484 864 episcopo,
1521 810 1676 863 optimo
1709 810 1804 858 viro,
1837 810 2103 857 consociatus,
2138 810 2250 850 cuius

224 874 426 916 demortui
456 874 499 929 in
529 875 663 915 locum
695 889 790 916 mox
822 876 1132 925 consecrabitur,
1173 876 1378 917 Ecclesiae
1416 875 1662 927 Anglicanae
1699 887 1837 926 preces
1875 873 2055 926 publicas
2093 873 2251 913 illorum

224 937 267 978 in
303 937 480 990 linguam
514 936 700 987 reddidit,
736 937 804 989 qui
842 939 1065 979 eorundem
1104 938 1145 977 in
1184 951 1302 978 usum
1340 945 1380 977 et
1417 936 1595 976 carmina
1632 949 1743 976 sacra
1779 935 1950 988 plurima
1987 934 2180 982 condidit,
2212 941 2252 974 et

226 999 535 1053 Evangeliorum
564 1008 794 1041 sanctorum
823 1009 863 1042 et
891 1001 1064 1054 primum
1093 1008 1134 1042 et
1162 1001 1347 1041 ultimum
1377 1014 1535 1040 summa
1564 1000 1644 1040 fide
1672 999 1950 1051 interpretatus
1979 1006 2049 1038 est.

335 1065 444 1105 Illud
472 1077 566 1104 vero
597 1064 794 1116 optimum
826 1065 1036 1117 augurium
1070 1078 1157 1105 esse
1186 1064 1434 1112 arbitramur,
1467 1064 1579 1115 quod
1618 1062 1754 1103 Sancti
1794 1062 1958 1102 Ioannis
1995 1061 2251 1113 interpretem

225 1127 436 1169 Sinensem
456 1141 507 1169 eo
525 1127 615 1181 ipso
634 1130 730 1168 anni
749 1129 816 1170 die
836 1131 1066 1177 salutamus,
1084 1129 1153 1181 qui
1170 1130 1330 1169 Baedae
1346 1127 1595 1173 venerabilis,
1609 1127 1718 1167 idem
1739 1127 1987 1179 evangelium
2010 1132 2186 1166 nostram
2210 1124 2251 1163 in

222 1189 400 1243 linguam
433 1190 653 1243 antiquitus
682 1190 940 1243 interpretati,
971 1191 1189 1231 memoriae
1217 1190 1427 1231 dedicatus
1456 1197 1526 1230 est.
1593 1190 1811 1229 Pulchrum
1840 1189 1960 1229 etiam
1989 1187 2088 1228 illud
2117 1201 2249 1235 omen,

223 1253 336 1305 quod
355 1253 502 1293 eodem
521 1252 589 1293 die
609 1266 691 1304 quo
712 1253 883 1293 Floralia
903 1260 1039 1293 nostra
1059 1255 1159 1294 forte
1180 1252 1249 1305 (ne
1275 1252 1409 1292 dicam
1434 1250 1616 1302 fortasse)
1637 1251 1900 1299 celebrantur,
1922 1252 2088 1290 alumno
2114 1256 2251 1289 nostro

222 1327 248 1355 a
269 1315 394 1356 floreo
419 1314 488 1356 illo
513 1316 678 1356 orientis
703 1329 827 1368 regno
856 1329 984 1367 nuper
1007 1315 1125 1356 nobis
1154 1315 1313 1356 reddito
1337 1316 1442 1354 hanc
1465 1313 1596 1354 laudis
1622 1327 1814 1353 coronam
1839 1314 2252 1364 quantulamcumque

225 1383 439 1418 contexere
466 1390 670 1426 conamur,
699 1377 769 1429 qui
797 1385 838 1418 et
866 1377 962 1430 ipse,
991 1379 1194 1430 exemplar
1222 1376 1406 1417 omnium
1436 1375 1655 1416 maximum
1684 1383 1857 1422 secutus,
1886 1389 1934 1415 ex
1963 1374 2058 1427 ipsis
2088 1374 2252 1415 floribus

223 1446 458 1492 argumenta
483 1439 659 1480 docendi
689 1440 863 1480 mutuari
892 1454 974 1480 non
1002 1439 1204 1491 neglexit².
1265 1439 1375 1479 Felix
1404 1440 1580 1490 denique
1609 1438 1708 1478 illud
1736 1437 1974 1489 auspicium,
2000 1438 2111 1489 quod
2139 1450 2163 1476 a
2191 1436 2252 1476 sui

226 1501 396 1555 collegii
410 1501 627 1555 magistro³,
645 1503 698 1543 ab
713 1517 796 1543 uno
811 1517 859 1543 ex
873 1503 1110 1555 aequalibus
1124 1510 1246 1555 atque
1264 1503 1368 1543 adeo
1384 1515 1432 1543 ex
1451 1501 1590 1542 amicis
1611 1502 1693 1541 suis
1708 1500 1870 1550 intimis,
1887 1502 1940 1541 ad
1959 1500 2249 1552 amplissimum

224 1563 266 1604 in
285 1564 511 1617 Theologia
528 1566 697 1617 gradum
717 1578 826 1605 nunc
845 1565 1088 1606 admittetur.

337 1628 462 1679 Quod
494 1627 587 1669 felix
619 1628 736 1680 igitur
769 1629 1026 1680 faustumque
1059 1628 1119 1678 sit,
1151 1627 1224 1668 tibi
1253 1627 1407 1679 totique
1441 1626 1606 1668 Senatui
1634 1634 1846 1679 praesento
1878 1626 2006 1667 virum
2040 1633 2080 1667 et
2108 1639 2183 1666 suo
2211 1633 2251 1666 et

225 1691 388 1731 ftatrum
426 1705 590 1732 suorum
627 1691 1041 1744 Cantabrigiensium⁴
1079 1691 1244 1731 nomine
1278 1690 1395 1731 nobis
1434 1690 1820 1740 coniunctissimum,
1857 1690 1925 1743 qui
1958 1690 2096 1730 animo
2127 1703 2251 1742 prope

223 1755 397 1795 fraterno
421 1754 617 1807 populum
643 1753 754 1793 illum
783 1754 1047 1806 longinquum
1074 1761 1134 1794 tot
1159 1766 1288 1793 annos
1315 1752 1463 1796 dilexit,
1484 1752 1644 1804 quique,
1667 1766 1718 1792 ne
1745 1754 1895 1793 maiora
1921 1766 2249 1802 commemorem,

225 1815 458 1869 philosophi
505 1815 704 1857 Sinensis³
741 1816 862 1856 verba
899 1816 966 1855 illa
998 1818 1200 1868 praeclara
1237 1829 1312 1855 suo
1350 1816 1536 1867 exemplo
1570 1814 1736 1854 feliciter
1773 1814 1981 1855 illustravit
1997 1817 2073 1855 :—‘
2086 1814 2127 1854 in
2166 1822 2252 1855 toto

223 1884 416 1918 terrarum
444 1877 543 1918 orbe
570 1891 712 1918 omnes
741 1891 880 1917 sumus
909 1879 1047 1918 fratres
1060 1878 1080 1918 '.

335 1940 455 1980 Duco
482 1941 535 1981 ad
564 1953 635 1982 vos
664 1941 901 1980 GEORGIUM
933 1941 1080 1980 EVANS
1111 1942 1284 1989 MOULE,
1318 1939 1548 1980 Sinensium
1577 1938 1618 1978 in
1647 1938 1816 1990 imperio
1847 1938 1982 1979 medio
2015 1938 2251 1992 episcopum

223 2002 487 2056 designatum.

1055 2151 1082 2198 3
1109 2135 1252 2202 June
1295 2152 1311 2183 1
1324 2137 1423 2184 880

334 2258 421 2312 (36)
461 2260 616 2300 NUPER
653 2259 695 2300 in
729 2261 808 2300 hoc
841 2258 930 2310 ipso
961 2260 1052 2300 loco
1087 2261 1352 2312 professorem
1386 2259 1775 2311 eloquentissimum,
1811 2266 1897 2299 tum
1931 2261 1983 2300 de
2016 2260 2102 2300 aliis
2133 2260 2252 2300 rebus

223 2322 404 2376 plurimis
423 2323 560 2372 multa,
582 2330 669 2362 tum
689 2322 809 2363 etiam
831 2322 872 2362 in
892 2323 1055 2363 laudem
1076 2323 1205 2375 gentis
1226 2323 1474 2364 Caledoniae
1495 2325 1690 2363 nonnulla
1710 2323 1972 2364 disserentem
1993 2324 2250 2364 audivimus⁶.

225 2387 350 2437 Quod
372 2385 438 2426 ille
463 2385 594 2426 verbis
617 2393 828 2426 exsecutus
857 2393 928 2434 est,
951 2385 1056 2426 illius
1079 2386 1250 2436 adiutor,
1273 2401 1394 2439 quem
1414 2386 1537 2426 hodie
1564 2388 1793 2435 salutamus,
1821 2401 1894 2427 suo
1917 2387 2041 2439 ipsius
2068 2389 2252 2440 exemplo

223 2447 521 2489 demonstravit.
582 2447 761 2487 Primum
780 2447 883 2487 inter
902 2449 1115 2500 populares
1135 2462 1230 2489 suos
1250 2449 1496 2489 Academiae
1519 2448 1836 2489 Aberdoniensis
1860 2449 1901 2488 in
1923 2450 2064 2490 studiis
2084 2450 2251 2491 medicis

223 2510 454 2563 discipulus,
483 2510 633 2552 deinde
661 2524 822 2562 peregre
850 2512 1094 2551 Academiae
1121 2512 1391 2552 Berolinensis
1421 2513 1619 2559 alumnus,
1647 2519 1787 2564 postea
1820 2512 1923 2553 inter
1957 2513 2252 2554 Londinienses

224 2573 428 2627 stipendio
446 2573 611 2626 publico
630 2581 806 2623 ornatus,
828 2574 1093 2626 pathologicis
1113 2588 1216 2626 quae
1237 2583 1431 2615 vocantur
1450 2575 1754 2627 quaestionibus
1773 2575 2059 2628 investigandis
2086 2591 2249 2628 operam

223 2636 337 2679 dedit
350 2652 362 2687 3
389 2636 445 2678 ita
463 2644 600 2677 tamen
612 2644 668 2686 ut,
683 2638 860 2677 docendi
876 2650 1042 2677 munere
1057 2638 1168 2677 nullo
1184 2639 1355 2687 functus,
1371 2638 1473 2678 inter
1487 2639 1779 2691 aegrotantium
1795 2639 2002 2689 παθήματα
2016 2640 2250 2692 disciplinae

224 2699 406 2740 medicae
423 2698 632 2750 μαθήματα
647 2698 879 2751 exquireret.
931 2700 1071 2751 Nuper
1085 2708 1219 2740 autem
1237 2701 1561 2752 praeceptoribus
1578 2702 1732 2749 nostris,
1751 2701 1967 2741 iuventutis
1983 2703 2251 2743 Academicae

224 2775 371 2815 magno
390 2776 484 2803 cum
500 2764 642 2812 fructu,
658 2762 853 2814 ascriptus
874 2769 947 2811 est,
962 2771 1147 2814 expertus
1168 2765 1345 2812 demum,
1363 2763 1439 2803 nisi
1460 2765 1582 2810 fallor,
1597 2764 1725 2816 ipsam
1746 2778 1874 2804 rerum
1896 2765 2005 2816 prius
2025 2765 2250 2818 ignotarum

223 2825 582 2878 investigationem,
614 2839 639 2866 a
669 2825 844 2866 docendi
876 2826 1088 2878 disciplina
1118 2826 1372 2876 disiunctam‚
1399 2841 1707 2879 nonnumquam
1734 2828 1848 2879 quasi
1875 2828 2133 2870 solitudinem
2162 2844 2250 2870 esse

222 2888 375 2928 aridam
394 2889 448 2929 ab
466 2889 645 2928 humana
664 2887 855 2928 societate
874 2901 1034 2940 prorsus
1055 2890 1253 2929 desertam
1271 2905 1278 2929 z
1308 2890 1457 2930 etenim
1479 2903 1561 2929 non
1583 2891 1707 2930 modo
1733 2890 1929 2930 discendo
1949 2892 2155 2941 docemus,
2178 2894 2250 2934 sed

222 2963 272 2992 ex
299 2950 388 3004 ipso
421 2951 542 2992 etiam
568 2952 756 2992 docendo
786 2951 940 3003 aliquid
968 2951 1224 2993 addiscimus.
1287 2954 1412 2993 Hunc
1441 2953 1558 3005 igitur
1586 2953 1666 3005 qui,
1698 2967 1750 2994 ne
1779 2955 1893 3006 plura
1920 2968 2247 3005 commemorem,

309 3052 322 3074 ¹
346 3055 477 3098 Corpus
499 3055 624 3089 Christi
648 3055 798 3099 College.
1095 3056 1110 3077 ²
1135 3058 1230 3090 ‘The
1253 3058 1399 3092 Cbinese
1425 3059 1556 3092 Flower
1580 3060 1723 3092 Ballad.’
2023 3060 2037 3082 ³
2060 3062 2135 3095 The
2151 3062 2248 3095 Vice-

223 3097 436 3137 Chancellor,
455 3100 505 3132 Dr
521 3099 562 3132 E.
583 3100 629 3132 Η.
650 3100 820 3132 Perowne.
1070 3100 1084 3121 ⁴
1107 3102 1246 3134 Charles
1264 3103 1392 3135 Walter
1409 3103 1537 3142 Moule,
1557 3103 1623 3135 and
1643 3103 1802 3145 Handley
1819 3105 1902 3136 Cart
1918 3104 2006 3147 Glyn
2026 3106 2143 3138 Moule
2161 3106 2250 3147 (now

222 3141 315 3175 Lord
331 3142 457 3186 Bishop
472 3143 511 3176 of
522 3143 702 3185 Durham).
792 3142 806 3163 ⁶
827 3143 1027 3183 conracius
1043 3155 1099 3177 no.
1117 3159 1137 3187 4
1141 3156 1180 3187 32
1198 3146 1306 3188 infra.
1412 3146 1426 3167 ⁶
1450 3147 1491 3180 G.
1515 3147 1564 3179 M.
1585 3147 1775 3190 Humphry,
1797 3148 1892 3181 Rede
1909 3149 2067 3182 Lecturer
2083 3149 2133 3182 sor
2153 3151 2246 3184 1880.

1215 3231 1264 3269 23
