2704 3770
506 337 693 402 George
733 336 946 386 Gabriel
976 337 1157 387 Stokes,
1229 339 1379 388 Lord
1405 339 1662 403 Raylez'glz.
1737 339 1833 388 Sir
1863 338 2135 389 Frederz‘ck
2168 340 2313 390 Abel.

409 481 698 533 Sebastopolin.
758 483 1032 521 Recordamur
1064 481 1239 533 denique
1270 482 1323 521 ab
1355 483 1511 528 eodem,
1545 481 1792 533 imperatoris
1824 482 1956 533 magni
1985 484 2110 522 ductu
2143 490 2183 523 et
2212 482 2416 535 auspicio²‚

408 543 590 583 victorias
610 545 661 584 ab
681 545 826 594 Africa,
842 558 925 585 non
940 546 1063 585 modo
1082 544 1222 584 littoris
1237 544 1344 584 aurei
1360 558 1407 584 ex
1421 543 1667 596 propinquo²
1681 545 1752 584 sed
1772 544 1891 584 etiam
1907 543 1989 584 Nili
2003 558 2127 596 prope
2142 544 2272 594 ostia³,
2289 559 2419 598 repor-

407 614 519 647 tatas.
578 609 697 647 Illum
723 607 839 659 igitur
860 608 924 648 cui
944 607 1053 659 regni
1072 608 1192 648 totius
1212 608 1380 647 Senatus
1405 606 1565 657 publice
1585 607 1789 658 quondam
1809 606 1951 657 gratias
1970 606 2060 658 egit,
2082 608 2255 647 eundem
2282 614 2419 648 nostro

408 681 569 720 quoque
602 669 642 708 in
680 671 868 710 senaculo
899 670 1068 709 libenter
1097 670 1330 718 laudamus3
1368 668 1593 719 civiumque
1626 668 1806 707 omnium
1845 667 2019 717 nomine,
2054 668 2122 720 qui
2159 669 2214 709 ob
2250 668 2416 720 patriam

408 732 702 771 defendendam
733 745 842 771 arma
880 739 1022 783 sponte
1052 738 1315 782 sumpserunt,
1350 730 1524 770 iudicem
1554 743 1691 770 eorum
1730 729 1948 770 candidum
1986 737 2025 770 et
2063 729 2280 782 benignum
2316 729 2417 770 Iuris

410 795 627 833 Doctorem
658 794 798 834 merito
826 807 1016 833 creamus.

518 857 634 895 Duco
654 857 706 895 ad
724 869 795 895 vos
815 856 1067 895 baronettum
1090 855 1309 907 ‘insignem
1329 856 1434 894 fama
1453 862 1492 895 et
1512 854 1693 894 felicibus
1712 854 1830 894 armis
1843 854 1881 903 '⁴,
1899 856 2219 894 ARCHIBALDUM
2240 857 2414 895 Auson.

515 980 629 1032 (138)
685 981 910 1020 Salutamus
965 979 1154 1031 deinceps
1200 978 1349 1030 Regiae
1396 978 1602 1018 Societatis
1648 978 1882 1030 praesidem,
1927 980 2190 1031 professorem
2237 987 2416 1019 nostrum

408 1042 685 1091 Lucasianum‚
716 1043 950 1081 Senatorum
980 1049 1203 1081 nostrorum
1232 1041 1413 1081 omnium
1444 1055 1641 1081 consensu
1673 1042 1899 1082 Britanniae
1925 1042 2181 1082 Senatoribus
2209 1042 2391 1082 additum
2405 1057 2417 1092 3

407 1117 527 1155 quem
552 1104 592 1143 in
620 1116 783 1142 munere
809 1103 876 1142 illo
902 1103 1044 1154 triplici
1071 1103 1255 1143 Newtoni
1281 1103 1405 1142 nostri
1431 1102 1471 1142 in
1497 1102 1667 1154 vestigiis
1691 1102 1870 1143 insistere
1888 1105 2112 1155 gloriamur.
2168 1103 2293 1155 Atqui
2317 1103 2414 1155 ipse,

406 1180 486 1218 qua
505 1175 562 1206 est
583 1179 738 1205 morum
760 1165 950 1204 suavitate
970 1172 1009 1204 et
1029 1165 1234 1214 modestia,
1256 1165 1319 1204 vix
1341 1164 1409 1204 tali
1432 1178 1519 1204 sese
1542 1166 1694 1204 honore
1713 1164 1906 1216 dignatur,
1928 1167 1999 1206 sed
2024 1179 2048 1205 a
2070 1167 2211 1217 plausu
2236 1164 2416 1217 populari

406 1235 581 1267 remotus
614 1234 653 1266 et
686 1228 872 1275 seclusus,
903 1227 1096 1278 templum
1125 1227 1330 1277 quoddam
1359 1239 1542 1266 serenum
1571 1233 1751 1278 occupat,
1782 1226 1851 1265 ubi
1879 1226 2095 1266 reverentia
2123 1227 2258 1267 debita
2285 1239 2415 1266 rerum

406 1298 568 1330 naturae
588 1290 776 1329 miracula
795 1297 1068 1340 perscrutatur,
1090 1289 1160 1329 ubi
1183 1289 1243 1328 ‘in
1267 1290 1437 1329 statione
1462 1291 1672 1340 tranquilla
1697 1291 1954 1330 collocatus'⁵
1973 1290 2071 1330 lucis
2096 1292 2202 1342 leges
2227 1290 2416 1330 obscuras

406 1352 599 1400 observat,
627 1352 853 1391 observatas
879 1351 1027 1402 ingenii
1053 1350 1113 1390 sui
1135 1352 1286 1391 lumine
1314 1351 1490 1390 illustrat.
1547 1351 1645 1390 Viro
1669 1351 1736 1390 tali
1762 1365 1891 1391 rerum
1920 1359 2101 1391 naturam
2129 1351 2416 1403 contemplanti

406 1413 642 1454 crediderim
662 1427 850 1465 apparere
869 1426 1173 1464 nonnumquam
1194 1415 1309 1453 sedes
1328 1413 1413 1453 illas
1433 1413 1598 1464 quietas,

839 1492 963 1538 ‘quas
991 1501 1123 1538 neque
1151 1485 1385 1526 concutiunt
1413 1485 1531 1534 venti,
1563 1499 1638 1525 nec
1666 1485 1803 1525 nubila
1831 1485 1977 1525 nimbis

861 1549 1084 1592 aspergunt,
1115 1540 1237 1592 nequi
1265 1540 1332 1579 nix
1359 1540 1439 1579 acri
1468 1547 1653 1579 concreta
1681 1540 1822 1591 pruina

862 1608 961 1634 cana
989 1596 1136 1635 cadens
1165 1594 1295 1642 violat,
1327 1607 1563 1645 semperque
1591 1593 1794 1633 innubilus
1821 1595 1957 1634 aether

861 1649 1009 1700 integit,
1041 1656 1080 1689 et
1108 1651 1213 1700 large
1241 1648 1386 1688 diffuso
1414 1648 1564 1687 lumine
1592 1647 1722 1687 rident
1736 1647 1775 1700 '·⁶.

515 1725 632 1763 Duco
651 1723 703 1762 ad
722 1735 793 1762 vos
812 1722 939 1763 virum
958 1722 1161 1770 illustrem,
1184 1722 1452 1761 Professorem
1473 1721 1646 1760 STOKEs.

512 1854 627 1907 (139)
663 1853 795 1894 Venio
827 1854 879 1893 ad
909 1866 1058 1893 nomen
1095 1852 1350 1904 physicorum
1383 1850 1614 1903 professoris
1652 1863 1773 1902 quem
1811 1864 1893 1891 non
1931 1850 2016 1891 sine
2053 1850 2251 1891 desiderio
2288 1865 2415 1904 nuper

404 1918 608 1958 amisimus
620 1917 645 1966 ⁷,
666 1917 737 1957 viri
765 1931 857 1957 cum
881 1916 1116 1957 Cancellarii
1141 1915 1263 1956 nostri
1277 1915 1290 1934 ⁸
1316 1914 1588 1955 munificentia
1607 1915 1714 1954 haud
1734 1914 1788 1953 ita
1806 1915 1960 1965 pridem
1980 1915 2208 1955 consociati.
2266 1917 2327 1955 Ex
2345 1915 2414 1956 illo

406 1983 511 2021 velut
539 1982 660 2028 fonte,
690 1979 932 2019 liberalitatis
961 1981 1110 2018 flumen
1138 1979 1314 2029 amplum
1344 1977 1574 2028 professoris
1603 1977 1727 2016 nostri
1754 1976 1794 2016 in
1824 1977 2068 2028 provinciam
2101 1978 2265 2018 defluxit
2292 1979 2414 2030 inque

403 2044 498 2083 alias
524 2042 766 2082 Academiae
791 2049 921 2093 partes
946 2041 1192 2081 redundavit.
1253 2042 1344 2091 Ipse
1370 2039 1539 2079 fontium
1566 2039 1827 2079 exsilientium
1853 2048 1892 2080 et
1918 2054 2109 2092 aquarum
2130 2041 2412 2081 destillantium

405 2114 584 2146 naturam
605 2118 726 2155 quam
745 2104 909 2144 feliciter
923 2103 1156 2154 exploravit;
1176 2102 1274 2142 caeli
1290 2104 1464 2142 colorem
1484 2102 1594 2141 illum
1615 2104 1838 2142 caeruleum
1860 2117 1979 2155 quam
1995 2104 2168 2144 dilucide
2187 2103 2395 2155 explicavit
2402 2119 2414 2154 3

405 2167 596 2219 quicquid
624 2165 825 2215 audiendi,
847 2165 1038 2216 quicquid
1058 2164 1230 2212 videndi,
1252 2166 1304 2204 ad
1332 2163 1504 2204 rationes
1532 2164 1691 2203 intimas
1720 2164 1900 2216 pertinet,
1925 2178 2045 2216 quam
2075 2164 2414 2216 sapienter‘inter-

405 2236 580 2281 pretatus
609 2235 667 2268 est
681 2242 691 2276 ;
719 2227 903 2279 quotiens
927 2227 967 2266 in
995 2240 1123 2266 rerum
1150 2233 1288 2265 natura
1313 2226 1465 2265 eventis
1492 2226 1623 2277 specie
1648 2226 1811 2277 quidem
1841 2226 1942 2266 inter
1968 2239 2055 2266 sese
2083 2226 2246 2266 diversis
2273 2240 2412 2267 causas

405 2291 566 2331 easdem
600 2290 762 2329 subesse
792 2288 976 2328 ostendit.
1037 2288 1169 2337 Quam
1199 2288 1439 2339 profundam
1471 2287 1527 2327 rei
1560 2287 1864 2327 mathematicae
1898 2287 2061 2338 θεωρίαν,
2094 2295 2137 2327 ut
2166 2287 2288 2336 aiunt,
2319 2302 2411 2328 cum

405 2359 553 2404 quanta
573 2351 613 2390 in
637 2349 913 2402 experimentis
935 2349 1188 2388 instituendis
1214 2349 1386 2388 sollertia
1412 2348 1616 2388 coniunxit
1629 2363 1640 2398 3
1669 2362 1788 2400 quam
1811 2349 1996 2389 subtilem
2025 2349 2199 2400 denique
2225 2350 2413 2390 scientiae

403 2415 671 2467 cognitionem
691 2427 783 2453 cum
803 2426 921 2453 sensu
941 2414 1008 2451 illo
1023 2411 1228 2451 communi
1244 2411 1498 2459 consociavit,
1515 2411 1583 2462 qui
1603 2424 1686 2451 non
1705 2411 1746 2450 in
1766 2424 1909 2462 magna
1927 2418 2082 2451 tantum
2103 2413 2260 2451 fortuna
2279 2414 2349 2452 sed
2369 2412 2410 2452 in

404 2477 515 2518 omni
535 2477 636 2517 vitae
655 2475 893 2516 condicione
912 2488 1041 2515 rerum
1061 2474 1241 2514 omnium
1262 2481 1321 2514 est
1340 2487 1473 2514 revera
1492 2474 1710 2514 rarissimus
1721 2475 1744 2512 ⁹.

514 2540 632 2577 Duco
651 2538 703 2577 ad
722 2550 792 2576 vos
813 2538 1016 2576 IOANNEM
1037 2537 1284 2575 WILELMUM
1305 2536 1484 2584 STRUTT,
1508 2537 1722 2575 BARONEM
1745 2537 1978 2574 Rumon.

513 2665 626 2718 (140)
654 2664 867 2704 Scientiam
888 2663 1121 2703 Chemicam
1140 2670 1179 2703 et
1199 2662 1239 2701 in
1260 2663 1366 2702 bello
1386 2670 1425 2702 et
1444 2662 1484 2701 in
1504 2675 1603 2714 pace
1622 2661 1759 2701 utilem
1779 2675 1875 2710 esse,
1898 2661 1986 2713 quis
2006 2661 2194 2712 negabit?
2250 2661 2350 2701 Heri
2369 2661 2410 2701 in

403 2731 481 2769 hoc
506 2729 592 2779 ipso
621 2729 711 2766 loco
736 2726 862 2765 virum
889 2727 996 2764 hunc
1021 2724 1216 2775 insignem
1245 2725 1456 2763 docentem
1484 2723 1699 2772 audivistis,
1722 2736 1803 2774 quo
1826 2722 2076 2773 potissimum
2101 2723 2223 2762 modo
2246 2722 2410 2762 scientia

403 2790 469 2829 illa
488 2789 626 2841 populi
645 2788 760 2828 saluti
785 2789 991 2827 consulere
1018 2793 1056 2826 et
1082 2785 1256 2836 pericula
1281 2785 1391 2836 pacis
1416 2785 1456 2824 in
1482 2784 1631 2824 artibus
1655 2790 1838 2834 suscepta
1862 2782 1986 2834 possit
2010 2790 2184 2823 avertere
2198 2782 2233 2823 ¹⁰.
2292 2785 2408 2824 Idem

493 2930 506 2953 ¹
530 2931 583 2964 Sir
598 2924 724 2963 Garnet
741 2928 921 2970 Wolseley.
1081 2925 1095 2946 ²
1116 2927 1287 2959 Ashantee
1303 2926 1517 2969 Expedition,
1541 2927 1676 2967 1873-4.
1833 2923 1846 2945 ⁸
1870 2924 1981 2957 Battle
1996 2924 2034 2956 of
2046 2924 2288 2964 Tel-el-Kebir,
2311 2925 2403 2959 1882.

406 2974 420 2994 ⁴¹
442 2974 560 3016 virgil,
584 2976 668 3006 Aen.
694 2973 740 3005 vii
765 2980 838 3014 745.
1027 2969 1040 2990 ¹⁵
1065 2971 1202 3010 Seneca,
1221 2971 1275 3002 De
1290 2971 1362 3008 Ira,
1380 2969 1415 3001 iii
1432 2969 1462 3009 6,
1485 2980 1517 3009 1,
1536 2968 1702 3001 ‘sublimis
1717 2968 1858 3005 animus,
1876 2968 2007 3010 quietus
2022 2979 2152 3010 semper
2167 2973 2200 3000 et
2215 2968 2250 3001 in
2265 2968 2407 3001 statione

406 3017 584 3059 tranquilla
600 3016 790 3048 conlocatus
800 3015 819 3047 ³.
991 3012 1005 3033 ⁶
1028 3014 1211 3052 Lucretius,
1229 3013 1265 3045 iii
1285 3022 1323 3055 19
1338 3012 1359 3045 f.
1538 3010 1552 3032 ⁷
1574 3012 1665 3043 Lord
1683 3012 1825 3053 Raleigh
1842 3021 1909 3043 was
1927 3011 2094 3043 Professor
2109 3011 2146 3043 of
2158 3012 2407 3054 Experimental

407 3061 543 3102 Physics
558 3060 641 3091 from
662 3061 743 3101 1879
759 3064 794 3090 to
810 3058 861 3090 his
877 3058 1077 3099 resignation
1093 3057 1128 3089 in
1148 3057 1240 3097 1884.
1446 3055 1460 3076 ⁸
1482 3055 1630 3087 William
1648 3054 1847 3091 Cavendish,
1864 3055 2001 3086 seventh
2019 3054 2120 3086 Duke
2135 3055 2174 3086 of
2185 3054 2406 3091 Devonshire‚

405 3104 545 3135 founder
560 3103 598 3135 of
609 3103 665 3135 the
682 3101 871 3134 Cavendish
888 3101 1103 3142 Laboratory.
1252 3097 1267 3118 ⁹
1285 3099 1438 3141 Juvenal,
1455 3098 1511 3131 viii
1529 3108 1578 3140 73.
1724 3096 1751 3117 ¹⁰
1775 3098 1869 3130 Rede
1885 3098 2025 3130 Lecture
2041 3108 2084 3130 on
2105 3097 2358 3140 ‘Applications
2373 3097 2411 3130 of

408 3147 544 3180 Science
560 3151 594 3178 to
611 3146 667 3178 the
683 3145 868 3186 protection
884 3144 922 3175 of
936 3144 1072 3175 Human
1092 3142 1190 3175 Life!

1381 3225 1430 3263 70
