2704 3770
669 287 900 336 Herbert
933 286 988 334 A
994 287 1094 335 llen
1137 285 1292 335 Giles.
1376 286 1611 334 Wz'llzelm
1646 287 1860 352 Pfeffer.

245 443 287 478 et
314 434 598 488 persuadendo
627 434 853 485 praeclarus
884 431 1042 480 exstitit,
1078 431 1148 484 qui
1181 431 1346 472 Senatui
1380 430 1613 471 Britannico
1645 431 1870 483 adscriptus
1903 439 1944 472 et
1977 432 2206 473 Britanniae
2239 441 2279 474 et

246 495 472 539 Hiberniae
487 509 650 537 causam
670 494 893 536 identidem
913 493 1143 546 eloquentia
1163 507 1235 534 sua
1257 493 1420 543 adiuvit,
1442 492 1512 545 qui
1538 493 1711 545 partium
1737 492 1990 545 popularium
2016 493 2057 533 in
2084 494 2280 535 Hibernia

243 561 455 602 ductorem
481 572 556 612 pro
583 558 684 599 virili
711 565 823 610 parte
851 557 1065 607 defendit¹,
1086 557 1157 609 qui
1184 556 1455 598 controversia
1477 556 1654 608 denique
1677 570 1822 608 magna
1843 556 1947 597 inter
1970 556 2217 598 Britanniam
2240 567 2281 599 et

244 623 535 678 rempublicam
554 622 770 663 maximam
789 621 1094 662 transmarinam
1113 622 1167 662 ad
1185 620 1355 661 arbitros
1370 621 1503 670 relata,
1522 619 1753 660 Britanniae
1767 619 1853 660 iura
1867 619 2018 660 fortiter
2032 620 2247 661 vindicavit
2254 620 2278 660 ¹.

247 688 376 737 Idem,
403 687 457 728 ad
484 685 629 727 iudicis
659 685 806 726 summi
835 685 1070 737 dignitatem
1099 684 1202 725 inter
1230 683 1412 725 omnium
1441 684 1775 736 approbationem
1804 691 1980 732 vocatuS‚
2006 697 2133 736 nuper
2160 684 2281 724 etiam

244 757 354 791 trans
372 761 524 801 aequor
542 747 791 788 Atlanticum
811 747 852 787 in
872 747 958 799 ipsa
984 747 1051 787 illa
1073 747 1279 799 republica
1301 754 1454 799 quanto
1480 748 1622 798 plausu
1645 760 1669 786 a
1691 746 1782 786 viris
1807 745 1973 786 summis
1996 753 2185 798 exceptus
2208 754 2278 796 est,

246 827 330 867 quo
355 812 423 854 die
448 813 500 854 de
526 811 611 852 iure
636 811 739 868 inter
765 819 905 864 gentes
934 810 1168 851 definiendo
1197 817 1236 851 et
1265 811 1317 851 de
1346 810 1465 851 rebus
1495 809 1759 850 controversis
1787 811 1840 850 ad
1869 809 2037 849 arbitros
2066 809 2281 850 referendis

245 875 402 929 egregie
438 874 684 927 disputavit&
746 873 1040 926 Disputationis
1073 881 1208 914 tantae
1245 873 1287 913 in
1325 873 1412 926 ipsa
1450 873 1704 925 peroratione
1737 880 1889 925 quanta
1921 886 2014 913 cum
2052 873 2282 925 eloquentia

244 936 494 986 asseveravit,
519 938 716 989 populum
742 935 874 988 ipsum
903 935 1054 987 ubique
1083 943 1275 976 terrarum
1304 949 1447 987 pacem
1475 943 1569 976 ante
1598 935 1735 976 omnia
1763 942 1961 987 exoptare,
1993 942 2033 975 et
2062 936 2281 987 prophetae

243 999 400 1052 antiqui
431 999 554 1040 verba
585 998 653 1038 illa
681 1011 843 1050 prorsus
872 998 1135 1049 comprobare
1164 1005 1204 1038 et
1237 997 1278 1038 in
1307 999 1430 1038 corde
1458 997 1601 1038 intimo
1631 997 1795 1038 condita
1825 1000 2282 1049 conservarez—‘quam

245 1063 402 1118 pulchri
433 1076 554 1115 super
585 1069 744 1103 montes
777 1062 902 1114 pedes
934 1061 1210 1102 annuntiantis
1241 1068 1282 1102 et
1311 1060 1579 1114 praedicantis
1613 1074 1767 1114 pacem,
1802 1060 2078 1101 annuntiantis
2112 1061 2280 1108 bonum,

245 1126 514 1182 praedicantis
543 1127 713 1167 salutem
726 1126 766 1165 ’⁴.

354 1191 475 1231 Duco
493 1191 547 1231 ad
565 1203 637 1231 vos
657 1189 766 1243 pacis
786 1188 1013 1230 ministrum
1032 1188 1242 1242 insignem,
1265 1187 1359 1229 iuris
1379 1187 1614 1241 magistrum
1634 1186 1846 1240 egregium,
1869 1186 2045 1228 iudicem
2065 1200 2280 1236 summum,

246 1255 466 1296 BARomm
486 1253 695 1292 RussnLL.

1064 1356 1125 1405 27
1157 1343 1285 1410 Jan.
1339 1344 1464 1404 1898

354 1461 469 1516 (280)
497 1463 630 1502 ASIAE
654 1461 696 1502 in
722 1461 899 1514 margine
927 1469 1105 1503 extremo
1133 1463 1187 1503 ad
1216 1461 1412 1503 orientem
1441 1469 1595 1514 spectat
1625 1463 1752 1503 solem
1781 1461 1994 1514 imperium
2023 1461 2279 1512 immensum,

247 1525 363 1568 cuius
380 1525 558 1578 linguam
576 1524 680 1566 inter
698 1532 858 1566 nosmet
877 1525 986 1578 ipsos
1005 1525 1064 1566 vir
1078 1525 1223 1578 insigni
1242 1526 1443 1575 comitate,
1462 1525 1692 1566 Britanniae
1712 1527 1920 1578 quondam
1935 1527 2088 1578 legatus
2107 1525 2280 1575 illustris,

246 1602 319 1642 per
335 1601 466 1629 annos
485 1601 631 1629 novem
650 1601 779 1640 nuper
797 1587 1090 1640 profitebatur⁵.
1151 1590 1268 1629 Iuvat
1288 1588 1471 1629 omnium
1489 1588 1694 1637 librorum,
1717 1601 1819 1640 quos
1835 1587 1901 1629 ille
1916 1587 2150 1628 liberalitate
2166 1588 2282 1629 solita

245 1650 517 1692 bibliothecae
553 1657 713 1690 nostrae
750 1651 886 1690 adhuc
917 1649 1030 1690 vivus
1064 1651 1241 1699 dederat,
1274 1650 1450 1691 indicem
1482 1658 1715 1690 accuratum
1745 1650 1797 1690 ab
1828 1651 1907 1690 hoc
1937 1650 2021 1690 viro
2054 1650 2282 1702 nuperrime

246 1715 478 1755 confectum
509 1726 851 1763 commemorare;
884 1713 992 1753 iuvat
1026 1715 1202 1754 eundem
1232 1713 1391 1766 linguae
1424 1713 1606 1754 eiusdem
1637 1715 1904 1766 professorem
1935 1713 2078 1754 merito
2107 1715 2282 1755 electum

245 1775 493 1817 Academiae
529 1774 652 1816 totius
689 1774 854 1816 nomine
893 1776 1076 1816 salutare.
1134 1775 1327 1829 Quinque
1360 1783 1400 1816 et
1433 1775 1572 1828 viginti
1605 1789 1676 1828 per
1707 1788 1837 1816 annos
1869 1774 2044 1827 primum
2076 1775 2119 1816 in
2151 1775 2283 1818 insula

247 1840 454 1888 Formosa,
474 1838 624 1880 deinde
650 1837 772 1879 Asiae
794 1838 836 1878 in
863 1839 1052 1891 emporiis
1077 1839 1228 1887 vicinis,
1251 1839 1427 1880 nominis
1458 1839 1677 1879 Britannici
1705 1839 1820 1892 quasi
1847 1853 2061 1892 personam
2088 1848 2283 1893 gesserat3

244 1900 417 1955 regionis
447 1901 553 1942 illius
585 1901 792 1942 historiam
826 1909 866 1942 et
896 1901 1045 1943 litteras
1079 1903 1266 1956 virosque
1298 1903 1473 1956 insignes
1506 1903 1662 1956 scriptis
1696 1904 1776 1944 suis
1807 1903 2090 1945 illustraverat⁶
2102 1918 2114 1953 ;
2151 1919 2281 1947 annos

245 1965 422 2020 denique
454 1965 730 2019 duodeviginti
762 1966 921 2019 linguae
951 1966 1076 2019 ipsius
1114 1969 1303 2008 thesauro
1341 1969 1560 2008 condendo
1590 1975 1630 2008 et
1663 1969 1716 2008 ad
1748 1967 1899 2008 exitum
1932 1981 2167 2020 prosperum
2197 1982 2283 2021 per-

245 2030 437 2071 ducendo
455 2028 740 2070 dedicaverat⁷.
800 2029 944 2082 Operis
965 2038 1047 2070 tam
1067 2031 1202 2083 magni
1221 2031 1422 2072 conditori
1441 2031 1598 2072 erudito
1619 2031 1863 2072 Academiae
1884 2031 2047 2072 nomine
2066 2032 2210 2084 gratias
2233 2047 2284 2074 eo

245 2092 466 2146 impensius
488 2093 655 2146 agimus,
677 2094 790 2146 quod
815 2093 940 2145 ipsius
966 2107 1049 2134 non
1076 2093 1163 2135 sine
1186 2096 1317 2144 laude,
1340 2096 1452 2147 quod
1478 2102 1616 2135 nostro
1640 2108 1724 2135 non
1747 2094 1833 2135 sine
1857 2096 1979 2144 lucro,
2000 2094 2177 2147 linguam
2200 2103 2283 2136 tam

246 2156 451 2198 difficilem
469 2155 572 2197 inter
593 2156 946 2208 Cantabrigienses
967 2164 1027 2197 est
1047 2164 1262 2198 contentus
1281 2157 1401 2209 gratis
1421 2157 1611 2210 profiteri.

357 2221 477 2262 Duco
495 2221 548 2261 ad
567 2233 638 2261 vos
655 2220 901 2261 Academiae
921 2220 1226 2261 Aberdonensis
1248 2223 1481 2270 Doctorem,
1500 2222 1771 2262 Professorem
1791 2228 1985 2271 nostrum,
2001 2224 2282 2263 HERBERTUM

248 2284 400 2324 ALLEN
420 2285 562 2325 GuAEs.

1042 2390 1102 2424 10
1136 2375 1325 2423 March
1369 2392 1386 2423 1
1398 2376 1495 2436 898

358 2493 473 2548 (281)
486 2496 621 2535 Vmus
640 2496 816 2536 adventu
835 2494 915 2534 iam
936 2494 1175 2547 propinquo,
1193 2496 1292 2536 dum
1312 2502 1414 2535 terra
1431 2495 1592 2546 gaudet,
1614 2494 1712 2534 dum
1733 2495 1889 2534 caelum
1909 2500 1999 2533 avet
2018 2492 2224 2543 nitescere,
2242 2501 2282 2534 et

247 2559 411 2600 arbores
437 2558 721 2608 frondescere⁸,
747 2558 847 2598 nihil
873 2558 1116 2611 auspicatius
1143 2558 1329 2599 ducimus
1355 2571 1477 2610 quam
1502 2557 1603 2598 veris
1627 2556 1741 2609 quasi
1768 2555 2052 2608 praenuntium
2078 2557 2283 2608 quendam

247 2630 356 2664 trans
375 2621 500 2663 maria
517 2623 733 2664 advectum
755 2622 886 2663 verbis
909 2622 1013 2663 bene
1037 2621 1224 2662 ominatis
1251 2622 1433 2661 salutare.
1491 2622 1719 2660 Salutamus
1744 2626 2044 2670 praeceptorem
2070 2617 2279 2670 insignem,

247 2684 318 2737 qui
345 2698 477 2726 rerum
506 2693 671 2727 naturae
698 2684 1009 2738 pulcherrimam
1037 2692 1179 2725 nactus
1205 2683 1464 2736 provinciam,
1489 2683 1709 2735 discipulos
1732 2696 1781 2723 ex
1809 2682 1921 2723 omni
1950 2681 2057 2722 orbis
2086 2689 2280 2722 terrarum

246 2756 359 2801 parte
377 2749 584 2790 affluentes
604 2750 736 2799 docet,
758 2763 839 2802 qua
857 2750 945 2801 lege
963 2749 1045 2789 lilia
1064 2748 1252 2800 crocique
1271 2750 1427 2800 calyces
1447 2761 1541 2788 suos
1561 2747 1784 2799 explicent;
1812 2759 1894 2798 quo
1913 2746 2124 2787 admonitu
2148 2748 2277 2795 flores,

249 2810 317 2851 alii
347 2810 442 2852 solis
470 2813 613 2861 calore,
640 2811 708 2852 alii
735 2811 830 2853 solis
858 2811 1010 2852 lumine
1037 2811 1215 2860 adducti,
1243 2824 1286 2851 se
1313 2809 1493 2862 aperiant
1505 2824 1517 2859 ς
1545 2817 1628 2850 arte
1657 2809 1765 2861 quali
1793 2810 1954 2848 mimosa
1981 2815 2132 2848 tactum
2161 2807 2283 2848 etiam

249 2871 529 2914 mollissimum
556 2873 787 2915 reformidet
816 2875 1060 2927 frondesque
1080 2881 1236 2914 teneras
1265 2873 1307 2913 in
1335 2886 1424 2913 sese
1452 2873 1686 2920 contrahat,
1715 2870 1883 2910 artificio
1909 2883 2031 2922 quam
2056 2869 2283 2910 admirabili

336 2965 351 2987 ²
373 2967 424 3001 As
438 2967 574 3012 leading
588 2970 725 3003 counsel
738 2969 790 3002 for
805 2969 946 3003 Charles
956 2970 1101 3004 Stewart
1114 2970 1245 3003 Parnell
1258 2970 1373 3003 before
1385 2970 1460 3003 the‘
1471 2969 1604 3002 Parnell
1617 2967 1869 3008 Commission’,
1891 2969 2030 3011 1888-9.
2098 2966 2112 2988 ²
2135 2967 2284 3012 Behring

252 3011 320 3046 Sea
335 3011 557 3051 Arbitration,
578 3014 670 3064 1893.
778 3012 792 3034 ⁸
814 3014 963 3047 Address
978 3014 1144 3047 delivered
1162 3014 1276 3047 before
1293 3015 1350 3047 the
1371 3013 1553 3046 American
1570 3014 1637 3045 Bar
1653 3012 1878 3051 Assoeiation,
1898 3017 1932 3045 at
1949 3012 2112 3055 Saratoga
2127 3011 2280 3056 Springs‚

253 3066 296 3089 πο
315 3055 404 3099 Aug.
425 3055 519 3100 1896,
535 3057 693 3099 printed
684 3069 717 3090 111
741 3058 809 3090 The
827 3059 948 3098 Times,
969 3069 1005 3091 21
1026 3058 1130 3101 Aug„
1149 3070 1182 3101 p.
1204 3067 1234 3099 5.
1352 3058 1367 3078 ⁴
1388 3058 1517 3095 Isaialz,
1533 3057 1569 3090 lii
1588 3065 1618 3098 7.
1734 3054 1749 3077 ⁵
1771 3056 1825 3090 Sir
1840 3037 1991 3088 Thomas
2006 3056 2115 3089 Wade
2132 3058 2199 3097 (no.
2220 3067 2281 3097 114

249 3097 380 3175 {agral-
520 3100 560 3177 C⁶
583 3102 981 3188 ChTineseDBiolgrajghical
991 3103 1208 3144 Dictzonary,
1232 3103 1329 3144 {8983
1354 3106 1418 3135 etc.
1580 3100 1594 3122 ⁷
1621 3101 1772 3134 Chinese-
1762 3100 1923 3143 -English
1945 3100 2162 3143 Dictionary,
2185 3101 2280 3143 1892.

319 3153 428 3184 umus,
448 3154 502 3187 ap.
551 3155 581 3177 xc
643 3156 699 3178 usc
767 3156 794 3178 ts
844 3157 854 3178 1
893 3155 913 3189 9

1229 3229 1302 3270 135
