2704 3770
572 322 628 371 E
627 321 820 372 dmund
862 322 1089 372 Willz’am
1128 323 1288 374 Gosse.
1369 325 1565 375 Walter
1594 327 1785 392 Heape.

275 466 366 522 (93)
398 469 697 522 Saepenumero
722 468 764 509 in
790 470 870 510 hoc
897 469 1000 518 loco,
1022 469 1103 510 fere
1129 468 1268 521 viginti
1292 469 1442 510 abhinc
1465 482 1604 519 annos,
1626 478 1826 511 oratorem
1845 471 1957 512 illum
1977 486 2098 525 quem
2124 475 2194 516 diu

165 530 491 581 desideravimus,
530 531 777 573 Academiae
814 533 954 573 laudes
991 532 1321 584 pronuntiantem
1353 532 1646 583 audiebamus3
1684 532 1754 585 qui
1787 541 1939 585 quanto
1976 535 2193 577 litterarum

164 606 313 643 amore,
334 601 486 646 quanta
505 607 663 634 morum
683 594 919 644 urbanitate,
941 602 1092 647 quanta
1110 594 1235 635 animi
1255 594 1490 635 liberalitate
1508 594 1674 647 insignis
1693 595 1821 645 fuerit,
1843 596 1994 636 nemini
2020 605 2194 638 vestrum

165 655 348 710 ignotum
373 671 461 699 esse
486 657 665 698 arbitror.
725 659 983 711 Quamquam
1002 666 1138 699 autem
1158 657 1263 698 illius
1282 656 1413 708 nobis,
1434 665 1478 697 ut
1497 657 1621 710 ipsius
1641 658 1771 699 verbis
1790 658 1913 699 alium
1933 660 2195 701 desiderantis

166 727 265 770 utar,
287 721 398 762 ‘silet
417 723 592 763 facunda
611 722 756 774 lingua,
779 723 860 763 fida
880 730 1011 775 torpet
1030 723 1192 763 dextera
1204 722 1258 772 '¹3
1285 721 1382 762 vivit
1400 722 1535 762 adhuc
1554 723 1717 762 dextrae
1735 721 1840 762 illius
1859 722 2083 772 liberalitas,
2102 724 2196 765 vivit

164 784 271 827 illius
297 785 517 827 litterarum
541 799 665 836 amor,
688 787 1051 839 quotienscumque
1073 785 1178 826 illius
1206 785 1248 826 in
1278 785 1455 835 nomine,
1476 799 1500 826 a
1526 785 1852 839 praeceptoribus
1880 787 1933 827 ad
1956 789 2035 828 hoc
2062 788 2195 840 ipsum

165 848 394 902 designatis,
414 849 517 890 inter
534 850 720 890 alumnos
739 857 898 890 nostros
923 849 1142 890 litterarum
1166 857 1391 889 nostrarum
1418 849 1597 890 studium
1622 850 1867 891 accenditur.
1925 852 2054 892 Adest
2073 852 2195 893 hodie

165 926 190 954 e
218 913 544 966 praeceptoribus
576 913 652 953 illis
690 926 806 962 unuS,
839 912 908 965 qui
941 913 1027 965 ipse
1056 915 1178 964 poeta
1210 914 1381 965 elegans,
1417 920 1619 962 venustus,
1653 913 1793 963 varius,
1827 913 1974 954 fidibus
2007 914 2196 968 tibiisque

165 984 326 1018 cantare
361 977 542 1030 peritus²,
576 976 685 1017 idem
723 976 941 1016 litterarum
974 983 1096 1029 atque
1134 975 1279 1016 artium
1313 976 1559 1017 existimator
1594 977 1751 1025 doctus,
1791 977 1959 1027 subtilis,
1999 978 2196 1019 candidus

165 1039 323 1081 exstitit.
383 1041 479 1081 Hoc
505 1041 692 1088 ducente,
713 1041 922 1092 poetarum
942 1047 1170 1080 nostrorum
1190 1039 1407 1080 Arcadiam
1434 1039 1743 1092 pererravimus³
1753 1054 1766 1090 3
1794 1041 1874 1080 hoc
1898 1041 2193 1093 interpretante,

164 1102 286 1144 etiam
311 1103 603 1146 Scandinaviae
627 1103 777 1144 litteras
803 1103 946 1144 melius
975 1103 1274 1143 intelleximus⁴.
1334 1103 1419 1156 Ipsi
1447 1103 1597 1156 legistis
1626 1103 1759 1144 studia
1784 1103 1852 1144 illa
1878 1105 2026 1145 saeculi
2049 1104 2197 1145 decimi

165 1165 325 1219 septimi
342 1165 482 1207 litteris
501 1167 706 1207 dedicata⁵
717 1180 729 1216 ς
756 1165 962 1206 audivistis
982 1165 1151 1213 habitas,
1170 1179 1299 1217 nuper
1313 1165 1441 1206 editas
1461 1165 1615 1206 vidistis
1634 1166 1923 1218 praelectiones
1942 1166 2029 1207 illas
2049 1166 2198 1208 saeculi

163 1229 346 1272 eiusdem
369 1229 500 1283 poetis
525 1229 602 1270 illis
627 1237 892 1279 consecratas,
914 1229 984 1282 qui
1009 1229 1150 1282 prioris
1170 1228 1258 1270 aevi
1276 1230 1551 1270 redundantes
1577 1242 1767 1270 numeros
1791 1229 1894 1278 intra
1913 1231 2014 1271 fines
2033 1230 2196 1271 artiores

164 1293 457 1334 coercuemnt⁶.
518 1292 657 1333 Nostis
685 1292 866 1333 libellum
895 1292 1008 1332 illum
1036 1293 1244 1333 aureolum
1270 1291 1312 1331 in
1339 1305 1421 1344 quo
1448 1291 1558 1333 Graii
1582 1292 1707 1333 nostri
1732 1292 1854 1333 vitam
1881 1292 2102 1345 descripsit,
2128 1292 2198 1345 qui

164 1361 286 1408 poeta
317 1355 536 1398 Pindarum
568 1355 700 1409 ipsum
730 1358 965 1405 aemulatus,
1000 1356 1108 1396 idem
1142 1355 1272 1408 (quod
1306 1355 1480 1396 Horatio
1513 1356 1577 1395 vix
1610 1357 1742 1396 minus
1776 1356 1938 1397 difficile
1970 1356 2197 1406 videbatur)

164 1417 325 1472 proprie
343 1418 474 1472 potuit
494 1419 725 1459 communia
745 1418 907 1460 dicere⁷.
949 1418 1089 1459 Nostis
1109 1425 1298 1470 quattuor
1316 1418 1383 1458 illa
1401 1418 1607 1459 volumina
1625 1419 1678 1458 ab
1697 1419 1842 1459 eodem
1856 1418 1974 1468 edita,
1997 1418 2198 1470 inquibus

165 1493 275 1522 nunc
307 1480 484 1532 denique
511 1488 552 1521 et
580 1481 772 1533 epistolae
802 1481 906 1521 illius
937 1481 1095 1533 lepidae
1126 1494 1227 1533 puro
1255 1488 1295 1521 et
1323 1480 1555 1532 incorrupto
1584 1487 1694 1521 textu
1723 1483 1919 1533 leguntur,
1950 1488 1990 1521 et
2020 1481 2198 1522 carmina

164 1543 348 1586 eiusdem
384 1543 522 1585 omnia
558 1543 641 1584 sive
677 1544 827 1584 leviora
864 1544 945 1585 sive
987 1544 1166 1597 graviora
1207 1543 1504 1584 accuratissime
1537 1544 1826 1584 recensentur⁸.
1886 1545 2010 1595 Quod
2052 1550 2197 1597 poetae

166 1607 343 1661 denique
356 1607 481 1660 ipsius
496 1609 639 1660 imago,
656 1608 709 1648 ab
723 1608 874 1648 artifice
890 1608 1045 1660 optimo
1065 1607 1221 1660 egregie
1242 1621 1439 1648 marmore
1459 1621 1654 1659 expressa,
1673 1609 1806 1648 aulam
1826 1607 1936 1648 illam
1956 1607 2196 1660 hospitalem

166 1677 294 1721 ornat,
314 1669 385 1711 ubi
404 1669 490 1723 ipse
509 1677 569 1710 tot
588 1683 716 1710 annos
736 1670 907 1710 libenter
925 1678 1197 1711 commoratus
1217 1677 1310 1719 erat,
1333 1677 1373 1710 et
1392 1669 1486 1710 huic
1506 1669 1590 1709 viro
1609 1669 1841 1721 praesertim
1862 1677 1902 1711 et
1921 1669 2039 1710 huius
2059 1670 2198 1711 amicis

166 1741 378 1787 acceptum
398 1733 623 1775 rettulimus
634 1735 659 1772 ⁹.
718 1733 800 1785 Qui
830 1733 948 1786 igitur
980 1737 1142 1786 poetam
1165 1733 1278 1774 illurn
1308 1741 1489 1773 nostrum
1520 1734 1674 1774 honore
1700 1733 1840 1774 debito
1865 1741 2099 1786 prosecutus
2126 1741 2197 1782 est,

167 1795 301 1837 eidem
320 1795 444 1837 hodie
463 1796 542 1836 hoc
562 1797 856 1848 qualecumque
874 1796 999 1835 animi
1017 1795 1117 1848 grati
1136 1795 1413 1836 testimonium
1432 1794 1696 1835 libentissime
1716 1795 1933 1835 reddimus.

275 1858 405 1900 Vobis
422 1866 636 1912 praesento
655 1859 782 1899 virum
802 1861 855 1900 de
869 1859 1006 1900 litteris
1020 1859 1260 1900 Britannicis
1280 1859 1433 1912 optime
1453 1859 1651 1908 meritum,
1670 1861 1935 1900 EDMUNDUM
1949 1862 2198 1902 WILELMUM

168 1921 318 1964 Gossn.

276 2096 366 2152 (94)
402 2099 487 2148 Ille,
518 2098 551 2140 si
581 2098 671 2151 quis
701 2099 813 2148 alius,
844 2099 963 2140 laude
997 2098 1096 2139 mihi
1126 2099 1271 2152 dignus
1302 2100 1469 2147 videtur,
1501 2099 1582 2152 qui,
1614 2107 1811 2151 quantum
1838 2099 1940 2140 inter
1972 2101 2127 2141 lucrum
2161 2108 2201 2141 et

166 2162 330 2204 laudem
362 2161 527 2212 intersit,
557 2170 752 2215 expertus,
783 2162 1011 2203 divitiarum
1045 2163 1242 2204 illecebris
1273 2163 1463 2203 omnibus
1495 2162 1750 2215 contemptis,
1782 2177 1866 2204 non
1896 2177 1994 2203 auro
2027 2163 2202 2216 perituro

167 2238 191 2266 e
209 2232 336 2267 terrae
354 2226 624 2279 penetralibus
650 2227 830 2267 eruendo
857 2240 944 2266 sese
970 2225 1143 2274 devovit,
1166 2227 1238 2266 sed
1262 2240 1392 2267 rerum
1420 2234 1585 2266 naturae
1605 2225 1759 2266 veritati
1778 2233 2006 2278 perpetuae,
2029 2240 2132 2278 quae
2161 2227 2203 2267 in

166 2288 370 2340 profundo
387 2289 496 2339 latet,
516 2290 786 2341 explorandae
812 2302 899 2329 sese
925 2295 1056 2328 toturn
1081 2289 1340 2329 consecravit.
1399 2290 1528 2329 Adest
1554 2288 1623 2338 vir,
1645 2288 1715 2340 qui
1738 2302 1839 2342 puro
1865 2288 2039 2329 veritatis
2065 2303 2203 2330 amore

167 2350 358 2402 imbutus,
379 2352 483 2393 illius
511 2354 618 2394 fama
645 2367 729 2394 non
758 2352 891 2392 minus
920 2366 1020 2405 pura
1047 2353 1100 2392 ad
1129 2366 1204 2393 nos
1232 2354 1400 2393 allectus
1424 2359 1495 2401 est,
1518 2366 1639 2404 quem
1666 2352 1707 2392 in
1733 2351 1822 2405 ipso
1845 2352 1949 2393 vitae
1975 2353 2072 2393 flore
2101 2352 2204 2393 inter

167 2414 332 2468 Alpium
367 2416 544 2457 culmina
569 2430 652 2457 non
675 2416 731 2456 ita
758 2415 914 2468 pridem
940 2415 1193 2456 amisimus¹⁰.
1254 2415 1368 2456 Illius
1394 2415 1512 2468 igitur
1540 2415 1724 2455 laborum
1755 2429 1826 2468 per
1854 2415 2071 2456 triennium
2100 2415 2203 2456 inter

167 2478 391 2532 participes,
425 2486 465 2520 et
498 2478 668 2520 totidem
708 2479 900 2530 deinceps
937 2492 1067 2519 annos
1105 2478 1208 2519 inter
1241 2479 1410 2519 heredes
1442 2486 1674 2519 numeratus
1708 2486 1778 2520 est.
1851 2478 1992 2519 Tantis
2030 2492 2124 2519 vero
2162 2478 2204 2518 in

167 2541 374 2584 laboribus
406 2556 490 2584 non
523 2556 681 2596 semper
714 2542 878 2583 interest
908 2543 1119 2582 oculorum
1150 2541 1278 2583 aciem
1309 2543 1429 2583 rebus
1460 2541 1743 2582 minutioribus
1776 2541 2072 2594 perscrutandis
2106 2541 2205 2593 peri-

168 2604 294 2646 clitari
305 2618 318 2655 3
355 2606 464 2646 iuvat
493 2605 696 2646 interdum
730 2604 851 2646 etiam
892 2604 1042 2644 maiora
1080 2604 1355 2657 contemplari.
1415 2604 1526 2645 Huic
1564 2612 1682 2654 certe,
1719 2604 1760 2644 in
1794 2603 2028 2644 animalium
2066 2603 2203 2644 formis

167 2667 419 2721 indagandis,
454 2668 554 2710 nihil
587 2669 707 2710 nimis
741 2682 919 2721 parvum,
953 2667 1053 2707 nihil
1090 2667 1210 2707 nimis
1249 2681 1440 2720 magnum
1479 2667 1608 2708 visum
1640 2674 1710 2708 est.
1771 2668 1812 2707 Is
1846 2666 1954 2707 enim
1988 2668 2057 2718 qui
2091 2665 2204 2707 domi

168 2730 397 2772 curiositate
425 2731 582 2772 minuta
613 2731 734 2772 etiam
764 2732 896 2783 talpae
924 2730 1119 2782 originem
1148 2729 1409 2782 investigavit,
1439 2729 1548 2770 idem
1578 2744 1627 2770 ex
1654 2728 1814 2770 Africae
1843 2728 2005 2781 regione
2033 2742 2057 2768 a
2085 2727 2203 2768 nobis

169 2792 436 2834 remotissima
458 2793 662 2846 elephanti
686 2792 849 2833 maximi
875 2806 947 2833 sua
976 2805 1099 2832 manu
1125 2791 1248 2833 occisi
1274 2805 1365 2832 ossa
1389 2791 1556 2844 grandia
1578 2792 1631 2832 ad
1659 2793 1851 2832 Museum
1870 2798 2052 2832 nostrum
2077 2790 2204 2831 victor

257 2937 270 2960 ¹
293 2938 350 2972 W.
377 2938 422 2972 G.
450 2938 584 2973 Clark's
612 2938 748 2973 Preface
770 2944 807 2972 to
828 2949 904 2972 new
926 2938 979 2972 ed.
1006 2937 1046 2971 of
1069 2938 1103 2981 J.
1134 2938 1180 2970 H.
1209 2936 1347 2971 Monk's
1374 2937 1559 2980 Euripidis
1586 2937 1733 2970 Fabulae
1763 2937 1919 2978 Quatuor
1945 2935 2072 2979 (1857),
2099 2946 2134 2979 p.
2157 2935 2203 2969 vi.

170 2980 185 3003 ²
209 2982 264 3016 On
287 2982 361 3016 Viol
372 2983 446 3015 and
456 2984 565 3023 Flute‚
583 2984 726 3016 Selected
736 2984 860 3021 Poems,
878 2982 932 3016 ed.
953 2984 1036 3025 1883
1055 2981 1155 3024 (New
1175 2981 1284 3024 York)
1302 2987 1366 3015 etc.
1486 2979 1500 3001 ³
1522 2982 1681 3014 pastoral
1692 2981 1811 3023 Poctry
1826 2981 1860 3014 in
1876 2979 2046 3014 Grosart's
2061 2981 2204 3023 Spenser

189 3027 270 3060 1882
286 3024 328 3068 s),
345 3026 414 3059 and
428 3026 463 3059 in
481 3027 566 3060 Enc.
586 3027 680 3060 Brit.
849 3026 863 3047 ⁴
886 3026 1062 3059 Northern
1078 3026 1220 3067 Studies,
1244 3027 1338 3069 1879.
1501 3023 1515 3044 ⁶
1537 3025 1750 3058 Seventeentlz
1771 3025 1920 3067 Century
1935 3025 2080 3063 studies,
2104 3025 2165 3058 188
2191 3048 2198 3056 .

207 3071 310 3103 From
324 3070 544 3114 Shakespeare
558 3076 590 3104 to
606 3071 702 3114 Pope,
724 3072 817 3112 1885.
950 3068 964 3090 ⁷
986 3071 1058 3103 Ars
1072 3071 1214 3108 Pok'tica,
1236 3071 1308 3103 128.
1413 3068 1427 3090 ⁸
1450 3069 1528 3112 Life
1544 3070 1671 3111 (1882),
1690 3069 1757 3101 and
1781 3068 1898 3101 Works
1911 3068 1953 3111 of
1964 3069 2056 3110 Gray
2072 3034 2197 3110 (1883-

170 3112 186 3134 ’
209 3114 291 3147 Bust
307 3113 352 3157 by
369 3114 484 3147 Hamo
501 3115 738 3158 Thornycroit,
756 3114 913 3148 unveiled
931 3124 972 3148 ἰο
989 3114 1071 3157 May
1091 3115 1185 3156 1885.
1318 3112 1346 3133 ¹⁰
1371 3113 1508 3146 Francis
1526 3113 1693 3145 Maitland
1710 3113 1858 3146 Balsour.

1155 3186 1199 3226 51
1989 3184 2090 3223 7——2
