2704 3770
1067 298 1212 364 John
1247 300 1491 364 Murray.

273 439 429 495 imponi
447 454 588 494 passus
608 449 680 482 est.
738 444 1044 495 Tempestatum
1070 450 1177 484 certe
1200 443 1242 483 in
1262 443 1429 484 scientia
1452 444 1532 484 iam
1553 445 1709 485 dudum
1731 452 1918 494 versatuS,
1940 453 2149 485 ventorum
2171 459 2308 487 cursus

273 502 420 544 tabulis
440 504 627 545 fidelibus
646 505 743 545 olim
764 506 981 555 mandavit,
998 514 1219 559 gentesque
1239 507 1389 548 varium
1406 507 1506 548 caeli
1522 522 1674 548 morem
1691 509 1959 560 praediscere¹
1979 509 2128 558 docuit,
2146 511 2306 550 laudem

271 566 516 620 philosopho
536 567 697 608 cuidam
717 568 886 621 antiquo
905 583 930 609 a
950 569 1131 610 Nubium
1151 571 1276 610 choro
1296 570 1608 622 Aristophanico
1628 573 1835 623 quondam
1856 572 2045 612 tributam
2066 586 2147 612 uno
2167 575 2308 613 saltem

273 627 397 670 verbo
435 636 590 670 mutato
628 629 792 671 meritus
807 631 917 671 ζ-οὔ
951 631 1026 684 γὰρ
1062 629 1108 670 ἂν
1144 629 1252 684 ἄλλῳ
1288 630 1323 685 γ’
1360 633 1643 683 ὑπακούσαιμεν
1678 634 1753 672 τῶν
1789 635 1854 672 νῦν
1893 632 2307 686 μετεωρολογούντωνῗ.

274 693 462 745 Longum
481 700 542 734 est
559 707 724 734 avorum
746 701 786 734 et
805 708 1044 746 proavorum
1064 694 1224 747 ingenia
1244 709 1389 748 magna
1407 696 1449 735 in
1475 695 1652 748 ipsorum
1678 696 1869 749 progenie
1894 698 2127 737 continuata
2153 697 2205 736 ab
2230 698 2310 737 hoc

273 753 369 804 viro,
392 755 528 798 Caroli
548 756 737 796 Darwinii
757 763 942 808 cognato,
965 756 1137 798 virorum
1157 757 1374 810 insignium
1396 758 1588 810 exemplis
1608 758 1800 799 illustrata
1818 772 2065 811 percensere.
2124 760 2309 811 Longum

271 824 334 859 est
352 825 412 864 tot
431 819 605 861 honores
624 819 843 872 titulosque
861 820 915 860 ab
935 820 1023 872 ipso
1043 834 1114 872 per
1132 828 1191 861 tot
1210 835 1340 861 annos
1360 823 1586 862 cumulatos
1607 835 1936 862 commemorare.
1995 823 2092 861 Hoc
2110 829 2246 861 autem
2267 821 2308 861 in

269 882 375 932 loco,
395 883 650 936 eloquentiae
675 883 760 924 eius
785 883 935 924 abhinc
963 897 1092 924 annos
1122 884 1312 924 undecim
1340 886 1517 932 conscio,
1542 884 1711 924 instituti
1737 883 2057 936 anthropologici
2083 884 2307 936 praesidem

271 957 357 984 non
376 946 552 998 corporis
571 953 728 987 tantum
748 948 820 987 sed
841 946 961 987 etiam
983 949 1128 987 mentis
1152 949 1352 988 humanae
1379 962 1606 988 mensorem
1633 948 1927 1000 appellaverim.
1987 950 2098 988 Inter
2121 950 2309 1000 antiquos

269 1005 436 1058 quidem
454 1008 700 1049 celebratum
720 1015 803 1049 erat
822 1008 922 1049 illud
942 1011 1192 1062 Protagorae,
1210 1010 1392 1050 omnium
1408 1024 1540 1051 rerum
1556 1024 1785 1051 mensuram
1801 1024 1888 1051 esse
1903 1010 2111 1051 hominem
2119 1011 2142 1049 ³.
2195 1013 2307 1051 Inter

271 1070 513 1112 recentiores
559 1079 695 1113 autem
738 1079 881 1113 notum
925 1079 984 1113 est
1027 1074 1136 1113 hunc
1175 1073 1407 1125 praesertim
1445 1073 1574 1114 virum
1622 1073 1834 1114 hominum
1881 1073 2075 1121 omnium,
2115 1073 2309 1126 imprimis

271 1133 551 1185 pessimorum,
581 1149 811 1176 mensuram
843 1137 898 1176 ad
925 1136 1118 1177 amussim
1149 1139 1249 1178 velle
1278 1137 1442 1190 exigere.
1503 1138 1694 1178 Ceterum
1722 1138 1836 1190 plura
1864 1136 1987 1177 hodie
2017 1136 2150 1177 dicere
2178 1150 2310 1188 super-

271 1209 494 1253 vacaneum
523 1206 584 1240 est
596 1213 609 1250 3
641 1206 800 1240 constat
828 1199 938 1239 enim
967 1214 1019 1240 ne
1048 1199 1293 1253 optimorum
1323 1200 1489 1252 quidem
1517 1201 1691 1241 virorum
1725 1214 1749 1241 a
1779 1200 1966 1241 laudibus
1996 1200 2137 1240 abesse
2162 1200 2310 1240 debere

273 1272 514 1303 mensuram,
1891 1276 1893 1278 ·

383 1324 503 1364 Duco
528 1325 582 1364 ad
606 1338 678 1364 vos
703 1323 831 1364 virum
857 1325 910 1365 de
935 1324 1102 1365 scientia
1125 1326 1457 1378 anthropologica
1480 1333 1520 1367 et
1546 1327 1856 1379 meteorologica
1880 1328 2080 1379 praeclare
2107 1325 2305 1374 meritum,

272 1386 374 1426 caeli
401 1395 442 1428 et
470 1395 596 1429 terrae
623 1388 899 1440 indagatorem
929 1388 1186 1438 indefessum,
1215 1389 1440 1430 studiorum
1469 1389 1645 1442 denique
1673 1389 2031 1442 geographicorum
2056 1389 2177 1430 etiam
2206 1389 2309 1430 inter

273 1458 434 1492 nosmet
452 1451 561 1505 ipsos
581 1453 778 1493 fautorem
798 1452 1007 1505 insignem,
1030 1454 1310 1493 FRANCISCUM
1331 1454 1542 1494 GALTon⁴.

1086 1634 1151 1681 30
1185 1619 1318 1682 May
1359 1621 1482 1681 1895

381 1733 498 1789 (245)
529 1737 796 1777 MEMINISTIS
826 1750 968 1778 omnes
994 1743 1138 1790 poetae
1167 1738 1292 1778 nostri
1322 1737 1483 1777 maximi
1508 1739 1644 1778 locum
1668 1737 1878 1790 insignem,
1899 1738 1970 1778 ubi
1990 1737 2305 1779 Northumbriae

274 1796 401 1838 Ducis
419 1797 524 1838 filius
542 1797 757 1839 acerrimus
777 1813 860 1840 non
880 1800 1076 1840 recusavit
1095 1799 1260 1852 gloriam
1281 1807 1350 1840 aut
1370 1814 1419 1840 ex
1437 1800 1524 1852 ipsa
1543 1801 1638 1840 luna
1657 1801 1849 1840 audacter
1867 1801 2078 1849 deducere,
2097 1807 2166 1840 aut
2186 1800 2304 1840 maris

270 1859 314 1901 in
338 1862 542 1914 profundo
564 1862 790 1903 demersam
817 1865 1033 1913 extrahere,
1055 1865 1180 1904 modo
1206 1865 1315 1903 solus
1342 1863 1428 1903 sine
1454 1863 1564 1903 rivali
1584 1864 1745 1903 laudem
1769 1877 1933 1904 omnem
1953 1863 2029 1904 sibi
2052 1863 2302 1904 vindicaret⁶.

272 1926 440 1977 Quanto
463 1926 668 1980 pulchrius
691 1934 827 1968 autem
850 1941 982 1968 rerum
1006 1935 1171 1968 naturae
1193 1927 1412 1979 penetralia
1432 1927 1574 1967 intima
1592 1926 1752 1967 assidue
1771 1927 2018 1979 perscrutari,
2039 1940 2143 1979 eque
2163 1927 2305 1968 oceani

267 1989 482 2031 altitudine
500 1989 699 2032 immensa
717 1992 879 2032 laudem
899 2005 993 2032 cum
1014 1991 1132 2032 sociis
1153 1990 1315 2043 optimis
1334 1990 1610 2042 participatam
1630 1997 1841 2042 reportare.
1899 1991 2027 2030 Adest
2043 2004 2147 2031 unus
2166 2004 2213 2031 ex
2228 1990 2304 2030 illis

267 2051 350 2104 qui,
365 2054 456 2105 plus
475 2066 597 2106 quam
617 2053 743 2095 tribus
762 2055 878 2096 annis
897 2055 939 2095 in
959 2068 1115 2096 oceano
1134 2056 1380 2107 explorando
1401 2054 1553 2095 fortiter
1571 2054 1759 2104 toleratis,
1773 2061 1818 2094 ut
1837 2059 1981 2107 poetae
2000 2054 2155 2107 antiqui
2174 2054 2304 2095 verbis

266 2127 388 2157 sensu
407 2129 516 2158 novo
533 2123 635 2167 utar,

1112 2193 1358 2234 ‘referebant
1386 2193 1555 2234 navibus
1583 2192 1673 2233 altis

730 2248 890 2287 occulta
918 2247 1056 2299 spolia,
1087 2254 1127 2288 et
1155 2249 1288 2300 plures
1316 2249 1369 2288 de
1396 2261 1496 2300 pace
1525 2247 1801 2300 triumphos'⁶.

268 2319 366 2360 Una
402 2321 544 2361 saltem
582 2320 758 2361 nominis
797 2321 902 2362 bene
939 2323 1107 2363 ominati
1144 2323 1255 2364 navis
1292 2325 1401 2364 velut
1438 2324 1566 2376 ipsam
1604 2338 1735 2365 rerum
1774 2332 1956 2365 naturam
1999 2326 2052 2365 ad
2099 2333 2300 2367 certamen

268 2382 512 2434 provocavit,
542 2382 752 2436 ipsamque
778 2384 986 2426 veritatem
1017 2386 1058 2425 in
1092 2388 1295 2438 profundo
1321 2388 1544 2428 abstrusam
1571 2388 1659 2428 orbi
1687 2395 1877 2429 terrarum
1903 2388 2122 2441 patefecit?
2180 2390 2302 2430 Tanti

268 2453 405 2487 autem
431 2446 583 2487 itineris
612 2456 887 2498 monumenta,
910 2449 1200 2502 quinquaginta
1227 2450 1476 2491 voluminum
1506 2451 1547 2490 in
1577 2452 1676 2491 serie
1702 2450 1853 2503 ingenti
1882 2465 1906 2491 a
1933 2451 2096 2503 collegis
2122 2452 2301 2504 plurimis

269 2516 417 2560 parata,
435 2509 506 2549 viri
520 2509 688 2550 huiusce
702 2510 935 2562 praesertim
954 2511 1150 2552 industria
1169 2512 1336 2562 infinita,
1350 2527 1433 2553 non
1454 2514 1578 2553 modo
1598 2515 1769 2553 adaucta
1781 2520 1821 2553 et
1836 2514 2067 2553 summatim
2088 2514 2299 2566 descripta,

269 2572 343 2612 sed
362 2571 483 2612 etiam
502 2574 556 2613 ad
575 2572 790 2613 terminum
811 2574 967 2614 felicem
988 2576 1183 2626 perducta
1202 2583 1242 2615 et
1261 2575 1341 2616 diei
1362 2575 1403 2615 in
1429 2577 1561 2616 lucem
1582 2578 1734 2627 prolata
1754 2577 1875 2616 sunt⁸.
1936 2576 2047 2627 Quid
2066 2591 2150 2617 non
2169 2578 2300 2629 potuit

270 2646 401 2674 rerum
422 2642 598 2685 naturae,
621 2635 720 2688 quid
740 2649 823 2676 non
844 2636 975 2688 potuit
995 2637 1168 2678 veritatis
1187 2639 1329 2678 amor?
1387 2641 1396 2659 ‘
1411 2640 1564 2678 Merses
1584 2639 1785 2690 profundo
1799 2653 1810 2688 3
1838 2638 2041 2690 pulchrior
2058 2639 2191 2680 evenit
2204 2639 2243 2679 '⁹.

379 2699 498 2739 Duco
535 2700 589 2740 ad
626 2713 698 2740 vos
731 2699 1012 2741 Universitatis
1046 2700 1261 2742 Edinensis
1299 2703 1520 2751 alumnum,
1560 2701 1702 2742 oceani
1734 2701 2007 2754 indagatorem
2039 2702 2297 2753 indefessum,

266 2758 394 2800 virum
433 2761 555 2802 etiam
592 2760 634 2801 in
671 2769 877 2814 posterum
916 2762 1002 2803 sine
1040 2763 1167 2804 dubio
1204 2765 1366 2804 laudem
1405 2763 1534 2804 indies
1574 2763 1765 2804 maiorem
1805 2763 2048 2812 meriturum,
2091 2766 2297 2805 IOANNEM

269 2823 507 2863 MURRAY10.

354 2919 367 2941 ¹
394 2920 508 2964 Georg.
532 2921 544 2954 i
570 2931 621 2963 51.
785 2921 800 2943 ²³
822 2923 884 2956 Ar.
908 2924 1032 2963 Nubes,
1062 2924 1135 2966 360.
1297 2922 1311 2944 ³
1333 2924 1465 2956 πάντων
1491 2923 1608 2965 μέτρον
1632 2922 1809 2964 ἄνθρωπος.
1972 2922 1986 2943 ⁴
2008 2923 2142 2956 Author
2166 2924 2205 2956 of
2230 2924 2299 2957 The

267 2964 340 2996 Art
351 2964 395 3007 qs
411 2964 550 3002 Trave13
573 2966 894 3009 Meteorographica3
917 2968 1122 3010 Hereditary
1139 2968 1279 3006 Genius3
1304 2968 1453 3010 English
1470 2968 1551 2999 Men
1565 2967 1606 3010 of
1621 2967 1759 3007 Science,
1778 2968 1868 2999 their
1881 2968 2017 3000 Nature
2031 2968 2106 2999 and
2115 2968 2295 3007 Nurture;

273 3007 343 3040 The
365 3008 611 3042 Measurement
629 3009 672 3051 os
685 3010 831 3043 Human
855 3011 998 3053 Faculty
1013 3012 1124 3052 (Rede
1149 3013 1290 3045 Lecture
1313 3011 1352 3044 of
1374 3010 1491 3053 1884);
1513 3012 1639 3053 Finger
1661 3011 1790 3049 Prints,
1813 3012 1962 3054 1893-53
1985 3012 2165 3044 Memories
2184 3011 2226 3054 qf
2240 3023 2298 3054 my

267 3050 356 3094 Life,
377 3053 472 3094 1908.
547 3051 561 3072 ⁶
585 3053 738 3096 Hotspur
753 3053 788 3087 in
803 3055 899 3087 First
913 3055 999 3088 Part
1013 3054 1157 3098 ofKing
1175 3056 1293 3097 Henry
1308 3057 1334 3088 I
1339 3056 1374 3095 V,
1394 3055 1405 3088 i
1423 3065 1453 3097 3,
1475 3063 1592 3096 τοι-7.
1673 3054 1687 3076 ⁰
1706 3055 1862 3098 Juvenal,
1881 3055 1939 3087 viii
1959 3053 2031 3088 106.
2107 3053 2121 3076 ⁷
2146 3055 2291 3089 H.M.S.

271 3094 469 3138 challenger
483 3094 702 3139 (Expedition
722 3097 896 3140 1872—76).
1069 3098 1083 3119 ⁸
1105 3099 1273 3142 Scientific
1290 3100 1433 3138 Results‚
1458 3098 1617 3140 1876—82.
1799 3098 1814 3120 ⁹
1838 3099 1985 3136 Horace,
2007 3099 2122 3132 carm.
2140 3099 2173 3131 iv
2190 3112 2221 3141 4,
2239 3099 2293 3141 65.

266 3137 293 3159 ¹⁰
316 3139 465 3179 K.C.B.,
484 3140 550 3172 and
569 3140 699 3183 Knight
714 3141 753 3174 of
765 3142 822 3174 the
841 3143 994 3175 Prussian
1013 3143 1124 3175 Order
1140 3144 1233 3175 Pour
1247 3144 1275 3175 le
1292 3143 1424 3181 Mdrite,
1444 3144 1538 3186 1898.

377 3223 409 3252 s.
431 3223 462 3252 s.
1250 3229 1320 3255 121
2138 3215 2184 3254 16
