2704 3770
961 335 1171 385 charles
1216 336 1504 388 Waldstez‘n.

216 479 333 521 Italia
350 481 404 521 ad
423 493 498 521 nos
511 482 695 528 advecto,
708 494 803 521 mox
816 489 962 529 autem,
978 482 1135 522 favente
1151 480 1227 534 (uti
1239 494 1310 533 par
1325 481 1402 532 est)
1416 483 1610 534 Neptuno
1625 497 1710 532 suo,
1725 483 1767 522 in
1782 484 1949 535 patriam
1965 486 2245 535 transituro,—

214 541 318 583 inter
335 549 396 583 tot
414 541 597 583 aedificia
615 542 731 583 variis
751 543 958 584 doctrinae
981 543 1122 584 studiis
1145 550 1389 593 consecrata,
1410 557 1560 584 novum
1588 544 1687 585 illud
1711 547 1900 586 Museum
1927 548 2038 598 quod
2065 548 2246 588 Nestoris

213 604 319 646 illius
347 605 473 645 nostri
501 605 789 657 sempiternum
819 606 902 646 fore
931 613 1242 646 monumentum
1271 606 1510 646 iamdudum
1539 614 1828 659 exspectamus,
1861 608 1893 647 si
1922 621 2003 648 non
2033 610 2085 648 ad
2114 609 2242 660 ipsum

214 668 338 708 finem
374 668 608 716 adductum,
640 676 681 708 at
717 667 952 708 inchoatum
986 676 1092 709 certe
1126 669 1339 710 ostendere
1371 668 1652 721 potuissemus.
1714 669 1797 721 Ipsi
1831 670 2067 710 meministis
2105 671 2245 711 veteris

212 732 358 783 poetae
385 731 585 772 monitum
613 731 736 772 illud:

703 813 848 866 ‘gratia
875 813 928 854 ab
957 813 1090 855 officio
1119 815 1230 867 quod
1260 827 1372 856 mora
1398 816 1528 856 tardat
1556 815 1735 866 abest’1;

212 911 388 945 vestrum
412 903 531 957 igitur
555 905 732 945 officium
757 913 828 954 est,
854 906 926 945 viri
951 906 1196 955 Academici,
1225 905 1295 958 qui
1325 906 1614 947 beneficiorum
1643 914 1847 946 tantorum
1876 921 1959 947 non
1988 908 2243 949 immemores

210 965 317 1016 estiS,
337 974 647 1007 monumentum
672 967 773 1008 illud
798 981 989 1020 magnum
1015 969 1069 1008 ad
1091 968 1241 1008 exitum
1270 969 1428 1009 felicem
1457 981 1580 1020 quam
1606 968 1872 1009 maturissime
1898 971 2140 1021 perducere3
2169 985 2243 1011 nos

209 1028 369 1070 interim
389 1036 527 1070 nostro
545 1029 831 1082 qualicumque
851 1030 980 1071 laudis
1000 1031 1133 1071 officio
1153 1031 1362 1083 perfuncti,
1377 1033 1540 1083 plausus
1560 1031 1648 1072 illos
1668 1039 1831 1080 vestros,
1849 1032 1918 1084 qui
1938 1033 2086 1085 hospiti
2106 1041 2242 1074 nostro

210 1090 292 1132 iam
310 1090 381 1132 diu
399 1091 609 1141 debentur,
631 1105 715 1132 non
736 1091 816 1132 iam
835 1094 1007 1145 amplius
1028 1093 1284 1134 morabimur.

319 1154 427 1206 Ergo
464 1153 579 1194 vobis
616 1161 829 1206 praesento
868 1155 1019 1206 Regiae
1059 1155 1269 1196 Societatis
1310 1155 1596 1196 Londiniensis
1634 1156 1808 1206 Socium,
1845 1157 1972 1197 virum
2011 1158 2063 1198 de
2101 1158 2242 1199 studiis

209 1218 428 1272 geologicis
456 1218 608 1272 optime
638 1219 836 1268 meritum,
867 1221 1065 1260 THOMAM
1100 1221 1270 1261 STERRY
1302 1221 1449 1261 HUNT.

1052 1404 1069 1436 1
1102 1387 1246 1454 June
1288 1389 1411 1437 1882

319 1507 408 1560 (59)
447 1509 585 1548 INTER
616 1507 862 1548 Academiae
890 1516 1050 1548 nostrae
1078 1508 1310 1559 disciplinas
1338 1508 1402 1548 vix
1430 1508 1511 1549 dici
1539 1516 1672 1561 potest
1697 1516 1893 1561 quantum
1922 1522 2050 1561 nuper
2077 1510 2242 1550 creverit

210 1569 465 1622 florueritque
483 1569 627 1610 artium
647 1569 901 1622 antiquarum
921 1569 1098 1610 studium
1118 1569 1217 1610 illud
1237 1572 1348 1622 quod
1368 1571 1659 1623 Archaeologia
1678 1578 1943 1623 nuncupatur.
2003 1573 2078 1611 Per
2096 1572 2240 1612 artium

209 1631 366 1672 illarum
385 1639 542 1684 portam
561 1632 614 1672 ad
634 1632 808 1672 honores
831 1632 1099 1673 Academicos
1118 1632 1274 1673 aditum
1295 1646 1446 1673 novum
1465 1633 1638 1673 alumnis
1654 1633 1799 1673 nostris
1819 1647 1947 1685 nuper
1965 1634 2237 1685 patefecimus.

209 1694 368 1736 Artium
380 1695 536 1735 illarum
550 1703 828 1748 praeceptores
844 1696 1040 1736 habemus
1056 1695 1243 1748 optimos.
1301 1695 1467 1736 Artibus
1482 1696 1558 1736 illis
1573 1696 1805 1737 dedicatum
1821 1696 2015 1736 iactamus
2031 1699 2236 1748 templum,

209 1761 321 1812 quod
333 1760 388 1800 ad
401 1766 607 1800 externum
624 1761 879 1812 splendorem
894 1760 1048 1807 attinet,
1063 1759 1157 1799 satis
1172 1767 1398 1811 augustum,
1416 1761 1488 1800 sed
1507 1760 1743 1812 disciplinae
1763 1759 1881 1799 huius
1901 1759 2030 1800 indies
2046 1761 2240 1801 crescenti

208 1823 397 1864 materiae
415 1822 535 1863 nimis
553 1830 778 1875 angustum.
840 1825 950 1871 Mox,
968 1823 1026 1862 uti
1046 1836 1264 1875 speramus,
1280 1822 1387 1863 atriis
1407 1823 1583 1863 fruemur
1601 1823 1863 1875 amplioribus
1877 1837 1888 1872 3
1917 1836 2021 1871 mox,
2039 1822 2072 1862 si
2087 1831 2239 1864 vestrae

207 1886 400 1940 placuerit
429 1887 738 1937 munificentiae,
773 1887 917 1928 artium
955 1886 1209 1938 antiquarum
1249 1893 1514 1927 monumenta
1550 1886 1591 1926 in
1629 1887 1814 1927 aedificio
1846 1900 1953 1927 novo
1990 1900 2060 1938 per
2098 1887 2237 1927 seriem

206 1948 410 2002 disposita,
432 1957 472 1990 et
500 1949 707 1990 universae
736 1949 944 1990 doctrinae
972 1949 1252 1989 adiumentum
1282 1962 1472 2001 magnum
1501 1956 1541 1988 et
1567 1950 1629 1989 his
1657 1949 1888 2001 praesertim
1918 1948 2059 1989 studiis
2088 1963 2238 1989 novum

205 2012 359 2053 addent
387 2011 690 2052 incrementum.
753 2012 920 2053 Interim
958 2026 980 2052 e
1013 2011 1338 2064 praeceptoribus
1371 2011 1448 2051 illis
1486 2011 1632 2051 nostris
1667 2025 1803 2061 unum,
1835 2011 1904 2063 qui
1933 2025 2003 2063 per
2030 2011 2237 2051 biennium

205 2075 431 2130 proximum
461 2076 523 2116 his
556 2075 777 2128 disciplinis
806 2089 887 2116 non
920 2075 1053 2115 minus
1082 2075 1237 2115 erudite
1266 2088 1388 2127 quam
1417 2074 1594 2115 iucunde
1622 2075 1819 2115 iuventuti
1848 2082 2007 2115 nostrae
2035 2075 2240 2115 tradendis

204 2139 358 2180 fortiter
383 2139 576 2189 incubuit,
607 2140 788 2193 Magistri
816 2141 869 2180 ad
898 2141 1119 2192 perfectum
1148 2140 1316 2191 gradum
1345 2138 1509 2178 honoris
1539 2152 1658 2179 causa
1687 2139 1809 2179 hodie
1838 2138 2098 2179 admittimus.
2158 2139 2239 2189 Qui

206 2203 411 2245 Praxitelis
432 2204 689 2254 Mercurium,
712 2218 840 2256 nuper
858 2218 881 2244 e
899 2205 1063 2256 pulvere
1083 2202 1298 2254 Olympico
1318 2201 1484 2242 feliciter
1508 2210 1677 2251 erutum,
1699 2202 1993 2254 elegantissime
2017 2201 2236 2253 descripsit,

205 2265 292 2319 ipse
323 2266 500 2306 numinis
532 2266 637 2307 illius
671 2269 810 2312 cultor,
840 2267 952 2318 quod
985 2273 1026 2306 et
1058 2265 1206 2305 fidibus
1240 2264 1397 2305 canoris
1430 2271 1471 2305 et
1504 2267 1722 2317 palaestrae
1755 2264 1967 2316 praesidet,
1997 2278 2079 2304 non
2115 2266 2238 2304 modo

206 2328 378 2369 musices
406 2328 625 2369 hodiernae
655 2328 961 2369 oblectamentis
992 2329 1064 2368 sed
1093 2327 1361 2380 gymnastices
1392 2339 1556 2379 quoque
1580 2327 1770 2378 antiquae
1796 2326 2070 2366 monumentis
2091 2328 2239 2378 gaudet

205 2391 407 2432 interesse.
467 2390 549 2441 Qui
585 2398 721 2431 autem
762 2390 990 2442 nuperrime
1030 2389 1263 2430 doctissime
1302 2389 1479 2429 ostendit
1519 2402 1601 2428 non
1639 2389 1820 2441 quamvis
1856 2390 2030 2429 athletae
2067 2396 2237 2429 statuam

206 2452 406 2505 Apollinis
454 2452 580 2504 ipsius
626 2452 881 2492 simulacrum
929 2452 1125 2492 nominari
1180 2452 1338 2500 debere,
1388 2451 1454 2491 ille
1501 2452 1691 2503 profecto,
1741 2451 1987 2492 Academiae
2035 2451 2239 2492 Palatinae

207 2515 563 2568 Heidelbergensis
599 2517 797 2565 alumnus,
837 2529 919 2556 non
959 2515 1063 2555 illius
1101 2522 1258 2555 tantum
1296 2515 1431 2554 favore
1468 2514 1613 2564 dignus
1651 2522 1722 2563 est,
1762 2514 1831 2566 qui
1871 2517 1880 2535 ‘
1893 2514 2094 2553 Palatinas
2131 2513 2239 2554 videt

205 2591 359 2631 aequus
392 2579 555 2627 arces'²‚
591 2579 663 2618 sed
701 2592 725 2618 a
762 2585 897 2618 nostra
934 2590 1097 2630 quoque
1136 2576 1357 2617 Academia
1394 2576 1517 2616 hodie
1555 2576 1697 2616 merito
1736 2584 1796 2616 est
1831 2578 1986 2616 ‘laurea
2024 2576 2238 2615 donandus

205 2642 479 2695 Apollinari'⁸.
551 2643 657 2694 Ergo
697 2643 835 2682 dexter
873 2642 987 2682 adest
1030 2641 1189 2693 Apollo,
1231 2641 1370 2680 dexter
1414 2638 1637 2679 Mercurius
1682 2642 1830 2691 ‘nepos
1872 2638 2097 2685 Atlantis'⁴‚
2140 2639 2237 2678 dum

204 2706 405 2759 hospitem
443 2714 637 2754 nostrum,
675 2706 924 2746 Atlanticum
963 2713 1071 2745 trans
1109 2717 1260 2756 aequor
1296 2704 1521 2751 advectum,
1562 2709 1739 2742 nostram
1777 2703 1818 2742 in
1858 2701 2049 2741 familiam
2087 2701 2240 2741 induci-

204 2783 306 2820 muS‚
345 2778 386 2812 et
425 2770 667 2823 reipublicae
708 2783 876 2822 magnae
913 2767 1258 2809 Transatlanticae
1299 2766 1428 2807 civem
1468 2765 1626 2806 civitate
1672 2760 1825 2805 nostra'
1844 2778 2046 2813 ornamuS,
2087 2771 2239 2805 nostro·

205 2845 286 2885 que
322 2832 407 2874 iure
445 2833 647 2874 senatorio
685 2834 897 2874 donamus.
955 2833 1020 2871 Tu
1058 2830 1185 2882 igitur,
1221 2829 1290 2882 qui
1324 2827 1570 2869 Academiae
1605 2836 1765 2868 nostrae
1802 2827 1946 2867 artium
1984 2827 2238 2878 antiquarum

205 2895 398 2949 interpres
434 2904 517 2937 tam
556 2897 712 2946 doctus,
748 2904 830 2936 tam
872 2894 1040 2943 subtilis,
1081 2902 1163 2934 tam
1197 2893 1398 2934 iucundus
1442 2891 1637 2941 exstitisti,
1679 2892 1837 2932 Artium
1885 2890 2078 2943 Magister
2120 2891 2238 2931 nobis

206 2965 304 2999 estm

314 3022 444 3063 Vobis
464 3030 676 3075 praesento
697 3023 913 3064 CAROLUM
933 3022 1205 3060 WALDs‘rmN.

345 3141 357 3162 ²
381 3142 482 3182 ovid,
502 3144 590 3186 Epp.
609 3154 651 3175 ex
667 3143 782 3180 Ponto,
805 3150 849 3175 111
866 3142 900 3174 iv
917 3152 971 3183 52,
993 3143 1002 3158 ‘
1013 3140 1188 3184 gratiaque
1203 3139 1314 3172 officio
1325 3138 1333 3153 ’
1349 3143 1413 3171 etc.
1609 3137 1623 3158 ²
1647 3138 1793 3177 Horace,
1817 3139 1931 3171 Carm.
1948 3138 2037 3171 Sacc.
2054 3137 2108 3179 65.

784 3185 797 3205 ³
823 3187 938 3218 Carm.
955 3186 989 3217 iv
1006 3195 1037 3223 2,
1056 3194 1087 3227 9.
1356 3183 1369 3202 ⁴
1395 3182 1508 3216 Carm.
1529 3182 1540 3214 i
1561 3192 1609 3222 10,
1635 3193 1661 3214 1.

317 3270 345 3299 s.
372 3270 402 3299 s.
1200 3269 1249 3307 33
2109 3267 2128 3305 5
