2704 3770
776 315 968 380 (Zungv
1000 315 1303 365 sffioexandhr
1332 317 1655 381 Addqfflnvvn.

308 458 436 512 Atqui
477 472 500 500 e
537 459 714 500 tenebris
755 459 910 501 insulae
952 459 1057 500 illius
1099 474 1225 513 prope
1263 460 1519 501 occidentem
1559 464 1685 502 solem
1724 462 1879 514 positae
1917 466 2048 504 elucet
2089 467 2231 517 optimi

201 519 382 574 episcopi
407 521 601 562 memoria
625 521 796 571 illustris,
819 536 942 574 quem
967 524 1057 574 plus
1084 536 1206 574 quam
1235 523 1395 575 triginta
1421 537 1550 563 annos
1575 523 1726 563 circum
1752 523 1877 563 litoris
1904 525 2008 565 illius
2033 528 2231 568 anfractus

200 583 354 624 ferebat
379 583 491 624 navis
513 583 590 633 illa,
613 597 727 636 quae,
749 586 858 625 velut
884 585 994 638 pacis
1022 585 1164 625 nuntia
1189 587 1334 638 pennis
1353 585 1537 626 candidis
1563 593 1689 635 vecta,
1712 586 1926 627 columbae
1950 587 2084 638 potius
2109 602 2230 640 quam

199 646 399 700 accipitris
423 659 505 699 quo
531 648 750 688 vocabatur
776 662 927 689 nomen
954 648 1094 689 merita
1120 657 1190 698 est,
1213 662 1461 702 quamquam
1488 649 1574 702 ipse
1601 650 1776 690 nominis
1803 662 1926 690 omen
1951 651 2071 691 alacri
2094 652 2230 693 animo

198 707 436 762 accipiebat,
456 709 594 750 omnia
613 711 743 750 fausta
762 725 810 751 ex
828 711 1010 764 auspicio
1029 711 1098 752 illo
1119 711 1343 752 Homerico
1362 719 1589 764 auguratus,
1612 710 1717 750 οὗτοι
1735 710 1822 751 ἄνευ
1842 711 1929 751 θεοῦ
1949 712 2086 752 ἔπτατο
2112 713 2232 760 δεξιὸς

204 769 223 786 ”
306 771 317 792 1

199 789 300 824 ορνις
320 803 330 814 .

308 834 431 877 Tanti
457 834 575 887 igitur
601 834 672 875 viri
697 835 740 876 in
764 838 912 886 locum,
934 837 1049 878 cuius
1077 836 1237 877 adiutor
1263 844 1386 889 atque
1413 838 1518 877 adeo
1544 849 1752 877 successor
1777 839 1955 890 optimus
1984 838 2230 890 provinciam

200 896 312 938 illam
333 897 574 938 maritimam
594 911 688 950 prae
707 899 938 940 valetudine
960 913 1090 952 nuper
1114 899 1262 939 invitus
1282 898 1482 951 deposuit,
1503 898 1654 951 placuit
1680 899 1790 939 hunc
1816 900 1943 939 virum
1970 900 2138 950 mittere,
2161 902 2230 954 qui

202 961 280 1002 sub
297 962 442 1002 umbra
460 974 694 1013 magnarum
715 963 942 1003 scholarum
969 977 1052 1003 non
1079 963 1166 1004 sine
1191 964 1311 1003 laude
1330 963 1453 1012 vixit3
1482 962 1551 1014 qui
1577 963 1749 1002 Sanctae
1767 962 1974 1003 Trinitatis
2000 977 2022 1003 e
2050 964 2232 1016 Collegio

199 1023 376 1064 maximo
395 1024 602 1076 quondam
623 1032 796 1074 evectus,
819 1025 955 1065 Sancti
976 1025 1141 1066 Ioannis
1161 1032 1322 1078 portum
1342 1025 1514 1065 libenter
1539 1024 1700 1064 intrabit
1714 1039 1726 1074 3
1754 1024 1824 1076 qui
1850 1026 2014 1065 scholae
2042 1027 2231 1066 Harrovi-

199 1085 307 1126 ensis
338 1087 537 1135 alumnus,
571 1100 699 1126 unum
729 1101 751 1127 e
782 1087 1070 1140 condiscipulis
1103 1088 1186 1128 suis
1215 1087 1417 1140 egregium
1447 1087 1594 1127 laboris
1623 1086 1779 1127 socium
1810 1087 1892 1127 illic
1920 1088 2098 1128 inveniet
2110 1104 2122 1139 3
2161 1089 2230 1142 qui

198 1162 351 1198 eorum,
382 1149 452 1202 qui
485 1164 604 1191 curae
635 1165 731 1191 suae
765 1153 981 1201 tradentur,
1015 1152 1118 1192 inter
1150 1165 1346 1204 aquarum
1377 1151 1554 1203 pericula
1587 1151 1692 1191 fidus
1723 1150 1797 1190 erit
1830 1159 1988 1200 custos;
2026 1151 2096 1203 qui
2129 1152 2231 1192 inter

198 1212 385 1253 homines
422 1212 599 1265 denique
635 1213 786 1254 victum
824 1221 987 1255 tenuem
1026 1228 1049 1255 e
1092 1214 1248 1255 cetariis
1295 1215 1441 1254 nostris
1488 1212 1757 1265 quaeritantes
1800 1222 2032 1266 occupatus,
2072 1227 2229 1254 summa

197 1276 416 1318 reverentia
434 1277 707 1318 recordabitur
727 1279 918 1319 mandata
936 1278 1004 1319 illa
1021 1280 1296 1331 apostolorum
1317 1278 1454 1331 primis
1474 1277 1664 1318 divinitus
1684 1278 1790 1326 data,
1809 1278 1819 1296 ‘
1832 1270 1964 1318 venite
1983 1285 2075 1330 post
2095 1292 2173 1327 me,
2191 1286 2230 1318 et

197 1338 342 1380 faciam
361 1353 432 1380 vos
451 1340 536 1380 fieri
555 1341 773 1392 piscatores
793 1341 1006 1382 hominum
1022 1341 1062 1381 '².

309 1403 428 1442 Duco
447 1403 500 1443 ad
521 1415 591 1442 vos
612 1404 877 1443 LLEWELLYN
896 1405 1044 1455 JONES‚
1067 1405 1208 1444 Novae
1228 1405 1376 1444 Terrae
1396 1402 1634 1455 episcopum
1655 1401 1922 1454 designatum.

1017 1585 1077 1631 23
1115 1569 1246 1634 Λᾶῥγ
1289 1570 1414 1630 1878

307 1689 397 1745 (12)
435 1691 566 1742 QUOD
594 1692 691 1732 anni
719 1693 890 1746 proximi
919 1695 988 1734 illo
1016 1693 1083 1734 die
1111 1693 1416 1745 augurabamur,
1447 1706 1529 1746 quo
1562 1692 1605 1732 in
1635 1693 1712 1732 hac
1746 1691 1833 1743 ipsa
1862 1692 1989 1732 domo
2018 1693 2227 1744 Orpheum

198 1761 383 1794 nostrum
419 1755 611 1795 reducem
650 1756 919 1805 salutavimus,
952 1756 1052 1796 illud
1090 1756 1213 1796 hodie
1251 1755 1414 1807 optimis
1451 1754 1641 1807 auspiciis
1680 1762 1813 1794 ratum
1851 1767 1939 1794 esse
1969 1755 2230 1796 vehementer

195 1816 450 1869 gaudemus’.
505 1817 657 1858 studiis
673 1818 837 1858 musicis
852 1818 893 1858 in
910 1818 1132 1858 Academia
1152 1826 1289 1858 nostra
1308 1818 1452 1858 melius
1472 1816 1707 1858 ordinandis
1723 1830 1874 1856 novum
1895 1817 2227 1868 septemvirorum

196 1878 410 1932 collegium
430 1880 694 1921 constituistis
707 1896 719 1931 3
748 1883 801 1922 ad
817 1895 998 1922 summos
1018 1882 1059 1922 in
1076 1882 1229 1922 musica
1244 1883 1419 1922 honores
1436 1881 1592 1922 aditum
1613 1880 1767 1921 nemini
1787 1880 1864 1919 nisi
1884 1893 1955 1932 per
1974 1880 2228 1921 scientiarum

197 1950 355 1996 portam
383 1950 520 1995 patere
547 1943 753 1994 voluistis;
783 1945 960 1985 musicae
989 1944 1076 1997 ipsi,
1101 1958 1205 1997 quae
1233 1944 1455 1996 antiquitus
1484 1943 1587 1983 inter
1616 1951 1770 1995 septem
1799 1942 1886 1982 illas
1915 1942 2097 1983 liberales
2125 1952 2229 1984 artes

195 2014 280 2047 erat
316 2015 536 2057 numerata,
570 2021 717 2048 novam
752 2010 929 2049 lauream
968 2009 1294 2049 baccalaureatus
1332 2008 1374 2048 in
1405 2007 1557 2048 artibus
1592 2006 1847 2047 concessistis
1860 2022 1871 2055 3
1910 2006 2088 2058 denique
2119 2008 2228 2047 hunc

194 2067 336 2118 virum,
364 2069 514 2110 abhinc
546 2083 676 2110 annos
710 2078 788 2111 tres
822 2084 905 2111 non
939 2071 1092 2123 Regiae
1126 2072 1251 2111 modo
1284 2069 1531 2110 Academiae
1565 2068 1748 2108 Musicae
1776 2068 2048 2120 praepositum
2082 2070 2153 2109 sed
2187 2069 2227 2109 in

195 2140 333 2174 nostra
351 2146 515 2186 quoque
534 2134 758 2175 Academia
777 2142 816 2174 et
837 2135 1111 2175 Professorem
1132 2142 1171 2175 et
1196 2136 1418 2174 Doctorem
1442 2133 1484 2173 in
1510 2132 1664 2172 musica
1690 2139 1878 2180 creatum,
1901 2132 2066 2172 Senatui
2092 2140 2229 2173 nostro

194 2195 346 2248 placuit
365 2197 595 2250 magistratu
616 2197 659 2237 in
677 2198 830 2238 artibus
850 2212 1002 2247 ornare,
1025 2200 1264 2239 Senatorum
1285 2205 1514 2238 nostrorum
1534 2196 1577 2236 in
1596 2209 1810 2236 numerum
1831 2196 2037 2236 asciscere.

304 2260 391 2300 Viri
413 2261 514 2301 tanti
534 2261 674 2302 merita
694 2261 867 2314 insignia
886 2262 928 2301 in
948 2262 1104 2314 legibus
1123 2261 1200 2301 illis
1220 2275 1324 2314 quae
1344 2260 1540 2301 musicam
1561 2261 1820 2300 moderantur
1842 2259 2089 2311 explicandis
2109 2268 2149 2300 et
2174 2262 2228 2301 ad

195 2330 345 2364 certam
374 2336 558 2364 normam
581 2324 829 2374 revocandis,
851 2337 935 2364 non
962 2332 1121 2364 nostrae
1144 2324 1275 2364 laudis
1302 2323 1495 2375 indigent.
1555 2321 1776 2362 Audivistis
1803 2321 1924 2361 etiam
1950 2321 2026 2374 ipsi
2051 2323 2229 2363 carmina

195 2386 263 2426 illa
299 2387 550 2437 nostratium,
591 2388 663 2428 viri
701 2388 820 2428 huius
859 2396 942 2428 arte
985 2388 1289 2428 concinentium
1327 2387 1496 2427 vocibus
1533 2387 1843 2426 accommodata
1856 2399 1868 2434 ;
1907 2386 1996 2437 quis
2038 2388 2227 2428 ‘alaudae

195 2451 384 2491 cantum'
402 2450 515 2491 illum
542 2465 627 2492 non
647 2452 860 2493 meminit?
889 2451 979 2503 quis
1001 2454 1011 2471 ⁴
1027 2451 1182 2504 Orphei
1202 2451 1396 2491 citharam
1409 2452 1418 2470 '
1439 2464 1521 2490 non
1541 2451 1801 2490 recordatur?
1830 2449 1920 2500 quis
1946 2449 2024 2489 alia
2049 2450 2226 2490 carmina

194 2513 320 2554 nostri
339 2515 624 2567 Shakesperii?
679 2516 758 2558 Cui
786 2529 881 2563 non,
903 2515 1006 2556 inter
1033 2514 1175 2555 aetatis
1204 2523 1376 2563 nostrae,
1407 2513 1655 2554 Academiae
1681 2519 1841 2552 nostrae
1872 2514 2013 2553 Musas
2038 2514 2223 2562 moranti,

194 2578 366 2618 redeunt
390 2577 432 2617 in
461 2586 639 2619 mentem
666 2579 784 2619 huius
812 2578 974 2630 ingenio
997 2578 1161 2618 musicis
1187 2578 1320 2618 modis
1347 2577 1488 2618 donati
1513 2576 1624 2629 lyrici
1644 2576 1700 2615 illi
1720 2589 1856 2616 versus
1876 2584 2021 2628 poetae
2047 2577 2224 2626 laureati,

193 2641 361 2681 Aluredi
380 2642 614 2693 Tennyson,
635 2655 796 2682 necnon
816 2641 887 2681 viri
906 2640 1246 2689 desideratissimi,
1268 2641 1404 2682 Caroli
1426 2640 1651 2692 Kingsley?
1702 2642 1847 2680 Procul
1866 2640 2030 2680 auribus
2055 2640 2222 2692 excipio,

194 2702 272 2744 nisi
283 2704 408 2753 fallor,
423 2703 661 2745 bucinarum
678 2705 836 2757 longius
852 2712 891 2745 et
906 2704 1064 2756 longius
1084 2704 1358 2745 resonantium
1379 2706 1668 2752 concentum⁴3
1697 2704 1836 2744 videor
1850 2704 1948 2743 mihi
1963 2704 2102 2745 audire
2118 2713 2226 2745 trans

193 2767 313 2808 maris
333 2768 537 2809 frementis
556 2777 724 2818 aestum,
747 2776 855 2809 trans
874 2782 1014 2808 arenas
1032 2775 1336 2814 murmurantes,
1353 2769 1560 2820 planctum
1577 2768 1735 2819 puellae
1750 2767 1997 2819 nequiquam
2014 2768 2224 2807 vocantis⁵.

195 2830 326 2871 Maias
346 2832 556 2872 Kalendas
568 2831 759 2884 (Floralia
779 2831 846 2871 illa
867 2830 1021 2884 nostra)
1037 2845 1137 2884 quas
1157 2845 1285 2884 nuper
1304 2831 1617 2883 praeterivimus,
1635 2830 1705 2870 viri
1722 2831 1840 2870 huius
1860 2831 1963 2871 inter
1978 2833 2118 2872 laudes
2131 2831 2227 2884 (hoc

192 2893 424 2946 praesertim
443 2894 510 2935 die
530 2908 612 2947 quo
639 2894 810 2935 Floralia
837 2894 1027 2948 aguntur)
1048 2908 1169 2935 nemo
1193 2894 1447 2947 praeteribit3
1476 2894 1576 2935 illud
1601 2902 1707 2935 certe
1732 2895 1920 2935 carminis
1945 2904 2225 2947 argumentum

193 2954 262 3008 (ne
290 2955 441 2996 maiora
469 2956 805 3010 commemorem)
827 2970 1044 2998 commune
1072 2957 1195 2998 habet
1224 2971 1318 2998 cum
1348 2957 1417 2997 illo
1446 2957 1542 3004 viro,
1571 2956 1686 2996 cuius
1715 2957 1952 2997 memoriam
1982 2957 2089 3007 colit,
2111 2958 2225 2998 cuius

193 3019 398 3072 exemplar
416 3021 651 3068 aemulatur,
673 3021 885 3061 decessore
905 3034 990 3070 suo,
1013 3020 1201 3061 Wilelmo
1221 3022 1432 3062 Sterndale
1453 3022 1639 3061 Bennett.
1699 3022 1846 3073 Neque
1865 3035 1959 3062 vero
1979 3023 2227 3074 neglegenda

323 3112 337 3133 ¹
362 3114 503 3155 Homer,
525 3116 584 3149 od.
605 3127 647 3148 xv
666 3126 748 3158 5313
772 3116 901 3158 Bishop
917 3116 1065 3149 Edward
1082 3116 1191 3153 Feild,
1208 3116 1275 3149 and
1295 3116 1371 3149 ‘the
1389 3114 1534 3148 Hawk’.
1803 3115 1818 3136 ²
1840 3118 1876 3149 S.
1894 3117 1982 3150 Mat.
2002 3118 2035 3150 iv
2056 3128 2104 3160 19.

323 3155 337 3177 ⁸
358 3157 425 3192 No.
447 3169 466 3202 3
481 3164 596 3202 supra.
816 3159 830 3180 ⁴
853 3160 927 3193 The
945 3161 1051 3203 Bugle
1070 3160 1164 3203 Song
1179 3160 1214 3193 in
1238 3161 1304 3193 The
1319 3161 1485 3193 Princess.
1700 3159 1714 3180 ⁶
1740 3162 1749 3177 ‘
1760 3160 1835 3194 The
1852 3161 1962 3196 Sands
1978 3161 2017 3194 of
2030 3162 2103 3194 Dee
2117 3162 2136 3193 ’-

301 3240 392 3271 S.s
1199 3246 1223 3284 9
2095 3248 2115 3273 2
