2704 3770
26 138 35 147 .
0 0 35 111 vsa

37 0 52 19 ''i-

374 324 604 374 Willz‘am
637 325 816 375 Moore
851 325 973 374 Ede.
1050 325 1102 375 S.
1140 325 1213 375 A.
1251 326 1306 374 A
1313 326 1561 377 rrlcenz'us.
1638 329 1854 379 Gabriel
1882 330 2186 395 szbpmann.

256 471 453 514 arbitror¹.
514 474 655 515 Hodie
691 473 786 516 vero
823 474 994 527 Collegii
1030 474 1212 515 eiusdem
1253 476 1423 516 alterum
1466 477 1676 517 alumnum
1722 477 1914 518 eximium
1957 478 2162 530 dignitatis
2203 479 2288 520 iure

259 535 479 577 Doctorem
499 550 693 586 creamus,
707 538 835 578 virum
853 538 1004 578 abhinc
1021 551 1150 578 annos
1170 551 1296 590 prope
1315 545 1470 591 septem
1490 546 1531 579 et
1549 539 1710 592 triginta
1729 540 1771 580 in
1787 540 1972 581 Scientiis
1990 542 2212 583 Moralibus
2227 544 2290 595 (ut

256 596 388 651 aiunt)
406 599 582 639 lauream
601 599 800 652 insignem
818 601 1023 653 adeptum,
1046 600 1116 653 qui
1135 601 1305 653 Angliae
1323 600 1366 640 in
1385 601 1591 654 provincia
1616 602 1917 654 septentrionali
1942 603 2146 643 laboribus
2170 605 2290 645 sacris

257 674 330 714 per
345 675 475 703 annos
494 662 687 715 plurimos
707 664 899 716 deinceps
919 663 1091 713 deditus,
1115 664 1382 705 Dunelmensi
1402 678 1496 705 cum
1520 665 1713 718 episcopo
1739 666 1922 718 proximo
1945 665 2215 717 operariorum
2239 668 2291 707 de

256 723 400 766 ordine
421 725 599 767 consiliis
622 726 784 779 optimis
807 727 1037 768 adiuvando
1061 728 1262 780 praeclare
1281 727 1446 768 meritus
1466 735 1538 769 est.
1598 731 1798 779 Eundem,
1821 731 1862 769 in
1889 729 1989 770 locis
2015 729 2195 781 plurimis
2221 744 2291 781 per

257 799 387 828 annos
405 795 560 840 septem
580 788 680 829 lucis
700 789 970 830 Academicae
992 789 1310 842 dispensatorem
1334 789 1613 840 indefessum',
1635 798 1776 844 postea
1800 791 2045 831 Academiae
2071 790 2113 830 in
2139 793 2291 843 templo

256 849 310 889 de
337 848 498 890 urbium
526 864 760 903 magnarum
789 864 895 900 cura,
916 852 969 892 de
997 865 1218 904 pauperum
1243 852 1497 902 condicione,
1519 853 1675 906 egregie
1699 853 2005 894 contionantem
2030 853 2290 894 audivimus³.

258 910 449 952 Doctoris
473 913 599 965 gradu
624 927 648 953 a
671 913 790 954 nobis
816 913 949 953 statim
979 914 1202 963 decoratus,
1225 922 1406 967 tempore
1435 923 1665 967 opportuno
1694 915 1849 955 Decani
1872 916 1926 955 ad
1949 915 2180 955 cathedram
2208 915 2292 956 iure

257 973 413 1026 optimo
431 975 666 1028 perveniet⁴.
725 978 842 1016 Iuvat
861 976 1020 1017 interim
1041 978 1198 1018 Erasmi
1218 978 1348 1019 verbis
1371 980 1424 1019 ad
1450 981 1662 1020 Decanum
1687 981 1892 1032 quendam
1918 978 2172 1031 designatum
2195 980 2292 1020 olim

254 1037 413 1090 scriptis
428 1039 648 1080 Doctorem
664 1047 847 1080 nostrum
862 1053 1012 1080 novum
1028 1041 1151 1081 hodie
1165 1041 1327 1093 alloqui.
1388 1045 1398 1063 ‘
1413 1043 1476 1083 De
1493 1042 1682 1083 Doctoris
1697 1042 1813 1083 titulo
1828 1056 1876 1082 ac
1894 1044 2124 1083 Decanatus
2139 1044 2294 1083 honore

255 1112 391 1152 neque
408 1113 493 1140 non
511 1100 600 1141 aliis
615 1100 859 1153 quibusdam
879 1102 1124 1143 ornamentis
1140 1117 1244 1155 quae
1263 1103 1342 1144 tuis
1361 1103 1574 1144 virtutibus
1590 1106 1694 1145 ultro
1710 1106 1843 1146 delata
1859 1119 1946 1145 esse
1960 1104 2095 1154 audio,
2112 1118 2195 1145 non
2210 1113 2291 1145 tam

255 1162 330 1204 tibi
347 1165 533 1216 gratulor,
556 1194 564 1203 .
586 1194 595 1204 .
617 1178 740 1217 quam
763 1165 859 1217 ipsis
886 1165 1119 1215 honoribus,
1141 1166 1211 1218 qui
1240 1174 1326 1207 turn
1353 1168 1520 1207 demum
1547 1169 1627 1208 hoc
1653 1167 1819 1208 nomine
1845 1167 1957 1220 digni
1982 1167 2178 1218 videntur,
2200 1181 2292 1208 cum

253 1225 469 1268 inciderint
487 1227 530 1268 in
548 1236 846 1280 promerentem
866 1243 998 1282 neque
1018 1237 1154 1270 tamen
1173 1229 1421 1270 ambientem
1434 1231 1474 1269 '⁵.

365 1290 486 1331 Duco
511 1291 565 1332 ad
588 1304 660 1332 vos
685 1290 814 1332 virum
837 1293 1101 1332 reverendum
1125 1294 1402 1333 W1LLELMUM
1429 1294 1593 1333 MooRE
1613 1294 1719 1344 EDE,
1743 1295 1956 1334 Decanum
1975 1293 2293 1346 Wigorniensem

254 1350 521 1394 nominatum.

1090 1599 1107 1632 1
1121 1596 1148 1647 7
1190 1583 1292 1632 Oct.
1339 1585 1465 1644 1908

270 1707 403 1758 Visit
436 1708 502 1773 of
529 1709 781 1758 Members
821 1709 887 1774 qf
911 1709 993 1758 tlte
1027 1709 1413 1759 Internatz‘onal
1449 1709 1745 1773 Conference
1778 1727 1839 1758 on
1874 1709 1930 1757 E
1932 1709 2100 1758 lectrz'c
2144 1709 2294 1760 Unz'ts

364 1826 482 1881 (499)
512 1829 844 1869 SCANDmAvrAM
884 1829 1007 1870 hodie
1045 1829 1164 1870 nobis
1202 1829 1317 1882 quasi
1349 1836 1602 1882 praesentem
1640 1829 1773 1870 reddit
1812 1831 1990 1882 Upsalae
2023 1837 2063 1870 et
2101 1830 2294 1871 Holmiae

254 1892 442 1932 alumnus
474 1890 652 1944 insignis,
686 1891 756 1943 qui
796 1892 1083 1945 ‘electrolysis'
1122 1892 1183 1946 (ut
1220 1891 1352 1946 aiunt)
1384 1892 1616 1945 praesertim
1650 1892 1691 1932 in
1725 1892 1931 1944 provincia
1963 1892 2292 1946 investigatorum

255 1954 438 1995 omnium
466 1955 550 1996 dux
577 1962 617 1996 et
645 1955 807 2007 signifer
835 1956 977 1996 merito
1006 1956 1253 1996 existimatur
1264 1971 1276 2006 3
1315 1955 1385 2008 qui
1413 1956 1605 1996 scientiae
1634 1955 1841 1996 chemicae
1869 1955 1911 1995 in
1939 1955 2101 2008 regione
2129 1957 2294 2008 physica

254 2018 358 2059 inter
384 2018 615 2060 conditores
643 2019 880 2072 praecipuos
910 2027 1143 2060 numeratur
1154 2034 1166 2069 5
1195 2019 1266 2071 qui
1294 2033 1316 2059 e
1346 2018 1512 2059 scientia
1540 2019 1608 2059 illa
1636 2018 1859 2072 praemium
1883 2019 1972 2059 orbi
1997 2027 2188 2059 terrarum
2218 2019 2292 2060 toti

253 2081 506 2135 propositum
525 2081 769 2134 reportavit⁶,
792 2082 906 2123 cuius
926 2083 1057 2123 laudis
1076 2082 1180 2123 inter
1198 2082 1412 2135 participes
1428 2082 1600 2123 illustres
1615 2090 1655 2123 et
1671 2083 1967 2124 Cancellarium
1982 2090 2164 2123 nostrum
2181 2091 2221 2123 et
2235 2084 2292 2124 rei

252 2144 442 2198 physicae
466 2147 738 2186 Professorem
764 2154 946 2187 nostrum
971 2160 1058 2187 esse
1086 2146 1331 2199 gloriamur⁷.
1390 2147 1507 2186 Idem
1531 2146 1627 2187 solis
1653 2145 1778 2199 ipsius
1802 2153 1966 2187 naturae
1992 2146 2095 2186 inter
2118 2147 2294 2198 explora-

253 2213 360 2248 tores
377 2207 704 2261 patienfissimus,
726 2215 1011 2262 tempestatum
1031 2209 1134 2250 inter
1155 2223 1325 2262 augures
1349 2208 1728 2261 perspicacissimus,
1752 2207 1812 2261 (ut
1838 2208 2119 2261 Aristophanis
2142 2208 2294 2249 verbis⁸

253 2271 461 2323 paululum
481 2271 644 2312 mutatis
663 2271 769 2325 utar)
788 2274 862 2311 τῶν
880 2273 946 2311 νῦν
963 2272 1347 2326 μετεωρολογούντων
1366 2271 1480 2325 quasi
1499 2270 1685 2324 princeps
1706 2270 1790 2311 iure
1810 2271 1966 2323 optimo
1986 2285 2073 2312 esse
2093 2273 2225 2312 fertur.

363 2334 471 2386 Ergo
508 2334 772 2375 Scientiarum
813 2337 968 2376 Doctor
1005 2336 1128 2376 hodie
1167 2336 1310 2376 merito
1347 2343 1503 2376 creatur
1536 2335 1727 2376 scientiae
1765 2336 1971 2376 chemicae
2009 2335 2051 2376 in
2088 2335 2294 2388 provincia

253 2395 419 2447 physica
452 2396 632 2437 Instituti
661 2397 820 2438 Nobilis
853 2397 1121 2439 Scientiarum
1150 2398 1191 2439 in
1222 2398 1445 2439 Academia
1479 2398 1607 2450 Regia
1636 2398 1854 2439 Holmensi
1884 2401 2045 2448 Rector,
2080 2401 2292 2440 SVANTIUS

254 2460 486 2501 Aucusrus
515 2462 791 2502 ARRHEmus.

364 2579 480 2633 (500)
519 2581 870 2632 Francogallorum
908 2579 1135 2632 respublica
1173 2580 1356 2629 maxima,
1398 2579 1516 2620 nobis
1553 2578 1695 2628 vicina,
1729 2579 1847 2620 nobis
1885 2579 2085 2620 amicitiae
2122 2579 2292 2621 vinculis

252 2642 384 2684 indies
402 2642 615 2684 artioribus
633 2643 861 2691 coniuncta,
883 2643 954 2683 viri
977 2643 1327 2684 desideratissimi⁹
1346 2642 1387 2683 in
1411 2643 1553 2692 vicem,
1576 2656 1850 2684 successorem
1874 2643 1959 2684 eius
1980 2643 2086 2683 misit
2112 2643 2294 2696 dignissi-

254 2719 378 2756 mum,
400 2706 470 2760 qui
489 2721 572 2748 non
593 2708 718 2748 modo
738 2706 841 2748 inter
860 2708 1086 2748 Germanos
1106 2709 1179 2749 sed
1198 2707 1319 2748 etiarn
1344 2708 1446 2748 inter
1470 2709 1752 2759 Francogallos
1779 2709 1985 2756 educatus,
2008 2708 2292 2749 Parisiensium

341 2813 355 2836 ¹
377 2815 517 2848 Charles
533 2815 669 2858 Taylor,
689 2816 798 2856 D.D.,
817 2815 1000 2849 Masterof
1011 2815 1050 2849 St
1063 2814 1195 2858 John's,
1212 2815 1291 2848 died
1308 2826 1352 2848 on
1373 2825 1409 2848 12
1427 2815 1572 2858 August.
1593 2817 1686 2858 1908.
1855 2814 1869 2835 ²
1894 2815 2090 2859 University
2106 2816 2292 2849 Extension

255 2858 427 2899 Lecturer,
450 2860 533 2902 1874
533 2861 611 2893 -81.
736 2858 752 2879 ³
776 2860 932 2892 Hulsean
949 2860 1245 2902 Lecturer,1895;
1272 2858 1447 2901 (Lecturer
1462 2870 1506 2891 on
1524 2859 1675 2892 Pastoral
1691 2859 1869 2902 Theology
1871 2859 2009 2902 ,1906)
2127 2858 2142 2882 4
2165 2860 2216 2902 By
2234 2860 2292 2892 the

255 2903 405 2938 Statutes
426 2903 465 2936 of
481 2903 674 2937 worcester
693 2903 892 2943 Cathedral,
907 2904 965 2937 the
986 2904 1083 2936 Dean
1105 2908 1193 2936 must
1216 2904 1258 2936 be
1278 2913 1299 2935 a
1320 2903 1364 2935 D.
1372 2903 1414 2935 D.
1436 2903 1551 2935 before
1570 2903 1614 2935 he
1637 2903 1665 2936 is
1681 2903 1856 2936 admitted.
1906 2904 1981 2936 The
2005 2903 2153 2938 Statutes
2176 2903 2214 2936 of
2233 2903 2291 2936 the

256 2946 451 2996 University
466 2947 639 2980 mention‘
648 2948 763 2981 Deans
772 2947 811 2980 of
822 2929 1007 2981 Cat'hedral
1020 2947 1208 2980 Churches’
1221 2957 1346 2990 among
1360 2947 1458 2979 those
1474 2947 1615 2980 entitled
1631 2951 1666 2979 to
1682 2947 1850 2991 complete
1867 2948 2017 2990 Degrees
2028 2948 2165 2979 honoris
2175 2958 2288 2985 causa,

254 2989 396 3023 without
413 2990 621 3050 specifying‘
631 2992 746 3024 Deans
762 2991 975 3034 Designate’.
1026 2992 1080 3024 Mt
1099 2992 1220 3024 Moore
1237 2991 1312 3023 Ede
1329 3001 1396 3023 was
1413 2990 1612 3024 described
1604 3001 1639 3023 111
1654 2991 1712 3024 the
1729 2991 1840 3024 Grace
1859 3001 1895 3023 as
1915 2991 2115 3034 ‘appointed
2137 2992 2236 3023 Dean
2256 2970 2296 3023 οἷ’

255 3033 477 3067 Worcester'.
529 3035 729 3068 Preeedents
750 3035 802 3068 for
823 3035 1015 3078 conferring
1037 3035 1095 3068 the
1119 3036 1252 3077 Degree
1275 3045 1319 3067 on
1348 3045 1368 3067 a
1395 3035 1506 3074 Dean,
1532 3035 1646 3068 before
1670 3034 1723 3067 his
1746 3035 1940 3072 admission‚
1964 3045 2042 3077 may
2065 3035 2107 3068 be
2128 3035 2233 3068 found
2255 3035 2291 3068 in

255 3088 311 3111 no.
333 3088 376 3120 30
390 3078 458 3110 and
473 3088 530 3110 no
547 3088 608 3111 221
625 3084 742 3121 supra.
857 3077 1075 3112 “Erasmus
1091 3079 1213 3112 Ioanni
1231 3079 1353 3112 Coleto
1368 3077 1440 3111 suo’
1458 3078 1496 3121 (c.
1515 3079 1704 3112 December
1724 3078 1833 3120 1504).
1879 3046 2042 3111 Erasmiy
2039 3079 2218 3121 Epistolae‚
2234 3079 2290 3111 ed.

257 3122 296 3154 P.
313 3121 348 3155 S.
369 3121 484 3160 Allen,
501 3122 512 3154 i
529 3121 655 3173 (1906),
673 3134 707 3166 p.
725 3133 801 3165 404,
820 3133 854 3155 n.
876 3125 926 3160 18,
945 3123 1060 3156 Colet
1076 3123 1135 3155 did
1151 3127 1211 3155 not
1228 3122 1374 3164 actually
1389 3123 1528 3155 become
1545 3123 1644 3156 Dean
1661 3123 1747 3155 until
1765 3123 1848 3165 May
1867 3121 1975 3165 1505'.
2047 3122 2062 3143 ⁶
2084 3123 2159 3155 The
2177 3123 2290 3156 Nobel

256 3165 346 3210 prize
361 3165 412 3198 for
428 3165 631 3209 Chemistry.
718 3165 733 3188 ⁷
756 3167 848 3199 Lord
865 3167 1032 3210 Rayleigh
1048 3167 1115 3200 and
1133 3166 1351 3209 ProfessorJ.
1364 3167 1398 3209 J.
1415 3166 1604 3199 Thomson.
1692 3165 1706 3186 ⁸
1729 3166 1851 3203 Nubes,
1870 3165 1945 3207 360.
2032 3165 2047 3187 ⁹
2070 3167 2111 3199 E.
2129 3167 2290 3200 Mascart.

1241 3253 1318 3291 ²23
