2704 3770
666 330 809 398 John
858 330 1109 380 Wz'llz‘ams
1152 330 1330 381 White.
1405 331 1614 380 Samuel
1642 330 1891 395 Pierpont
1925 330 2160 396 Langley.

411 475 710 528 archaeologiae
729 476 905 515 Graecae
924 475 1122 527 paulisper
1140 482 1383 527 praeceptor,
1405 475 1506 515 inter
1524 475 1833 515 Aberdonenses
1852 481 1985 515 autem
2005 474 2085 515 iam
2104 474 2421 527 quattuordecim

414 553 484 592 per
512 552 640 580 annos
670 538 886 578 litterarum
919 538 1199 578 humaniorum
1229 539 1435 590 professor.
1493 537 1629 590 Atqui,
1661 537 1739 578 nisi
1770 539 1894 586 fallor,
1929 551 2149 590 numquam
2182 538 2306 590 magis
2335 550 2423 579 sene

414 602 536 643 sensit
568 615 656 642 esse
687 600 810 649 domi,
844 613 966 652 quarn
1003 614 1095 640 cum
1129 601 1249 641 Asiae
1281 601 1540 641 occidentalis
1573 601 1614 640 in
1651 601 1920 652 penetralibus
1951 615 2078 654 prope
2114 601 2326 642 inaccessis
2363 608 2423 642 ent

413 664 692 717 peregrinatus.
751 665 958 714 Quantum
988 665 1124 703 lumen
1157 663 1296 703 itinera
1325 663 1392 703 illa
1423 671 1463 703 et
1492 664 1756 716 geographiae
1783 672 1824 704 et
1850 665 2037 706 historiae
2066 673 2106 705 et
2138 664 2276 705 litteris
2303 663 2423 705 sacris

414 728 628 775 attulerint,
649 732 842 766 testantur
859 724 948 764 libri
967 726 1019 765 de
1038 725 1158 765 Asiae
1176 725 1416 776 geographia
1435 725 1621 765 historica
1644 732 1683 765 et
1703 726 1755 765 de
1777 725 1946 767 ecclesia
1967 726 2008 766 in
2032 726 2199 778 imperio
2222 727 2420 774 Romano,

415 788 484 828 ubi
507 787 626 828 etiam
652 788 704 827 de
730 785 848 825 Plinii
870 793 910 826 et
938 785 1098 825 Traiani
1121 786 1308 837 epistolis,
1335 787 1386 826 de
1412 786 1525 826 Pauli
1550 794 1589 827 et
1618 787 1793 827 Theclae
1819 787 1929 836 actis,
1957 789 2009 828 de
2037 787 2221 839 Glycerio
2249 787 2424 840 denique

414 851 599 900 diacono,
612 848 843 891 doctissime
862 848 1095 900 disputatur.
1146 850 1262 889 Idem
1277 856 1471 889 testantur
1484 849 1573 889 libri
1589 850 1640 889 de
1657 850 1848 902 Phrygiae
1862 858 1902 891 et
1917 851 2075 903 oppidis
2090 857 2130 891 et
2144 849 2423 903 episcoporum

414 913 637 967 provinciis,
659 914 710 953 de
739 914 887 953 Sancto
916 913 1041 951 Paulo
1069 912 1154 952 cive
1184 913 1371 952 Romano
1399 919 1439 952 et
1467 913 1519 952 de
1547 913 1726 952 eiusdem
1750 913 1967 961 itineribus,
1987 915 2040 954 de
2065 913 2233 965 epistola
2260 913 2345 954 eius
2371 913 2425 954 ad

416 978 577 1017 Galatas
596 974 831 1026 conscripta,
851 975 904 1015 de
923 973 1071 1015 Christi
1090 973 1264 1025 denique
1283 973 1406 1025 ipsius
1425 987 1532 1013 anno
1552 981 1591 1014 et
1609 975 1700 1015 loco
1720 975 1851 1014 natali.
1908 975 1979 1015 Vir
1997 976 2049 1016 de
2068 989 2178 1015 sacra
2195 974 2424 1027 praesertim

415 1037 691 1089 archaeologia
722 1044 804 1077 tarn
841 1036 1039 1088 praeclare
1072 1035 1245 1084 meritus,
1280 1035 1351 1075 diu
1383 1043 1423 1075 et
1460 1035 1502 1075 in
1536 1035 1740 1076 Britannia
1772 1044 1811 1076 et
1848 1044 1954 1077 trans
1991 1050 2142 1089 aequor
2177 1036 2424 1078 Atlanticum

415 1099 661 1152 antiquitatis
689 1098 890 1139 studiosos
918 1097 1026 1137 libris
1055 1096 1135 1136 suis
1163 1096 1327 1146 erudiat,
1357 1097 1533 1137 consiliis
1560 1097 1731 1146 adiuvet,
1762 1100 1945 1150 exemplo
1972 1099 2126 1140 excitet.

526 1165 644 1203 Duco
662 1164 715 1203 ad
734 1175 804 1202 vos
825 1162 1092 1200 Professorem
1114 1160 1454 1209 Aberdonensem,
1478 1161 1747 1200 W1LLELMUM
1771 1162 2001 1201 MiranLL
2020 1163 2210 1201 RAMSAY.

525 1259 639 1312 (338)
661 1260 722 1298 Ex
740 1256 945 1297 Atlantide
959 1269 1135 1304 exorsus,
1148 1256 1190 1295 in
1211 1255 1415 1296 Atlantide
1434 1256 1563 1297 laudis
1578 1264 1735 1297 nostrae
1750 1270 1888 1298 cursus
1903 1258 2025 1298 hodie
2039 1258 2196 1298 desinit.
2241 1257 2425 1298 Helladis

415 1325 469 1364 ab
501 1323 639 1363 insulis
669 1321 789 1362 etiam
821 1322 874 1361 ad
909 1320 1148 1372 Hesperiam
1181 1333 1337 1368 novam,
1368 1321 1469 1359 ultra
1501 1321 1790 1360 fortunatorum
1818 1320 1967 1361 insulas
1995 1321 2195 1361 fabulosas
2222 1320 2425 1372 positam²,

418 1384 603 1425 Helladis
630 1396 742 1423 amor
770 1390 876 1422 trans
905 1382 1027 1421 maria
1055 1381 1243 1433 migravit.
1302 1381 1436 1420 Etiam
1465 1388 1572 1421 trans
1599 1395 1749 1433 aequor
1777 1382 2024 1422 Atlanticum
2051 1384 2104 1423 ad
2130 1381 2424 1434 Cantabrigiam

418 1461 563 1489 novam
596 1445 852 1487 transvolavit
884 1445 1100 1485 litterarum
1138 1445 1379 1484 Graecarum
1417 1443 1593 1483 studium
1631 1445 1741 1495 quod
1779 1444 2036 1497 Cantabrigia
2071 1452 2206 1485 nostra
2241 1445 2338 1484 olim
2373 1444 2427 1485 ab

417 1511 582 1553 Oriente
600 1509 765 1562 accepit.
823 1510 951 1549 Adest
969 1509 1067 1547 alter
1081 1521 1129 1547 ex
1148 1506 1204 1547 eis
1224 1506 1293 1557 qui
1312 1506 1353 1545 in
1374 1507 1554 1558 Collegio
1574 1507 1853 1548 Harvardiano
1871 1507 2019 1547 litteras
2039 1509 2211 1548 Graecas
2229 1508 2428 1559 praeclare

416 1575 651 1626 profitentur
663 1588 674 1622 ;
710 1573 824 1612 adest
856 1572 1016 1611 scholae
1045 1570 1367 1621 archaeologicae
1398 1569 1658 1610 Americanae
1686 1570 1856 1611 Athenis
1884 1571 2123 1611 constitutae
2151 1584 2254 1612 unus
2282 1584 2306 1612 e
2335 1583 2428 1612 con·

417 1636 612 1677 ditoribus
640 1634 872 1688 praecipuis,
903 1634 972 1686 qui
1000 1633 1120 1673 etiam
1149 1632 1244 1684 ipsis
1270 1632 1439 1672 Athenis
1467 1633 1783 1684 archaeologiam
1811 1635 2011 1684 professus
2039 1641 2109 1683 est,
2131 1634 2200 1685 qui
2220 1633 2289 1686 (ne
2315 1634 2429 1685 plura

419 1697 748 1749 commemorem)
769 1698 820 1737 de
840 1709 984 1736 scaena
1006 1694 1295 1746 Aristophanis,
1317 1695 1368 1734 de
1391 1694 1697 1734 Atheniensium
1721 1694 2018 1746 opisthodomo,
2039 1697 2091 1736 de
2114 1708 2228 1736 muro
2253 1694 2428 1746 denique

421 1759 623 1811 Pelargico
656 1758 920 1799 eruditissime
952 1756 1177 1808 disputavit.
1235 1755 1494 1807 Antiquitatis
1527 1756 1714 1796 studiosis
1747 1765 1982 1808 pergratum,
2017 1758 2128 1809 quod
2160 1771 2212 1798 ne
2244 1756 2428 1797 ultimum

419 1821 583 1874 quidem
607 1827 885 1873 argumentum
910 1818 1009 1858 illud
1034 1819 1227 1858 intactum
1251 1817 1418 1868 reliquit,
1440 1819 1601 1857 oraculo
1626 1818 1824 1869 Delphico
1850 1817 2171 1868 deterritus,—›r?)
2189 1816 2430 1872 Πιλαργικὸν

421 1883 535 1938 ἀργὸν
553 1883 733 1935 ἅμεινονθ.

528 1949 677 1989 Seriem
723 1946 938 1998 insignium
983 1945 1155 1985 virorum
1202 1943 1350 1984 claudit
1387 1943 1508 1984 hodie
1546 1951 1586 1983 et
1622 1943 1780 1995 linguae
1817 1951 1856 1984 et
1893 1944 2215 1996 archaeologicae
2252 1944 2429 1984 Graecae

422 2013 636 2057 Professor,
667 2012 858 2051 IOANNES
887 2011 1107 2048 WILLIAMS
1137 2009 1300 2046 Wffl‘ra.

1200 2241 1216 2272 1
1234 2241 1249 2272 1
1298 2224 1505 2273 October
1544 2239 1671 2284 1900

531 2344 645 2398 (339)
678 2346 826 2383 TRANs
858 2356 1007 2394 aequor
1043 2341 1290 2382 Atlanticum
1327 2342 1379 2380 ad
1417 2353 1490 2380 nos
1529 2353 1655 2391 nuper
1690 2340 1880 2379 advectus
1918 2345 1978 2378 est
2015 2337 2072 2377 vir
2104 2336 2356 2378 scientiarum
2388 2336 2430 2377 in

424 2407 625 2460 provincia
643 2407 818 2458 insignis,
840 2406 908 2457 qui
934 2405 1054 2445 etiam
1080 2406 1131 2445 de
1153 2403 1396 2444 astronomia
1424 2402 1642 2443 recentiore
1666 2401 1810 2441 librum
1833 2399 2142 2452 pulcherrimum
2167 2399 2429 2452 conscripsiff.

426 2473 476 2511 In
513 2471 612 2510 urbe
644 2471 755 2521 quod
787 2468 1027 2520 reipublicae
1060 2467 1254 2507 maximae
1287 2465 1569 2506 transmarinae
1601 2471 1721 2516 caput
1753 2471 1823 2512 est,
1858 2462 1929 2503 viri
1961 2462 2126 2502 huiusce
2158 2475 2276 2502 curae
2308 2463 2433 2502 multa

426 2535 614 2574 mandata
632 2541 724 2573 sunt
740 2548 747 2571 ε
775 2534 947 2584 primum
968 2545 1149 2571 museum
1170 2530 1385 2570 maximum
1406 2541 1535 2568 rerum
1555 2535 1717 2567 naturae
1737 2526 1872 2578 spoliis
1891 2538 2012 2577 quarn
2026 2524 2205 2576 plurimis
2223 2531 2407 2565 ornatum
2420 2539 2432 2575 ;

425 2596 572 2636 deinde
591 2594 815 2634 institutum
835 2593 1135 2633 celeberrimum
1155 2592 1343 2632 scientiae
1357 2598 1397 2631 et
1414 2590 1620 2641 augendae
1635 2596 1674 2629 et
1689 2588 1952 2639 divulgandae
1967 2586 2208 2627 destinatum
2221 2599 2234 2634 3
2258 2585 2433 2638 denique

425 2672 493 2698 arx
511 2666 550 2698 et
569 2658 730 2708 specula
749 2656 946 2706 quaedam
967 2656 1166 2694 stellarum
1186 2652 1325 2693 lumini
1351 2652 1392 2692 in
1412 2659 1541 2703 partes
1565 2664 1655 2690 suas
1681 2649 1957 2690 distribuendo
1981 2648 2194 2689 dedicata⁴.
2253 2646 2433 2687 Luminis

426 2720 467 2759 in
487 2726 653 2770 spectro,
675 2725 719 2757 ut
737 2717 859 2764 aiunt,
880 2717 979 2756 infra
997 2716 1129 2756 radios
1148 2716 1286 2755 rubros
1306 2714 1404 2754 radii
1423 2713 1489 2753 alii
1508 2713 1576 2764 qui
1595 2714 1802 2752 oculorum
1820 2710 1947 2750 aciem
1967 2723 2125 2761 prorsus
2144 2708 2346 2761 effugiunt,
2362 2707 2434 2748 viri

427 2781 592 2822 huiusce
620 2780 791 2832 ingenio,
820 2779 1070 2820 instrumenti
1096 2779 1190 2819 novi
1218 2777 1363 2818 auxilio
1392 2777 1502 2828 quod
1530 2774 1769 2825 βολόμετρον
1790 2772 2009 2813 nominavit
2021 2773 2045 2820 ¹⁵,
2073 2771 2263 2823 paulatim
2288 2770 2434 2823 proditi

427 2852 467 2885 et
486 2842 671 2896 patefacti
691 2850 792 2882 sunt.
852 2843 984 2882 Nemo
1005 2841 1209 2881 mirabitur
1228 2840 1353 2881 virum
1373 2840 1573 2880 stellarum
1593 2838 1927 2878 observandarum
1947 2848 2082 2876 amore
2101 2842 2213 2875 tanto
2234 2835 2431 2882 affectum,

428 2905 546 2946 etiam
585 2919 607 2945 e
645 2912 746 2944 terra
783 2903 945 2944 volandi
981 2902 1179 2943 desiderio
1216 2901 1367 2954 ingenti
1404 2913 1490 2941 esse
1526 2899 1946 2947 commotum,—-adeo
1983 2904 2037 2945 ut,
2073 2896 2185 2948 quasi
2216 2895 2288 2936 alis
2321 2894 2434 2935 novis

427 2966 626 3015 adhibitis,
656 2967 744 3018 plus
774 2979 893 3017 quam
922 2964 1040 3005 trium
1070 2964 1222 3004 milium
1251 2965 1399 3016 pedum
1427 2976 1498 3014 per
1523 2961 1704 3013 spatium,
1735 2959 1853 3000 etiam
1882 2958 2015 2999 avium
2044 2959 2219 2998 volatum
2246 2955 2435 2998 aemulari

514 3065 526 3087 ¹
553 3067 562 3084 ⁶
574 3066 715 3098 Further
731 3071 811 3098 west
827 3066 924 3098 Than
940 3076 1022 3107 your
1037 3066 1128 3098 sires'
1141 3065 1272 3097 Islands
1288 3065 1325 3096 of
1337 3064 1394 3096 the
1405 3064 1495 3095 Blest
1507 3061 1515 3075 '
1529 3061 1680 3104 (Byron's
1696 3062 1774 3093 Isles
1788 3060 1830 3102 of
1840 3060 1960 3097 Greece,
1975 3064 2014 3092 st.
2030 3059 2073 3098 α).
2164 3056 2178 3077 ²
2200 3056 2428 3099 Thucydides,

428 3111 451 3142 ii
470 3119 520 3151 17,
542 3121 568 3142 1.
699 3110 712 3129 ³
740 3111 773 3142 T
768 3110 808 3141 he
822 3109 906 3142 New
921 3111 1129 3150 Astronomy.
1264 3108 1278 3128 ⁴
1301 3109 1374 3140 The
1392 3107 1552 3138 National
1570 3107 1735 3142 Museum,
1752 3104 1808 3136 the
1826 3103 2054 3136 Smithsonian
2075 3101 2280 3138 Institution,
2295 3100 2362 3133 and
2378 3100 2436 3132 the

428 3153 679 3195 Astrophysical
695 3153 932 3194 Observatory,
949 3153 983 3184 in
999 3152 1233 3194 Washington.
1340 3150 1354 3170 ⁶
1380 3151 1455 3183 Due
1471 3155 1506 3182 to
1523 3149 1610 3182 Prof.
1628 3147 1855 3181 Gildersleeve
1868 3157 1878 3185 ;
1901 3157 1953 3189 cp.
1970 3147 2089 3178 Hellas
2103 3145 2178 3177 and
2187 3143 2360 3186 Hesperia,
2379 3141 2434 3185 63.

1397 3222 1470 3274 158
