2704 3770
716 336 810 385 Sir
854 337 1079 386 W'llz'am
1113 338 1302 387 Robert
1340 339 1512 389 Grave.
1589 340 1684 389 Sir
1713 341 1952 390 Frederz'c
1985 342 2246 408 Lezgrhton.

474 470 667 531 ascriptus
686 488 746 520 est
767 482 951 533 Orpheus
970 482 1036 522 ille
1060 482 1322 530 Britannicus,
1347 483 1547 523 Henricus
1571 486 1726 524 Purcell
1739 499 1750 533 3
1779 484 1897 525 huius
1920 485 2001 526 diei
2022 487 2090 526 lux
2112 486 2283 526 crastina
2306 486 2480 527 musicae

474 554 609 583 sacrae
634 542 709 594 ipsi
732 551 922 595 patronae
946 546 1115 586 Sanctae
1142 546 1340 587 Caeciliae
1364 546 1551 587 dedicata
1576 554 1648 595 est,
1675 560 1778 599 quae
1801 560 1850 589 eo
1879 548 2044 589 nomine
2066 561 2090 589 a
2115 548 2244 601 poetis
2271 550 2479 602 Orpheum

473 601 605 655 ipsum
625 617 831 657 superasse
851 607 982 656 fertur,
1004 608 1116 659 quod

1071 680 1160 721 ‘ille
1188 680 1252 720 vix
1279 681 1462 721 umbram
1491 682 1689 722 revocavit
1717 682 1825 723 Orco
1837 697 1849 733 3

1092 734 1159 774 illa
1186 736 1360 775 sublatas
1388 749 1506 788 super
1532 743 1636 776 astra
1663 744 1818 777 mentes

1091 789 1227 829 inserit
1255 791 1366 830 caelo
1379 791 1415 828 ²².

472 860 582 900 Talis
608 868 652 901 ut
678 861 862 913 magister
888 861 981 901 artis
1009 861 1167 901 Artium
1194 862 1262 901 fiat
1289 862 1488 914 Magister,
1510 864 1617 902 duco
1639 865 1692 903 ad
1718 877 1787 903 vos
1812 863 1905 903 artis
1929 863 2105 904 musicae
2129 865 2336 904 doctorem
2358 871 2480 916 atque

471 925 576 965 adeo
607 933 905 978 praeceptorem
935 925 1149 978 egregium,
1178 925 1353 966 musicae
1382 939 1515 966 sacrae
1543 926 1735 967 artificem
1764 927 1972 979 optimum,
2005 929 2240 968 GEORGIUM
2270 929 2481 968 MURstu.

474 986 692 1026 GARRETT.

1286 1149 1344 1182 10
1364 1133 1505 1198 sune
1550 1136 1673 1195 1879

581 1248 667 1302 (18)
707 1250 827 1289 Imus
852 1248 1009 1290 initium
1037 1263 1061 1290 a
1088 1257 1228 1290 natura
1253 1263 1339 1290 esse
1364 1251 1530 1290 ductum
1554 1258 1716 1291 auctore
1743 1251 1877 1291 Tullio
1904 1250 2157 1303 accepimus;
2184 1250 2278 1291 iuris
2296 1251 2476 1303 peritiam

472 1323 669 1350 summam
699 1324 791 1351 cum
817 1310 957 1351 intima
982 1324 1111 1352 rerum
1138 1320 1302 1352 naturae
1329 1312 1558 1364 cognitione
1584 1326 1670 1353 esse
1696 1321 2019 1360 consentaneam,
2041 1326 2123 1353 non
2151 1314 2276 1353 modo
2305 1313 2478 1354 Baconis

472 1373 596 1413 nostri
614 1374 796 1424 exemplo
816 1374 1094 1414 confirmatum
1110 1381 1179 1423 est,
1198 1375 1270 1414 sed
1289 1374 1406 1414 huius
1421 1387 1583 1426 quoque
1595 1374 1737 1415 iudicis
1752 1375 1985 1415 auctoritate
2001 1375 2236 1415 defenditur.
2282 1377 2476 1427 Magnum

472 1436 650 1486 profecto
669 1448 799 1474 rerum
818 1442 982 1475 naturae
999 1448 1177 1475 amorem
1198 1442 1362 1475 testatur
1380 1436 1507 1475 oratio
1532 1435 1609 1484 illa,
1632 1449 1711 1488 qua
1730 1436 1878 1476 abhinc
1904 1449 2032 1476 annos
2051 1436 2243 1476 tredecim
2269 1437 2476 1478 Societatis

472 1497 724 1537 Britannicae
744 1496 997 1537 scientiarum
1018 1498 1164 1538 finibus
1184 1498 1430 1550 proferendis
1450 1498 1641 1550 praesidis
1660 1499 1783 1538 annui
1803 1513 1949 1539 munus
1968 1499 2207 1551 auspicatus,
2228 1499 2270 1539 in
2295 1499 2478 1541 universa

470 1573 600 1600 rerum
631 1568 770 1600 natura
802 1560 983 1600 ordinem
1018 1562 1220 1612 quendam
1254 1561 1353 1601 serie
1386 1568 1575 1612 perpetua
1606 1561 1882 1609 continuatum
1915 1562 2045 1602 inesse
2077 1562 2276 1610 docebat3
2314 1569 2479 1602 testatur

470 1622 597 1662 oratio
624 1622 691 1662 illa
721 1624 844 1662 altera
871 1621 1019 1662 abhinc
1046 1636 1175 1662 annos
1203 1624 1292 1674 plus
1321 1636 1442 1674 quam
1470 1623 1628 1675 triginta
1655 1626 1828 1675 primum
1857 1623 1974 1673 edita,
2006 1637 2085 1676 qua
2112 1624 2262 1676 primus
2289 1624 2479 1665 indicavit

470 1685 612 1732 lucem,
635 1686 821 1732 calorem,
842 1683 921 1723 vim
942 1684 1176 1733 electrieam,
1198 1684 1278 1724 vim
1299 1685 1574 1736 magneticam,
1597 1693 1779 1725 mutuam
1798 1698 1929 1725 rerum
1949 1699 2052 1737 quae
2072 1685 2216 1726 dicitur
2233 1685 2476 1736 affinitatem,

470 1746 600 1799 ipsum
620 1747 794 1798 denique
814 1754 979 1795 motum,
1001 1760 1142 1787 omnes
1161 1747 1283 1787 alium
1302 1761 1351 1787 ex
1369 1747 1447 1787 alio
1472 1761 1591 1799 posse
1609 1748 1796 1799 generari,
1819 1762 1959 1789 omnes
1982 1748 2276 1789 necessitudine
2302 1750 2476 1801 quadam

470 1809 572 1850 inter
590 1824 633 1850 se
652 1818 767 1863 aptos
786 1818 826 1851 et
845 1823 1047 1851 connexos
1067 1824 1163 1859 esse,
1189 1812 1449 1851 ‘ostendens'
1469 1810 1530 1863 (ut
1550 1811 1708 1851 Lucreti
1728 1810 1856 1851 verbis
1876 1811 1978 1864 utar)

1336 1883 1592 1933 ‘corpuscula
1620 1882 1797 1922 materiai

958 1951 1007 1978 ex
1034 1936 1191 1976 infinito
1220 1949 1417 1976 summam
1446 1949 1576 1976 rerum
1605 1949 1732 1987 usque
1760 1943 1906 1985 tenere,

955 1991 1134 2041 undique
1162 1992 1316 2042 protelo
1344 1991 1547 2041 plagarum
1575 1990 1809 2030 continuato
1825 1991 1862 2029 '².

473 2067 596 2116 Quod
634 2066 667 2105 si
699 2066 784 2118 ipse
817 2073 954 2106 tenore
987 2065 1180 2105 continuo
1218 2064 1352 2116 ingeni
1384 2064 1484 2104 tanti
1521 2064 1600 2104 vim
1640 2072 1765 2104 totam
1803 2078 1933 2104 rerum
1971 2070 2134 2104 naturae
2171 2066 2475 2116 cognoscendae

471 2128 708 2169 intendisset
720 2144 732 2178 3
760 2129 826 2169 ille
853 2130 1033 2180 profecto
1063 2128 1131 2179 qui
1160 2127 1239 2167 luci
1272 2127 1480 2167 electricae
1512 2140 1661 2167 novum
1695 2128 1949 2179 splendorem
1982 2126 2148 2175 addidit,
2179 2127 2316 2166 talium
2345 2141 2475 2167 rerum

471 2192 702 2232 obscuritati
721 2192 839 2232 etiam
862 2192 1051 2232 maiorem
1071 2193 1201 2231 lucem
1220 2190 1425 2230 attulisset.
1485 2191 1672 2231 Ceterum
1693 2190 1770 2239 ille,
1787 2190 1856 2242 qui
1874 2203 1957 2229 non
1978 2190 2101 2229 modo
2120 2190 2252 2241 legum
2268 2190 2475 2230 scientiam

471 2255 542 2293 sed
569 2253 819 2294 scientiarum
841 2267 1002 2305 quoque
1027 2255 1133 2305 leges
1156 2252 1307 2304 optime
1333 2252 1610 2303 interpretatus
1635 2259 1705 2300 est,
1727 2252 1811 2292 iure
1830 2251 1983 2302 optimo
2004 2252 2157 2303 Legum
2178 2253 2331 2291 Doctor
2353 2251 2475 2292 hodie

470 2316 666 2355 creabitur
677 2330 689 2365 ;
734 2316 905 2367 duplicis
941 2317 1097 2367 palmae
1133 2316 1294 2355 laudem
1332 2314 1504 2362 meritus,
1536 2321 1708 2354 vestrum
1746 2313 1927 2354 omnium
1964 2314 2105 2365 plausu
2142 2312 2226 2353 iure
2258 2313 2475 2364 excipietur

471 2379 704 2416 WlLELMUS
733 2379 962 2417 ROBERTUS
991 2378 1153 2417 GaovE.

580 2483 667 2536 (19)
706 2483 856 2536 Regiae
881 2483 1023 2523 artium
1049 2482 1292 2523 Academiae
1318 2481 1537 2522 Academia
1563 2480 1898 2533 Cantabrigiensis
1924 2480 2046 2521 hodie
2065 2482 2279 2533 gratulatur
2291 2494 2303 2530 ς
2330 2479 2474 2520 artium

473 2547 788 2586 Britannicarum
825 2545 1041 2585 antistitem
1079 2545 1237 2585 Artium
1277 2544 1457 2596 Magistri
1490 2544 1674 2584 iubemus
1712 2545 1870 2583 salvere.
1932 2543 2087 2582 Artium
2124 2542 2368 2584 Academiae
2405 2542 2472 2593 illi,

469 2609 660 2661 praesidis
679 2609 772 2649 novi
791 2608 986 2660 auspiciis,
1009 2621 1157 2648 novum
1177 2615 1433 2659 praeceptum
1453 2620 1580 2658 nuper
1607 2607 1745 2646 datum
1765 2614 1824 2646 est
1839 2613 2028 2646 z—artem
2049 2606 2198 2647 scilicet
2226 2603 2298 2658 Per
2316 2619 2359 2645 se
2387 2618 2474 2646 esse

471 2673 647 2713 nobilem
661 2688 672 2723 3
700 2673 831 2724 ipsum
850 2673 966 2724 igitur
984 2672 1175 2711 artificem
1195 2671 1285 2711 trita
1303 2678 1343 2711 et
1368 2670 1511 2710 usitata
1535 2683 1617 2710 non
1643 2669 1898 2710 reformidare
1912 2683 1923 2718 3
1951 2668 2044 2708 talia
2069 2669 2176 2708 enim
2202 2669 2290 2720 ipso
2314 2667 2473 2708 artificis

471 2742 578 2774 tactu
599 2734 748 2774 nobilia
767 2735 898 2773 statim
919 2733 1032 2773 fieri³.
1091 2732 1214 2784 Atqui
1234 2733 1318 2784 ipse
1338 2739 1486 2784 quanta
1505 2731 1707 2783 dignitate,
1729 2743 1811 2770 non
1831 2730 1911 2769 iarn
1935 2731 2069 2769 tenuia
2093 2729 2376 2782 amplificando
2402 2730 2474 2768 sed

471 2798 634 2849 grandia
659 2797 791 2849 potius
814 2798 1067 2844 aemulando,
1088 2796 1337 2836 nobilitatem
1360 2794 1453 2834 artis
1476 2794 1750 2833 intemeratam
1780 2792 2078 2840 conservaverit,
2101 2794 2273 2832 declarat
2301 2792 2472 2843 primum

471 2861 570 2901 illud
602 2860 735 2912 ingeni
766 2860 898 2912 magni
927 2861 1225 2907 documentum,
1256 2857 1298 2896 in
1332 2870 1412 2908 quo
1444 2856 1605 2908 pictoris
1639 2855 1772 2907 magni
1801 2854 2019 2894 Florentini
2047 2854 2292 2906 triumphum
2320 2853 2474 2906 egregie

473 2923 693 2974 depinxit⁴;
719 2925 892 2964 declarat
911 2922 1036 2975 gravis
1052 2924 1118 2961 illa
1132 2927 1273 2974 poetae
1288 2920 1449 2960 maximi
1465 2919 1682 2959 Florentini
1697 2919 1890 2959 exulantis
1905 2919 2036 2970 imago
2044 2933 2055 2967 ;
2082 2921 2284 2959 declarant
2300 2917 2474 2969 denique

473 2998 616 3037 magna
634 2985 700 3024 illa
724 2992 964 3037 argumenta,
987 2985 1068 3025 sive
1094 2983 1280 3024 historiae
1306 2995 1439 3022 sacrae
1468 2981 1549 3021 sive
1577 2987 1783 3033 poetarum
1814 2982 2056 3021 Graecorum
2085 2994 2108 3021 e
2136 2980 2311 3021 fontibus
2339 2979 2472 3032 petita.

559 3078 572 3099 ¹
595 3080 696 3112 From
712 3080 769 3113 the
783 3080 959 3123 rendering
974 3079 1012 3112 of
1025 3079 1144 3122 Pope’s
1160 3079 1225 3111 ode
1239 3089 1282 3111 on
1297 3079 1334 3110 S.
1348 3077 1496 3110 Cecilia's
1507 3078 1587 3118 Day
1602 3076 1703 3118 (Nov.
1723 3075 1776 3117 αα)
1794 3076 1828 3108 in
1841 3075 2058 3118 christopher
2074 3075 2211 3108 Smart’s
2222 3077 2346 3112 Poems,
2358 3075 2381 3108 ii
2401 3084 2472 3118 109,

474 3124 527 3156 ed.
548 3132 640 3166 1791.
888 3122 902 3142 ²
925 3123 1108 3162 Lucretius,
1134 3122 1157 3154 ii
1182 3132 1255 3164 529.
1509 3119 1523 3140 ⁸
1547 3121 1657 3152 Motto
1672 3120 1757 3151 from
1773 3119 1905 3152 Goethe
1920 3119 1955 3150 in
1970 3119 2143 3161 Academy
2159 3119 2356 3162 Catalogue,
2377 3119 2472 3161 1879.

472 3167 486 3187 ⁴
509 3171 517 3185 ‘
530 3166 720 3200 Cimabue's
735 3167 909 3199 Madonna
924 3167 1050 3199 carried
1067 3166 1101 3197 in
1118 3165 1306 3208 procession
1322 3164 1466 3206 through
1481 3164 1537 3196 the
1553 3168 1669 3196 streets
1684 3163 1722 3195 of
1734 3164 1761 3195 F
1763 3163 1894 3195 lorence
1906 3162 1925 3193 '-

1450 3249 1499 3285 14
