2704 3770
275 324 390 374 Otto
422 323 667 374 Butsclzli.
739 323 925 373 Robert
962 323 1008 372 C
1004 322 1165 373 hadal.
1238 322 1456 371 Francis
1488 323 1726 373 Darwz'n.
1799 324 1863 372 K
1858 324 1950 373 arl
1975 341 2069 373 von
2109 324 2296 373 Goebel.

383 467 499 520 (513)
531 468 747 521 Zoologiae
779 469 1045 521 professorem
1078 467 1467 519 Heidelbergensem
1502 466 1568 508 ovi
1598 468 1766 507 cellulae
1799 466 1840 506 in
1874 474 1995 507 auctu
2026 467 2304 520 investigando

272 531 452 583 plurimis
481 545 780 584 praecursorem
809 533 1057 584 praeclarum
1090 530 1287 572 exstitisse
1320 537 1490 570 constat.
1550 531 1668 571 Idem
1697 531 1991 580 Infusoriorum
2018 532 2069 571 de
2098 531 2179 571 vita
2206 539 2301 580 tota,

271 597 504 637 cellularum
524 596 709 637 binarum
729 596 961 649 praesertim
981 597 1033 636 de
1053 595 1349 648 coniugatione,
1371 608 1475 647 opus
1495 594 1698 647 egregium
1719 594 1957 646 conscripsit
1971 609 1982 644 3
2011 596 2051 634 in
2077 595 2245 635 aliorum
2266 603 2305 636 et

272 658 334 699 sui
366 659 492 712 ipsius
524 659 629 699 circa
658 661 848 700 Pr0tozoa
878 659 1083 700 laboribus
1121 658 1389 706 recensendis,
1424 665 1579 699 ceteros
1616 658 1841 709 superavit3
1884 657 2004 698 etiam
2038 657 2304 698 bacteriorum

271 720 399 773 ipsam
428 728 666 762 structuram
694 721 928 775 explicavit3
965 735 1095 774 porro,
1127 721 1168 761 in
1197 722 1398 761 Protozoz's
1426 728 1466 761 et
1494 721 1745 771 Protoplzytis
1773 719 1861 769 illis,
1895 733 1999 771 quae
2029 719 2194 760 nomine
2222 734 2305 760 uno

271 784 448 824 stotista
475 785 738 837 appellantur,
766 786 944 836 amylum
973 785 1183 837 quomodo
1212 785 1520 833 conformatum,
1551 784 1762 836 quomodo
1791 782 2049 823 distributum
2079 783 2140 831 sit,
2171 790 2306 835 aperte

271 846 585 895 demonstravit3
622 846 719 887 olim
753 846 940 899 denique,
977 860 1061 886 non
1094 846 1181 887 sine
1214 847 1351 887 labore
1383 848 1511 887 multo
1542 853 1582 886 et
1616 845 1783 894 minuto,
1808 847 2077 896 protoplasma
2110 858 2193 885 non
2227 844 2305 884 iarn

271 907 520 949 reticulatam
558 910 631 950 sed
668 910 907 949 alveolarem
947 910 1151 960 quandam
1190 910 1360 949 sormam
1394 921 1604 960 spumeam
1642 907 1791 947 habere
1825 905 2133 959 comprobavit¹.
2195 908 2307 947 Non-

271 972 473 1012 nullorum
501 973 620 1021 fama,
645 971 726 1012 cito
754 971 940 1024 peritura,
966 974 1075 1012 velut
1103 985 1246 1024 spuma
1274 972 1316 1012 in
1345 972 1534 1012 fluctibus
1563 971 1731 1012 summis
1760 971 1962 1012 evanescit
1974 985 1986 1020 ς
2017 970 2089 1010 viri
2117 969 2235 1010 huius
2264 970 2305 1010 in

270 1047 400 1076 rerum
420 1042 562 1076 natura
580 1034 740 1087 penitus
759 1036 1004 1086 exploranda
1023 1034 1209 1076 virtutem
1233 1039 1242 1057 ‘
1255 1049 1405 1076 merses
1425 1036 1628 1088 profundo
1642 1048 1653 1084 3
1682 1034 1885 1087 pulchrior
1904 1033 2037 1074 evenit
2050 1033 2090 1072 '⁹-

381 1097 501 1138 Duco
519 1098 573 1138 ad
590 1111 663 1138 vos
683 1098 900 1139 OTTONEM
923 1099 1154 1138 Bursam.

379 1202 495 1256 (514)
541 1204 771 1245 Genevensi
808 1204 850 1244 in
894 1203 1177 1254 Universitate‚
1216 1203 1367 1244 abhinc
1404 1217 1534 1244 annos
1572 1205 1662 1257 plus
1701 1218 1823 1257 quam
1862 1211 2039 1252 centum,
2079 1205 2306 1256 plantarum

268 1265 542 1319 physiologiae
564 1266 771 1308 chemicae
799 1266 1007 1307 scientiam
1034 1266 1218 1307 condidit
1245 1266 1303 1306 vir
1325 1266 1498 1316 illustris,
1522 1266 1717 1307 Horatius
1748 1267 1994 1308 Benedictus
2019 1268 2071 1307 de
2098 1268 2302 1308 Saussure.

269 1328 321 1368 In
339 1329 483 1370 eadem
502 1329 710 1370 doctrinae
729 1331 837 1377 sede,
859 1329 930 1369 viri
950 1329 1050 1370 tanti
1070 1329 1246 1381 vestigiis
1267 1343 1426 1369 summa
1444 1343 1539 1370 cum
1559 1330 1679 1370 laude
1699 1329 1846 1370 insistit
1869 1329 2082 1370 botanicae
2108 1331 2308 1382 professor

268 1389 446 1444 insignis,
486 1405 608 1443 quem
653 1391 776 1432 hodie
820 1393 1049 1432 salutamus.
1109 1391 1308 1432 Scientiae
1350 1392 1455 1432 illius
1494 1393 1546 1432 de
1583 1391 1789 1444 principiis
1828 1394 2028 1445 praeclare
2066 1392 2307 1444 disputavit;

269 1452 550 1505 experimentis
575 1452 756 1506 plurimis
782 1453 984 1502 adhibitis,
1006 1455 1233 1505 plantarum
1259 1454 1408 1494 cotidie
1432 1454 1699 1495 crescentium
1726 1456 1833 1506 leges
1859 1454 2070 1507 explicavit
2083 1470 2094 1505 3
2122 1457 2308 1495 ferment-

268 1529 385 1557 orum
415 1516 592 1569 denique
622 1516 663 1556 in
696 1517 844 1569 plantis
874 1524 1056 1556 naturam
1090 1516 1220 1568 ipsam
1251 1517 1449 1569 patefecit.
1509 1518 1639 1563 Idem,
1675 1519 1820 1557 florum
1853 1517 1895 1557 in
1926 1517 2093 1558 scientia
2123 1518 2307 1559 universa

269 1578 578 1629 sollertissimus,
598 1593 682 1620 non
708 1580 834 1620 modo
860 1579 1044 1620 herbario
1074 1579 1336 1619 celeberrimo
1362 1579 1465 1619 inter
1493 1581 1707 1631 populares
1734 1593 1828 1620 suos
1854 1580 2054 1632 praefuit⁸,
2083 1582 2155 1621 sed
2184 1580 2305 1621 etiam

269 1642 379 1693 algas
403 1640 550 1682 virides
570 1641 856 1682 minutissimas
880 1641 977 1690 illas,
1000 1655 1105 1693 quae
1127 1641 1279 1693 patriae
1302 1641 1596 1693 pulcherrimae
1618 1643 1729 1683 lacus
1758 1642 1979 1683 immensos
2007 1642 2200 1692 incolunt,
2222 1650 2307 1683 arte

270 1701 416 1743 eximia
434 1703 626 1755 depinxit,
647 1703 750 1744 libro
769 1703 928 1756 egregio
947 1703 1159 1756 descripsit
1166 1704 1191 1742 ⁴.

383 1767 503 1807 Duco
521 1767 575 1807 ad
594 1779 666 1806 vos
687 1767 931 1806 ROBERTUM
953 1767 1168 1807 CnonAT⁵.

379 1864 495 1920 (515)
526 1865 654 1906 Patris
687 1865 848 1906 illustris
879 1879 902 1906 e
935 1865 1026 1906 filiis
1059 1865 1282 1918 insignibus
1315 1867 1430 1907 adest
1463 1880 1579 1917 unus,
1612 1867 1682 1920 qui
1715 1867 1837 1921 patris
1870 1882 1963 1909 cum
1995 1868 2184 1921 operibus
2213 1882 2306 1910 con-

270 1929 445 1971 sociatus
465 1930 625 1979 ultimis,
647 1930 719 1970 viri
739 1930 838 1970 tanti
858 1929 981 1970 vitam
997 1938 1037 1971 et
1051 1930 1201 1971 litteras
1217 1930 1297 1971 diei
1313 1930 1355 1970 in
1370 1932 1503 1971 lucem
1519 1944 1602 1971 non
1615 1931 1702 1972 sine
1716 1932 1836 1972 laude
1852 1931 2027 1984 protulit.
2088 1932 2306 1973 Botanicae

269 1993 475 2046 provincia
492 1993 766 2046 physiologica
785 2002 824 2034 et
844 1993 953 2034 libris
974 2001 1013 2034 et
1033 1993 1316 2046 experimentis
1331 1994 1412 2034 suis
1432 1994 1536 2034 inter
1554 2002 1714 2035 nosmet
1729 1995 1837 2047 ipsos
1858 1996 2058 2047 praeclare
2072 2004 2303 2047 propagata,

268 2055 391 2108 patris
413 2069 438 2096 a
463 2057 646 2109 Collegio
669 2063 880 2108 propterea
906 2055 1071 2096 honoris
1097 2069 1218 2096 causa
1247 2055 1380 2096 socius
1407 2056 1549 2097 merito
1573 2064 1633 2097 est
1659 2057 1901 2097 nominatus.
1961 2058 2111 2109 Nuper,
2133 2058 2174 2097 in
2201 2058 2304 2098 libro

267 2119 426 2172 egregio
458 2120 580 2173 patris
613 2120 675 2160 sui
708 2120 750 2160 in
781 2121 978 2160 honorem
1009 2133 1033 2159 a
1066 2119 1248 2172 plurimis
1285 2119 1528 2172 conscripto,
1558 2120 1644 2173 ipse
1675 2128 1715 2161 et
1745 2120 1868 2172 patris
1896 2128 1935 2160 et
1965 2134 2037 2160 sua
2065 2128 2106 2161 et
2135 2121 2303 2161 aliorum

266 2183 319 2223 de
338 2182 515 2223 motibus
535 2184 761 2234 plantarum
781 2182 944 2222 inventa
963 2183 1186 2222 luculenter
1206 2181 1487 2233 perlustravit⁰.
1548 2183 1666 2222 Idem
1682 2182 1723 2222 in
1743 2196 1852 2222 anno
1869 2182 2082 2234 praeterito
2096 2182 2306 2223 Societatis

268 2245 523 2287 Britannicae
555 2246 812 2287 scientiarum
846 2246 994 2286 finibus
1032 2245 1281 2298 proferendis
1320 2245 1613 2298 disputationes
1647 2246 1828 2287 oratione
1866 2246 2022 2298 egregia
2059 2246 2302 2299 auspicatuS,

266 2309 494 2361 plantarum
516 2308 559 2348 in
585 2308 762 2348 motibus
791 2307 1051 2358 explicandis,
1072 2308 1220 2360 plantis
1243 2308 1340 2360 ipsis
1365 2322 1566 2349 annorum
1592 2308 1838 2349 volventium
1868 2308 1910 2348 in
1940 2309 2039 2350 serie
2068 2309 2305 2350 memoriam

267 2373 473 2424 quandam
496 2372 728 2414 tribuebat⁷.
789 2374 911 2412 Hanc
937 2371 1191 2423 potissimum
1219 2372 1273 2412 ob
1300 2385 1474 2421 causam,
1497 2386 1580 2412 non
1607 2374 1733 2413 modo
1759 2372 1892 2424 patris,
1915 2375 1987 2414 sed
2007 2372 2129 2414 etiam
2153 2373 2303 2425 proavi,

269 2435 411 2474 Florae
429 2439 574 2486 poetae
592 2433 755 2482 eximii⁸‚
777 2433 983 2486 ingenium
1003 2435 1250 2485 praeclarum
1271 2433 1478 2486 utriusque
1497 2434 1539 2473 in
1559 2433 1750 2486 progenie
1770 2434 1956 2475 revixisse
1976 2435 2227 2476 crediderim.

380 2498 500 2537 Duco
518 2498 572 2537 ad
591 2510 662 2537 vos
683 2499 963 2537 FRANCISCUM
986 2497 1205 2536 DARWIN9.

377 2603 492 2657 (516)
532 2603 698 2644 Bavaria
734 2605 787 2645 ad
825 2618 900 2645 nos
939 2603 1045 2644 misit
1084 2605 1225 2645 Florae
1260 2604 1486 2645 ministrum
1525 2604 1724 2657 insignem
1759 2606 2062 2655 Monacensem‚
2098 2605 2178 2658 qui,
2211 2614 2304 2659 post

269 2667 608 2722 peregrinationes
645 2668 885 2720 longinquas
923 2667 965 2707 in
1005 2667 1134 2717 India,
1171 2667 1212 2707 in
1245 2669 1486 2717 Venezuela,
1522 2668 1564 2708 in
1603 2668 1804 2709 Australia
1841 2670 2039 2718 toleratas,
2073 2670 2125 2709 de
2162 2669 2305 2711 studiis

269 2730 351 2772 suis
379 2729 655 2783 pulcherrimis
690 2744 782 2770 cum
818 2738 974 2771 oratore
1009 2732 1200 2771 Romano
1233 2738 1367 2784 potest
1400 2731 1534 2772 dicere
1549 2735 1627 2772 :—‘
1640 2733 1739 2773 haec
1771 2732 1904 2773 studia
1938 2734 2140 2773 delectant
2174 2734 2305 2784 domi3

265 2795 367 2834 haec
389 2793 522 2834 studia
545 2792 758 2833 nobiscum
781 2795 1144 2847 peregrinantur’10.
1204 2795 1368 2835 Florum
1389 2796 1440 2836 de
1464 2795 1642 2848 biologia
1665 2796 1894 2844 universa11,
1922 2797 2066 2837 florum
2091 2798 2143 2838 de
2167 2798 2304 2838 formis

267 2857 372 2899 inter
390 2871 434 2898 se
453 2856 618 2898 diversis
638 2864 678 2898 et
697 2857 859 2910 originis
878 2866 919 2898 et
938 2857 1017 2898 loci
1037 2871 1059 2898 e
1079 2865 1221 2898 natura
1244 2857 1351 2898 varia
1371 2858 1563 2907 exortis¹⁸,
1586 2860 1730 2900 florum
1752 2861 1804 2900 de
1824 2859 2003 2912 partibus
2029 2859 2306 2901 minutissimis

354 2961 367 2983 ¹
390 2962 649 3014 Investigationr
662 2974 705 2997 on
723 2964 933 3007 Microscopic
949 2965 1067 2997 Foams
1083 2965 1157 2996 and
1168 2975 1211 2996 on
1228 2965 1445 3008 Protoplasm,
1463 2965 1505 2998 E.
1518 2966 1574 3004 Τ.,
1594 2967 1690 3010 1894.
1809 2966 1823 2987 ²
1847 2967 1996 3006 Horace,
2018 2967 2132 2999 Carm.
2149 2966 2183 2998 iv
2199 2979 2231 3007 4,
2248 2965 2302 3008 65.

267 3005 284 3028 ⁸
304 3007 450 3040 Herbier
463 3007 621 3040 Bozssier.
764 3006 779 3027 ⁴
801 3009 924 3051 Algues
938 3013 1043 3041 vertes
1057 3009 1095 3041 de
1109 3009 1142 3040 la
1158 3009 1279 3041 Suisse.
1412 3008 1426 3029 ¹⁵
1448 3009 1584 3042 Author
1598 3010 1637 3043 of
1649 3010 1822 3053 Principes
1837 3011 1875 3042 de
1888 3011 2076 3053 Botam'que
2092 3008 2220 3053 (1906),
2237 3015 2300 3042 etc.

266 3049 282 3073 θ
304 3051 454 3084 Darwin
469 3051 542 3083 and
553 3051 697 3084 Modern
712 3052 855 3092 Scimce,
875 3053 937 3094 385
951 3052 974 3084 f.
1105 3051 1119 3073 ⁷
1141 3052 1286 3090 Nature,
1305 3062 1323 3094 3
1341 3053 1386 3087 Se
1411 3058 1434 3086 t.
1459 3054 1553 3096 1908,
1570 3053 1635 3095 416
1651 3053 1674 3086 f.
1800 3053 1814 3075 ⁸
1839 3054 1997 3087 Erasmus
2014 3054 2165 3093 Darwin,
2183 3053 2305 3086 author

267 3094 307 3128 of
325 3095 359 3127 T
352 3094 391 3127 he
404 3095 506 3127 Loves
519 3094 560 3138 of
567 3095 622 3127 the
636 3095 767 3135 Plants‚
786 3101 849 3130 etc.
1044 3095 1059 3117 ⁹
1084 3096 1218 3128 Author
1233 3096 1273 3129 of
1290 3097 1356 3129 The
1371 3064 1419 3130 g
1433 3109 1450 3130 ε
1464 3098 1539 3130 and
1550 3098 1676 3131 Letters
1690 3098 1733 3141 os
1741 3098 1880 3131 Charles
1896 3098 2046 3130 Darwin
2065 3097 2179 3140 (1887)
2194 3109 2203 3136 3
2234 3098 2300 3130 The

265 3138 464 3181 Physiology
478 3137 519 3181 qs
525 3138 662 3176 Plants;
686 3139 754 3171 and
776 3139 843 3173 The
858 3139 1030 3173 Elements
1044 3140 1086 3183 qf
1093 3141 1236 3182 Botany.
1388 3139 1401 3161 ¹
1439 3142 1504 3175 See
1521 3141 1650 3180 Cicero,
1660 3147 1726 3185 pro
1741 3142 1882 3180 Archia,
1903 3141 1954 3175 16.
2099 3141 2125 3162 1¹
2149 3142 2302 3174 Dar-min

263 3182 339 3216 and
350 3182 492 3215 Modern
508 3183 650 3220 Sciencc‚
667 3193 729 3225 401
748 3182 772 3216 f.
906 3182 935 3205 ¹²
956 3184 1346 3227 Pflanzenmorpltologie.
2182 3206 2185 3209 -

1241 3269 1319 3307 229
