2704 3770
532 308 677 375 John
712 308 1035 358 Martindale
1071 307 1318 372 Speeclzly.
1392 308 1446 356 A
1453 308 1610 356 rtlzur
1641 309 1940 359 Sweatman.

1058 524 1115 569 16
1157 518 1259 570 Oct.
1306 522 1432 582 1879

333 630 423 684 (28)
453 633 604 672 Vnum
625 631 830 672 laboribus
850 631 970 672 sacris
985 630 1112 683 patria
1126 631 1266 682 procul
1286 629 1463 670 toleratis
1478 628 1556 668 iam
1573 628 1668 669 satis
1683 635 1907 680 spectatum
1928 635 1968 668 et
1986 630 2251 681 approbatum

224 693 469 735 Academiae
487 694 654 735 nomine
673 694 796 735 hodie
816 696 966 735 salvere
985 701 1108 745 atque
1127 694 1231 733 adeo
1251 694 1381 733 valere
1401 692 1587 732 iubemus
1604 706 1615 741 ;
1644 693 1713 743 qui
1737 691 1886 731 abhinc
1909 705 2038 731 annos
2065 692 2204 744 viginti
2227 708 2250 734 e

223 756 406 809 Collegio
426 756 520 797 Divi
541 757 707 798 Ioannis
721 770 914 809 egressus,
932 756 1067 797 statim
1083 769 1170 796 sese
1186 763 1317 796 totum
1334 755 1476 795 Indiae
1489 754 1714 804 dedicavit3
1743 754 1812 806 qui
1829 755 1990 794 scholae
2003 756 2253 808 theologicae

223 819 523 872 Cottayamensi
543 820 936 873 Cantabrigiensium
960 834 1123 861 suorum
1145 827 1308 872 sumptu
1333 819 1579 868 aedificatae,
1601 818 1889 870 discipulorum
1916 831 2078 858 suorum
2107 833 2252 871 magno

221 893 317 922 cum
340 882 482 931 fructu,
511 881 581 922 diu
600 882 794 934 praefuit;
827 882 908 934 qui,
930 882 1128 922 Academi
1155 882 1262 922 silvis
1289 882 1425 922 denuo
1451 881 1643 928 redditus,
1669 881 1741 919 has
1768 879 1870 920 inter
1899 880 2060 920 umbras
2090 881 2251 932 optimis

219 943 409 997 auspiciis
447 945 644 985 Indorum
681 945 888 997 antiquam
927 945 1106 998 linguam
1145 958 1298 985 sacram
1336 944 1543 985 addidicit.
1621 943 1854 984 Provinciae
1897 944 2250 985 Travancoriensis

219 1006 434 1060 episcopus
471 1009 636 1048 tandem
674 1017 943 1058 consecratus,
979 1022 1073 1049 mox
1106 1008 1252 1049 redibit
1288 1008 1330 1048 in
1365 1010 1591 1048 Australem
1626 1007 1734 1047 illam
1768 1007 1911 1047 Indiae
1945 1015 2108 1060 partem,
2143 1010 2251 1049 unde

218 1068 381 1110 codices
409 1069 498 1110 illos
530 1069 842 1123 antiquissimos,
873 1070 1016 1123 partim
1049 1070 1263 1120 Hebmica,
1295 1070 1440 1122 partim
1471 1069 1630 1121 Syriaca
1656 1069 1792 1121 lingua
1818 1069 2079 1121 conscriptos,
2111 1069 2251 1111 biblio-

219 1132 361 1174 thecae
386 1141 547 1174 nostrae
566 1134 717 1175 rettulit
741 1134 935 1176 Claudius
956 1136 1178 1174 Buchanan
1194 1149 1204 1183 3
1233 1133 1378 1174 redibit
1398 1135 1438 1173 in
1460 1147 1570 1173 oram
1592 1132 1712 1181 illam,
1735 1146 1856 1184 quam
1876 1132 2055 1172 lustravit
2078 1133 2174 1173 olim
2194 1134 2251 1173 vir

217 1194 343 1236 animi
367 1196 520 1237 fervore
548 1210 674 1249 prope
698 1197 935 1250 Apostolico
961 1197 1139 1250 insignis,
1162 1197 1398 1237 Franciscus
1425 1196 1570 1237 Xavier
1583 1211 1594 1246 5
1623 1196 1769 1236 redibit
1792 1197 1834 1236 in
1854 1196 1981 1248 ipsam
2003 1204 2158 1245 terram,
2180 1198 2249 1237 ubi

218 1258 504 1310 Apostolorum
543 1274 659 1310 unus,
695 1262 866 1301 Sanctus
903 1263 1094 1310 Thomas,
1128 1260 1318 1301 ecclesias
1349 1268 1504 1312 septem
1538 1260 1770 1300 condidisse
1804 1260 1989 1300 creditur.
2062 1261 2249 1312 Apostoli

216 1319 322 1361 illius
340 1319 382 1360 in
403 1321 636 1362 memoriam
658 1323 727 1374 qui
742 1323 1001 1364 barbarorum
1016 1324 1131 1363 hasta
1146 1324 1356 1363 transfixus
1373 1323 1496 1362 fidem
1518 1336 1632 1362 suam
1654 1330 1781 1362 morte
1802 1321 1981 1374 signavit,
1999 1322 2248 1374 episcopatui

217 1396 325 1425 novo
355 1386 463 1425 velut
492 1384 648 1438 insigne
681 1387 822 1426 datum
854 1394 914 1427 est
944 1394 1102 1427 scutum
1132 1387 1173 1426 in
1205 1400 1286 1438 quo
1317 1386 1478 1438 depicta
1507 1394 1567 1426 est
1595 1387 1710 1426 hasta
1739 1387 1958 1437 hastaeque
1989 1386 2247 1437 superaddita

217 1458 368 1486 corona
379 1461 392 1496 ς
419 1447 569 1487 Christi
589 1448 665 1488 sub
684 1448 799 1500 signo
819 1448 1076 1489 militantium
1096 1450 1182 1489 sine
1202 1449 1395 1501 sanguine
1415 1448 1639 1500 triumphos
1660 1450 1774 1488 hasta
1794 1462 1894 1500 pura
1914 1448 2075 1497 indicat,
2095 1449 2247 1489 indicat

217 1519 368 1548 corona
399 1506 508 1548 illam
537 1521 641 1561 quae
670 1523 893 1562 numquam
922 1518 1072 1551 marcet
1104 1510 1253 1563 gloriae
1283 1524 1485 1551 coronam.
1546 1512 1647 1550 Vale
1680 1510 1798 1562 igitur
1829 1509 1943 1549 miles
1974 1518 2121 1559 noster,
2154 1511 2246 1551 forti

215 1569 354 1610 animo
381 1577 422 1610 et
449 1584 617 1624 corpore
645 1580 744 1620 esto,
775 1573 869 1613 fidei
899 1581 1057 1613 scutum
1086 1573 1159 1614 tibi
1189 1575 1332 1623 sumel,
1364 1574 1518 1614 bonurn
1548 1581 1752 1614 certamen
1781 1580 1899 1621 certa,
1933 1574 2055 1614 fidem
2085 1575 2226 1614 serva2.

325 1634 542 1675 Praesento
579 1635 693 1675 vobis
727 1635 854 1676 virum
888 1638 1111 1677 admodum
1140 1639 1404 1678 reverendum
1435 1638 1642 1676 IOANNEM
1678 1639 1974 1676 MART1NDALE
2005 1638 2240 1686 SPEECHLY,

216 1693 452 1749 episcopum
471 1697 646 1752 primum
666 1700 1081 1742 Travancoriensium.

1045 1864 1110 1911 30
1147 1848 1248 1897 Oct.
1292 1850 1418 1910 1879

322 1964 408 2017 (29)
444 1964 710 2004 Mnmmsns
730 1969 882 2014 quanto
902 1962 1075 2015 partium
1095 1962 1230 2003 studio
1249 1963 1418 2004 ecclesia
1438 1963 1759 2004 Torontonensis
1779 1963 1848 2004 illo
1873 1971 2054 2015 tempore
2073 1964 2243 2004 excitata

211 2025 275 2076 sit,
295 2039 379 2079 quo
404 2024 585 2079 episcopi
611 2024 754 2077 optimi
778 2025 978 2066 demortui
1006 2025 1048 2065 in
1078 2027 1212 2066 locum
1243 2039 1450 2067 successor
1474 2026 1646 2067 idoneus
1672 2027 1796 2079 ipsius
1825 2027 2019 2068 ecclesiae
2050 2028 2242 2079 suffragiis

212 2089 488 2142 quaerebatur.
559 2088 609 2128 In
642 2087 816 2128 comitiis
849 2087 925 2128 illis
959 2090 1080 2128 sacris
1114 2102 1306 2141 magnum
1339 2090 1520 2141 profecto
1554 2097 1638 2129 erat
1669 2090 1848 2141 partibus
1877 2097 1945 2129 aut
1975 2089 2036 2129 his
2065 2098 2134 2129 aut
2168 2090 2243 2130 illis

210 2150 331 2193 unice
348 2151 516 2204 dignum
535 2150 665 2191 visum
685 2163 773 2191 esse
792 2151 1053 2192 candidatum
1069 2166 1081 2201 3
1110 2152 1237 2192 maius
1264 2153 1440 2201 fortasse,
1464 2166 1556 2192 cum
1577 2153 1884 2193 candidatorum
1912 2159 2051 2192 neuter
2071 2154 2244 2205 suffragi-

209 2228 326 2256 orum
344 2228 558 2257 numerum
577 2214 671 2254 satis
692 2228 882 2266 magnum
902 2215 1067 2264 tulisset,
1090 2217 1143 2256 ad
1166 2217 1363 2256 honorem
1390 2216 1647 2268 episcopatus
1666 2217 1718 2257 ab
1746 2217 1924 2268 utrisque
1948 2216 2127 2268 partibus
2154 2231 2242 2257 esse

209 2277 439 2331 expetitum.
498 2278 621 2317 Illum
646 2283 782 2316 autem
805 2277 950 2329 ipsum,
970 2277 1043 2318 viri
1071 2278 1319 2327 Academici,
1343 2278 1465 2318 hodie
1495 2280 1725 2328 salutamus,
1753 2280 1804 2318 ad
1832 2292 1954 2330 quern
1980 2278 2149 2318 ecclesia
2175 2279 2241 2319 illa

209 2338 420 2380 discordiis
447 2340 551 2380 fessa
579 2340 688 2379 velut
715 2340 769 2380 ad
796 2339 989 2380 arbitrum
1020 2340 1380 2381 controversiarum
1410 2354 1571 2381 suarum
1602 2341 1981 2393 confugit,——-virum
2011 2340 2079 2392 qui
2107 2342 2241 2382 adhuc

209 2401 364 2444 iuvenis
391 2404 494 2443 inter
521 2401 821 2454 condiscipulos
852 2416 947 2443 suos
976 2404 1244 2444 Academicos
1275 2404 1479 2444 laboribus
1509 2404 1630 2444 sacris
1659 2403 1877 2456 dirigendis
1907 2403 2140 2452 eminuerat,
2171 2405 2240 2456 qui

209 2473 350 2519 postea
368 2465 410 2506 in
430 2466 626 2508 Coloniae
651 2473 813 2506 nostrae
839 2467 1089 2507 Canadensis
1116 2467 1322 2519 provincia
1347 2467 1551 2519 superiore
1578 2467 1720 2507 studiis
1745 2466 2037 2507 mathematicis
2057 2467 2240 2508 fovendis

208 2540 374 2581 operam
389 2528 566 2576 dederat,
581 2526 651 2578 qui
670 2526 751 2567 illic
771 2527 954 2579 Collegio
976 2529 1296 2577 HellmuthianQ
1320 2528 1607 2580 discipulorum
1630 2542 1793 2569 suorum
1815 2542 1962 2580 magno
1983 2542 2075 2568 cum
2096 2530 2236 2578 fructu,

208 2593 442 2644 praefuerat,
472 2591 542 2644 qui
570 2591 750 2643 episcopi
784 2591 959 2643 denique
990 2592 1246 2633 Huronensis
1279 2600 1319 2633 et
1347 2592 1568 2644 praesentis
1601 2592 1760 2632 adiutor
1788 2600 1828 2632 et
1860 2592 2038 2632 absentis
2071 2591 2238 2631 vicarius

208 2654 388 2708 egregius
416 2654 628 2696 exstiterat.

317 2720 459 2772 Nuper
487 2719 699 2760 Oceanum
727 2731 926 2768 emensus,
956 2718 1181 2770 Collegium
1212 2732 1342 2767 suum,
1364 2718 1428 2758 cui
1458 2718 1606 2759 Christi
1636 2731 1786 2758 nomen
1816 2718 1988 2758 inditum
2018 2724 2088 2766 est,
2117 2716 2239 2757 hodie

206 2781 376 2824 libenter
394 2782 549 2823 revisit:
580 2796 675 2822 mox
690 2782 937 2822 Atlanticum
953 2796 1086 2822 rursus
1102 2782 1349 2829 transiturus,
1367 2795 1674 2833 nonnumquam
1691 2783 1857 2821 fortasse
1873 2780 2042 2832 Collegii
2057 2780 2236 2820 eiusdem

205 2845 359 2887 alumni
377 2845 482 2887 illius
509 2846 643 2899 magni
668 2860 751 2887 non
778 2846 1001 2896 immemor,
1025 2847 1145 2886 verba
1168 2846 1235 2886 illa
1256 2846 1419 2886 Miltoni
1438 2847 1490 2886 de
1511 2845 1658 2885 summi
1679 2844 1869 2884 Numinis
1890 2844 2078 2884 ministris
2099 2857 2234 2884 secum

208 2910 545 2951 med¹tab¹tur²—
698 2939 775 2978 Illo
804 2937 980 2987 iubente,
1012 2938 1120 2977 mille
1149 2936 1331 2989 pernices
1360 2938 1497 2977 volant

698 3000 806 3032 trans
835 2992 960 3032 maria
987 3005 1133 3044 magna
1162 3000 1352 3043 transque
1380 2998 1503 3031 terras
1532 2990 1687 3039 nuntii3

698 3046 768 3098 qui
796 3053 903 3086 stant
932 3048 1056 3087 modo
1085 3053 1409 3099 exspectantque,
1441 3053 1482 3086 et
1509 3044 1565 3084 illi
1594 3045 1799 3086 serviunt³.

402 3146 414 3167 ¹
437 3148 527 3191 Eph.
555 3148 587 3180 vi
616 3147 667 3181 16.
858 3147 873 3167 ²
897 3158 914 3180 2
946 3148 1033 3180 Tim.
1058 3148 1091 3180 iv
1117 3156 1146 3189 7.
1340 3146 1354 3167 ³
1377 3147 1441 3189 Cp.
1467 3147 1603 3181 Milton.
1629 3147 1753 3178 Sonnet
1780 3155 1828 3188 19,
1856 3145 2030 3187 adfinem.

1201 3233 1248 3270 19
2021 3230 2124 3267 3—2
