2704 3770
794 316 936 382 solzn
972 317 1230 382 Regz'nald
1258 318 1501 368 Harmer.
1576 319 1790 368 Francis
1830 320 2028 370 Gallon.

412 459 642 500 Britannico
670 460 856 501 codicum
885 462 1147 503 Orientalium
1172 470 1306 503 custos
1332 463 1572 513 nominatus,
1593 478 1663 516 per
1684 478 1811 505 annos
1831 465 2101 517 quadraginta,
2123 472 2166 505 ut
2192 465 2420 517 diplomatis

412 523 637 562 Bonnensis
657 537 783 575 nuper
802 524 1020 565 honorifice
1039 526 1216 566 renovati
1235 525 1364 566 verbis
1383 533 1480 575 utar,
1503 527 1636 567 Musei
1654 527 1756 567 illius
1780 531 1789 549 ‘
1801 528 2007 569 codicibus
2026 528 2217 578 Arabicis,
2241 528 2418 578 Persicis,

411 584 602 632 Turcicis,
623 598 779 626 summa
798 599 890 626 cum
911 600 1005 628 cura
1024 587 1289 639 singularique
1310 588 1490 628 doctrina
1509 589 1726 641 descriptis,
1747 591 1799 630 ad
1819 597 1950 630 vastos
1972 590 2188 631 litterarum
2214 591 2420 631 thesauros

411 647 598 687 omnibus
624 647 777 688 aditum
797 650 995 701 patefecit,
1016 651 1210 691 adeuntes
1237 663 1392 702 semper
1415 651 1580 691 consilio
1603 659 1724 703 atque
1747 666 1867 704 opera
1889 653 2055 694 comiter
2077 653 2228 694 adiuvit
2240 655 2260 692 '.
2318 653 2420 694 Satis

410 721 554 749 causae
586 709 738 750 dictum
773 724 860 751 esse
893 711 1043 763 opinor,
1075 712 1319 762 Academici,
1350 726 1419 752 cur
1447 715 1708 766 professorem
1738 722 1848 754 tanta
1876 715 2067 765 doctrina,
2098 722 2207 755 tanta
2232 715 2420 756 comitate

409 771 644 822 praeditum,
667 773 719 812 ad
738 773 1000 813 Academiam
1026 781 1201 814 nostram
1228 775 1442 815 adeuntem
1469 788 1515 815 ea
1540 789 1619 827 qua
1637 789 1709 826 par
1736 783 1795 816 est
1824 775 2011 817 comitate
2038 777 2291 828 accipiamus.
2347 777 2420 816 Vir

410 832 632 883 linguarum
675 833 937 875 Orientalium
980 835 1218 888 eruditione·
1246 844 1328 876 tam
1376 836 1497 887 dives,
1537 837 1681 890 dignus
1727 844 1833 878 certe
1879 846 1938 879 est
1984 838 2053 890 qui
2101 838 2246 878 Horati
2291 838 2420 879 verbis

407 896 626 946 appelletur

1054 966 1064 984 ⁴
1080 962 1237 1003 intactis
1268 963 1495 1015 opulentior

942 1016 1135 1056 thesauris
1163 1018 1342 1057 Arabum
1371 1025 1410 1058 et
1439 1017 1569 1058 divitis
1600 1019 1791 1060 Indiae'1.

516 1089 633 1127 Duco
652 1089 704 1128 ad
724 1101 794 1128 vos
815 1088 993 1140 Linguae
1013 1090 1208 1131 Arabicae
1228 1092 1508 1140 Professorem,
1530 1093 1744 1133 CAROLUM
1766 1095 1891 1134 R1EU.

1233 1252 1262 1296 9
1298 1237 1429 1301 May
1469 1240 1592 1300 1895

511 1351 624 1405 (243)
664 1353 802 1391 INTER
848 1352 1026 1393 colonias
1073 1359 1227 1393 nostras
1271 1356 1475 1394 Australes
1522 1355 1724 1406 provincia
1769 1357 2047 1398 Adelaidensis
2093 1358 2241 1410 patriae
2286 1373 2414 1412 nuper

403 1415 636 1467 episcopum
662 1416 846 1456 donavit2
859 1431 870 1466 ;
902 1423 1059 1457 nosmet
1088 1417 1163 1469 ipsi
1191 1417 1361 1457 invicem
1391 1418 1572 1459 coloniae
1600 1419 1656 1458 illi
1684 1420 1970 1460 remotissimae
1993 1421 2135 1461 nostris
2164 1436 2187 1462 e
2212 1422 2301 1462 filiis
2328 1437 2411 1463 non

404 1479 526 1518 modo
553 1479 852 1529 proconsulem³
874 1486 914 1519 et
936 1480 1231 1531 professorem⁴,
1252 1481 1324 1520 sed
1352 1480 1472 1520 etiam
1498 1481 1731 1534 episcopum
1758 1484 1966 1523 donamus.
2026 1485 2131 1535 Ergo
2153 1485 2307 1525 muneri
2328 1493 2412 1526 tam

402 1555 513 1581 sacro
533 1541 774 1582 destinatum
796 1550 902 1583 trans
922 1543 1044 1583 maria
1064 1556 1207 1595 magna
1227 1543 1420 1583 mittimus
1439 1545 1644 1584 alumnum
1665 1552 1855 1594 nostrum,
1873 1545 1999 1585 virum
2019 1546 2155 1586 litteris
2174 1547 2413 1588 humaniori-

401 1604 475 1644 bus
514 1605 725 1654 excultum,
762 1604 902 1646 studiis
940 1606 1173 1658 theologicis
1211 1606 1459 1654 instructum,
1495 1609 1666 1647 duorum
1699 1608 1889 1661 deinceps
1924 1610 2192 1662 Collegiorum
2225 1611 2409 1661 socium⁶,

400 1666 558 1705 duobus
578 1666 768 1718 deinceps
787 1667 984 1719 episcopis
1002 1667 1342 1708 Dunelmensibus
1357 1668 1517 1708 vinculo
1535 1669 1732 1710 artissimo
1753 1670 2055 1718 consociatumf.
2115 1673 2235 1712 Velut
2254 1672 2349 1712 olim
2368 1672 2410 1712 in

400 1727 606 1767 Britannia
642 1736 777 1768 nostra
806 1743 830 1768 a
867 1730 971 1770 duce
1008 1729 1175 1781 egregio,
1211 1730 1403 1770 Suetonio
1443 1731 1622 1778 Paulino,
1658 1731 1810 1772 iuvenis
1843 1732 2006 1784 quidam
2039 1732 2217 1782 eximius,
2248 1735 2410 1775 Gnaeus

400 1788 525 1828 Iulius
563 1789 758 1840 Agricola,
791 1791 940 1830 electus
971 1798 1031 1831 est
1064 1804 1184 1843 quem
1219 1792 1482 1831 contubernio
1515 1792 1768 1842 aestimaret⁷‚
1804 1807 1886 1833 non
1919 1794 2031 1834 aliter
2063 1796 2246 1835 alumnus
2275 1804 2410 1836 noster

399 1851 539 1891 merito
559 1851 727 1891 dilectus
747 1852 925 1903 episcopi
947 1854 1241 1902 Dunelmensis,
1264 1855 1398 1893 Sancti
1419 1854 1531 1893 Pauli
1551 1854 1772 1905 interpretis
1792 1856 2021 1904 doctissimi,
2036 1857 2330 1897 contubernalis
2350 1866 2408 1898 est

396 1912 646 1952 constitutus.
696 1914 829 1962 Quem
846 1914 954 1954 fideli
967 1914 1184 1954 ministerio
1199 1916 1332 1955 adhuc
1347 1915 1479 1955 vivum
1492 1915 1715 1963 adiuvabat,
1733 1916 1910 1956 eiusdem
1931 1917 2154 1966 memoriae,
2172 1918 2406 1969 scriptorum

397 1975 481 2015 eius
513 1975 686 2027 reliquiis
717 1989 873 2016 summa
896 1990 989 2016 cura
1019 1977 1147 2026 editis,
1178 1990 1260 2016 non
1290 1977 1420 2017 minus
1450 1977 1618 2017 fideliter
1646 1978 1874 2017 consuluit⁸.
1933 1979 2026 2019 Sine
2054 1979 2179 2019 dubio
2207 1980 2333 2031 igitur,
2364 1981 2405 2021 in

396 2037 595 2077 coloniam
633 2039 740 2077 illam
779 2038 1037 2090 longinquam
1072 2040 1328 2090 profecturus,
1364 2039 1405 2078 in
1439 2053 1602 2079 munere
1632 2053 1705 2079 suo
1735 2040 1925 2080 obeundo
1959 2041 2096 2080 talium
2127 2042 2404 2093 episcoporum

396 2100 596 2149 exemplar
613 2107 707 2139 ante
727 2101 865 2139 oculos
885 2100 1093 2149 retinebit,-
1122 2100 1188 2148 ibi,
1207 2100 1239 2140 si
1259 2102 1432 2152 quando,
1450 2100 1693 2152 provinciam
1713 2114 1825 2141 suam
1845 2101 2080 2142 immensam
2100 2105 2403 2155 contemplatus,

395 2161 529 2201 Sancti
549 2161 662 2201 Pauli
681 2162 810 2201 verbis
831 2176 924 2202 usus
944 2170 1070 2203 semet
1089 2163 1218 2214 ipsum
1238 2163 1503 2215 interrogabit,
1525 2163 1580 2204 τίς
1604 2163 1697 2214 πρὸς
1718 2165 1834 2202 ταῦτα
1854 2162 1992 2209 ῖκανός;
2020 2165 2205 2216 Apostoli
2223 2165 2402 2206 eiusdem

394 2224 435 2263 in
455 2223 582 2263 verbis
603 2224 701 2264 vires
722 2238 845 2265 novas
865 2226 1054 2266 divinitus
1074 2227 1242 2266 donatas
1263 2226 1437 2267 inveniet
1452 2225 1639 2266 ῑ-πάντα
1661 2226 1776 2277 ἰσχύω
1795 2228 1833 2265 ἐν
1850 2228 1901 2278 τῷ
1919 2226 2179 2277 ἐνδυναμοῦντί
2191 2229 2268 2278 μεθ.

504 2287 621 2325 Duco
633 2287 685 2326 ad
698 2300 767 2326 vos
782 2288 985 2326 IOANNEM
1001 2289 1295 2328 REGINALDUM
1311 2290 1516 2338 HARMER‚
1532 2290 1765 2340 episcopum
1780 2288 2091 2330 Adelaidensem
2107 2290 2400 2341 designatumw.

1207 2439 1264 2483 16
1299 2436 1430 2500 May
1472 2438 1593 2500 1895

501 2551 614 2605 (244)
644 2552 776 2591 SEDES
797 2552 891 2592 olim
912 2552 986 2593 sibi
1007 2560 1121 2592 notas
1141 2552 1263 2593 hodie
1282 2553 1413 2593 revisit
1432 2555 1616 2593 alumnus
1639 2561 1783 2602 noster,
1807 2554 1875 2606 qui
1894 2554 2058 2595 flumine
2078 2555 2173 2595 Nilo
2195 2557 2400 2613 quondam
2426 2547 2428 2550 ⁵

392 2616 604 2665 explorato,
623 2622 662 2653 et
677 2614 810 2663 Africa
828 2615 1002 2655 Australi
1020 2622 1160 2667 postea
1171 2617 1414 2667 perlustrata,
1431 2618 1538 2656 velut
1557 2618 1654 2656 alter
1675 2617 1896 2657 Mercurius
1915 2618 2093 2658 omnium
2111 2618 2179 2669 qui
2193 2618 2295 2658 inter
2312 2620 2401 2659 loca

392 2677 547 2716 deserta
566 2684 605 2716 et
628 2676 828 2728 inhospita
850 2679 1146 2728 peregrinantur
1168 2678 1326 2718 adiutor
1344 2686 1383 2718 et
1402 2686 1591 2730 patronus
1612 2680 1788 2731 egregius
1809 2681 1965 2721 exstitit.
2024 2683 2150 2730 Idem,
2173 2683 2279 2724 velut
2303 2683 2401 2722 alter

391 2740 552 2786 Aeolus,
592 2738 711 2778 etiam
749 2739 856 2790 ipsos
894 2747 1033 2779 ventos
1076 2740 1255 2792 caelique
1291 2748 1546 2792 tempestates
1584 2755 1680 2782 suae
1721 2743 1946 2793 provinciae
1984 2745 2172 2784 audacter
2206 2744 2397 2784 adiunxit.

392 2799 529 2839 Hodie
567 2813 659 2839 vero
690 2800 933 2840 Academiae
964 2815 1127 2841 nemora
1160 2816 1286 2853 nuper
1314 2804 1496 2853 procellis
1530 2803 1697 2842 nimium
1730 2811 1867 2844 vexata
1900 2817 1982 2844 non
2015 2804 2100 2844 sine
2131 2804 2399 2846 misericordia

389 2862 691 2912 contemplatus,
727 2876 749 2901 e
782 2862 989 2902 frondibus
1021 2863 1164 2903 nostris
1197 2864 1358 2904 caducis
1391 2864 1510 2915 capiti
1540 2871 1621 2903 tam
1654 2865 1867 2905 venerabili
1901 2879 2089 2905 coronam
2122 2866 2190 2906 diu
2221 2867 2396 2907 debitam

477 2955 487 2977 ¹
515 2957 629 2989 Carm.
646 2958 682 2989 iii
700 2968 750 2999 24,
775 2969 802 2990 1.
987 2956 1002 2978 2
1024 2958 1157 3002 George
1172 2960 1365 3002 Wyndham
1383 2960 1552 2998 Kennion,
1570 2961 1621 3003 Bp
1637 2961 1675 2992 of
1686 2961 1851 2994 Adelaide
1870 2961 2058 3005 (1882—94)‚
2075 2963 2142 2995 and
2156 2963 2347 2996 afterwards
2363 2964 2400 2996 os

391 2999 476 3030 Bath
491 3000 557 3032 and
573 3001 688 3034 Wells.
795 2999 808 3021 3
832 3002 923 3034 Lord
938 3002 1129 3044 Tennyson.
1232 3002 1246 3022 4
1270 3004 1311 3035 E.
1328 3014 1395 3035 von
1412 3004 1451 3035 B.
1469 3004 1601 3046 Bensly,
1621 3004 1815 3037 afterwards
1830 3010 1863 3037 at
1880 3005 2128 3048 Aberystwyth.
2239 3007 2252 3027 ⁵
2276 3007 2396 3049 King’s

389 3043 455 3074 and
472 3043 613 3085 Corpus.
756 3043 770 3064 ⁶
793 3044 966 3087 Lightfoot
983 3046 1047 3077 and
1064 3046 1238 3078 Westcott.
1385 3046 1399 3068 ⁷
1421 3047 1567 3083 Tacitus,
1586 3048 1752 3088 Agricola,
1771 3060 1800 3089 5.
1948 3047 1962 3068 ⁸
1986 3049 2184 3091 Lightfoot’s
2200 3051 2342 3082 Leaders
2356 3051 2394 3082 in

389 3086 443 3116 the
462 3086 634 3118 Northern
661 3088 805 3125 Clzurch,
829 3089 993 3130 Apostolz'c
1015 3090 1167 3126 Fallzers,
1192 3090 1258 3121 and
1283 3090 1434 3122 Biblical
1454 3091 1580 3131 Essays
1603 3092 1728 3132 (1893).
1848 3091 1861 3110 ⁹
1885 3103 1902 3124 2
1931 3093 2004 3125 Cor.
2030 3093 2051 3124 ii
2079 3093 2137 3131 16;
2167 3093 2257 3126 Phil.
2284 3094 2318 3125 iv
2344 3103 2394 3134 13.

389 3127 415 3147 ¹⁰
439 3129 564 3172 Bishop
581 3130 618 3161 of
632 3131 824 3169 Rochester,
845 3131 927 3163 from
949 3142 1037 3174 1905.

1345 3219 1418 3245 120
