2704 3770
461 319 532 366 A.
571 318 641 366 A.
695 318 764 366 W.
805 318 1079 366 Hubrecht.
1153 317 1225 366 H.
1265 315 1567 365 Kronecker.
1655 318 1727 365 W.
1767 317 1966 366 Kic'lme.
2041 317 2092 365 S.
2120 316 2178 383 J.
2218 318 2416 381 Marey.

431 478 561 504 rerum
594 463 774 504 omnium
805 463 955 515 origine
988 463 1216 503 recordatus
1246 462 1381 502 omnia
1411 469 1521 500 muta
1554 461 1755 508 mansisse,
1792 461 1944 501 ‘donec
1981 461 2111 509 verba,
2146 460 2291 512 quibus
2324 474 2442 502 voces

431 540 650 578 sensusque
677 534 871 576 notarent,
899 526 1143 578 nominaque
1167 525 1405 573 invenere’¹‚
1437 524 1543 564 idern
1574 524 1615 563 in
1646 524 1731 575 ipsa
1762 523 1992 564 animalium
2026 523 2175 575 origine
2201 524 2443 575 exploranda

434 590 488 630 ob
516 603 604 630 eam
636 590 737 629 inter
764 589 859 629 alias
893 603 1053 629 causam
1083 590 1275 636 laudatur,
1301 589 1423 639 quod,
1458 587 1618 638 ingenio
1649 587 1780 628 vivido
1811 587 2023 639 praeditus,
2058 594 2116 627 tot
2146 587 2309 628 nomina
2339 600 2443 628 nova

433 650 805 702 invenerit,—quod
833 650 978 690 totiens
1006 648 1065 701 (ut
1098 649 1241 688 Horati
1271 648 1397 688 verbis
1427 649 1561 688 denuo
1588 648 1690 700 utar)
1722 650 1968 688 ‘sermonem
1996 648 2166 700 patrium
2195 647 2375 688 ditaverit
2403 654 2443 687 et

434 726 539 753 nova
557 726 687 752 rerum
708 711 873 751 nomina
891 711 1096 762 protulerit
1109 712 1146 748 '².

545 776 662 814 Duco
681 775 734 814 ad
753 787 824 814 vos
843 773 970 813 virum
990 787 1110 825 quem
1131 772 1337 813 nominare
1357 772 1450 812 satis
1471 779 1540 820 est,
1564 773 1802 812 ERNESTUM
1824 774 2045 812 HAECKEL.

540 874 653 928 (298)
673 874 744 913 Vir
765 877 1004 914 Batavorum
1025 873 1125 913 inter
1144 886 1232 912 rura
1251 872 1368 924 genio
1389 871 1615 912 felicissimo
1635 879 1762 921 natus,
1785 871 1966 912 omnium
1986 873 2107 912 corda
2125 872 2178 912 ad
2193 885 2280 912 sese
2298 871 2441 921 allexit,

433 939 617 989 Europae
642 937 819 988 gentium
846 950 970 987 prope
993 936 1172 976 omniurn
1199 937 1351 987 linguas
1378 935 1453 975 sibi
1479 935 1704 984 vindicavit,
1727 935 1879 977 Oceani
1903 937 2077 987 denique
2102 942 2279 975 monstra
2302 934 2362 987 (ut
2389 935 2445 975 ita

432 998 581 1051 dicam)
602 998 865 1038 minutissima
885 1005 924 1038 et
948 997 1188 1046 tenuissima,
1211 1010 1314 1049 quae
1336 999 1542 1036 Nemertea
1566 997 1832 1046 nominantur,
1854 997 2147 1037 accuratissime
2170 997 2444 1049 investiganda

432 1061 508 1102 sibi
527 1060 704 1112 sumpsit.
765 1062 840 1100 Illa
858 1074 951 1100 vero
971 1068 1157 1108 monstra,
1180 1060 1212 1100 si
1231 1060 1360 1111 poetis
1381 1060 1542 1100 Graecis
1562 1060 1652 1099 licet
1673 1061 1842 1109 credere,
1866 1061 1958 1101 satis
1977 1061 2141 1112 antiqua
2163 1068 2203 1100 et
2222 1068 2443 1101 memoratu

431 1122 524 1162 satis
550 1122 670 1174 digna
696 1135 781 1162 esse
807 1128 973 1161 constat.
1032 1121 1190 1161 Scilicet
1213 1121 1298 1172 ipse
1325 1123 1479 1161 Nereus
1503 1129 1585 1161 erat
1609 1121 1790 1172 νημερτής
1815 1138 1855 1160 τε
1878 1122 1940 1161 καὶ
1957 1120 2098 1172 ἤπιοςῧ,
2122 1124 2288 1162 Proteus
2307 1129 2441 1162 autem

432 1185 549 1237 γέρων
567 1183 675 1225 ἅλιος
695 1183 908 1234 νημερτής-4.
966 1185 1045 1224 Sed
1064 1185 1163 1224 haec
1182 1191 1399 1235 utcumque
1419 1191 1522 1232 sunt,
1544 1184 1584 1224 in
1609 1186 1811 1225 laudando
1835 1185 1927 1233 viro,
1951 1185 2019 1236 qui
2042 1185 2159 1226 maris
2182 1193 2359 1226 monstra
2377 1185 2444 1225 illa

432 1250 558 1288 forma
588 1247 794 1298 multiplici
822 1247 1000 1298 praedita
1025 1246 1273 1287 veracissime
1299 1247 1517 1299 descripsit,
1540 1247 1638 1286 nihil
1664 1255 1722 1287 est
1746 1247 1898 1287 facilius
1922 1261 2042 1299 quam
2069 1262 2159 1288 vera
2179 1247 2322 1297 dicere,
2344 1247 2444 1287 nihil

432 1310 643 1350 iucundius
664 1324 784 1361 quam
805 1309 866 1362 (ut
886 1310 1056 1350 Homeri
1076 1310 1205 1350 verbis
1225 1310 1328 1361 utar)
1350 1309 1533 1360 νημερτέα
1551 1309 1828 1360 μυθήσασθαι5.

542 1374 659 1412 Duco
678 1373 731 1411 ad
750 1385 820 1411 vos
840 1373 1101 1411 AMBRosmM
1122 1373 1374 1411 ARNOLDUM
1394 1373 1666 1411 W1LLELMUM
1689 1374 1943 1412 HUBRECHT.

541 1474 654 1527 (299)
686 1474 875 1514 Instituto
899 1474 1095 1526 Lipsiensi
1123 1470 1393 1527 physiologiae
1420 1475 1587 1516 studiosi
1613 1483 1807 1527 quantum
1834 1476 1983 1528 ubique
2003 1478 2189 1525 debeant,
2211 1477 2443 1522 doctissimo

431 1537 575 1589 cuique
608 1537 701 1577 satis
734 1545 885 1577 notum.
946 1537 1123 1577 Instituti
1150 1537 1254 1577 illius
1282 1538 1494 1589 praesidis⁶
1522 1538 1618 1579 olim
1646 1539 1804 1580 adiutor
1832 1541 2020 1593 egregius,
2051 1548 2190 1592 postea
2219 1540 2440 1590 Borussiae,

432 1614 559 1651 nuper
594 1599 805 1640 Helvetiae
837 1599 877 1639 in
912 1599 1041 1651 capite
1074 1600 1362 1652 physiologiam
1391 1602 1590 1652 professus
1619 1609 1679 1642 est
1692 1616 1703 1650 3
1740 1603 2011 1656 physiologiae
2040 1603 2245 1655 φαινόμενα
2271 1603 2444 1656 physicis

432 1661 662 1713 praesertim
695 1660 914 1700 rationibus
948 1661 1142 1712 explicare
1171 1669 1338 1702 conatus
1372 1670 1454 1711 est3
1491 1663 1674 1703 adhibito
1702 1664 1877 1716 denique
1905 1665 2257 1706 instrumentorum
2285 1665 2442 1713 auxilio,

433 1737 535 1775 quae
564 1723 648 1775 ipse
676 1730 743 1763 aut
772 1723 921 1774 primus
949 1723 1152 1764 invenerat
1180 1732 1249 1764 aut
1277 1725 1318 1764 in
1352 1725 1492 1765 melius
1521 1733 1751 1775 mutaverat,
1781 1730 1906 1768 multa
1937 1729 2157 1769 accuratius
2185 1729 2441 1780 investigavit,

433 1787 557 1825 multa
575 1785 683 1837 prius
702 1785 838 1837 ignota
857 1785 1053 1835 patefecit,
1076 1786 1117 1824 in
1137 1786 1316 1838 regiones
1337 1800 1459 1827 novas
1480 1788 1668 1828 scientiae
1688 1802 1782 1828 suae
1802 1790 1991 1830 terminos
2017 1791 2181 1831 feliciter
2202 1790 2441 1842 propagavit.

434 1850 501 1890 Ob
547 1848 701 1900 imperii
748 1848 846 1888 tanti
890 1850 988 1888 fines
1028 1857 1107 1888 tam
1146 1851 1224 1890 late
1261 1859 1497 1902 propagatos
1535 1853 1709 1892 lauream
1748 1861 1922 1894 nostram
1960 1854 2099 1895 victori
2136 1854 2240 1894 felici
2276 1853 2445 1894 libenter

433 1911 695 1952 decernimus.

544 1975 662 2013 Duco
681 1973 734 2012 ad
753 1985 824 2012 vos
846 1974 1071 2012 HUGONEM
1095 1975 1378 2014 KRONECKER.

542 2081 654 2134 (300)
677 2083 726 2121 In
746 2082 948 2132 provincia
969 2082 1147 2122 Palatina
1167 2084 1438 2135 physiologiae
1458 2086 1655 2135 professor
1676 2085 2028 2137 Heidelbergensis
2047 2086 2194 2126 abhinc
2209 2100 2335 2126 annos
2355 2088 2444 2138 plus

434 2160 554 2197 quam
588 2145 746 2196 triginta
773 2146 948 2197 corporis
982 2148 1211 2186 cellularum
1241 2147 1282 2186 in
1314 2149 1624 2198 protoplasmate
1657 2148 1887 2199 disputandi
1916 2148 2119 2188 materiem
2148 2148 2241 2188 satis
2269 2151 2443 2200 amplam

434 2207 586 2247 invenit
599 2222 610 2256 3
638 2207 786 2247 abhinc
809 2222 936 2248 annos
962 2210 1050 2259 plus
1076 2223 1197 2260 quam
1222 2209 1359 2260 viginti
1383 2211 1434 2250 de
1460 2211 1586 2250 forma
1614 2213 1867 2251 ‘nervorum'
1886 2211 1926 2251 in
1953 2214 2153 2252 musculos
2177 2212 2443 2252 desinentium

435 2271 602 2308 multum
651 2268 857 2318 disseruit;
905 2270 1053 2310 abhinc
1091 2284 1218 2311 annos
1256 2272 1397 2311 decem
1435 2285 1570 2312 coram
1609 2272 1806 2313 Societate
1846 2273 1971 2325 Regia
2010 2273 2271 2314 Londiniensi
2308 2275 2359 2314 de
2396 2287 2445 2313 ea

433 2330 704 2382 physiologiae
730 2331 934 2382 provincia
962 2332 1155 2381 disseruit,
1192 2332 1233 2372 in
1262 2347 1341 2384 qua
1371 2334 1472 2374 vitae
1501 2348 1595 2374 suae
1622 2335 1734 2386 quasi
1764 2336 2061 2376 tabernaculum
2090 2337 2304 2389 posuerat⁷.
2363 2335 2444 2386 Qui

433 2392 580 2432 totiens
613 2394 931 2445 unumquodque
964 2395 1135 2433 duorum
1169 2396 1380 2435 lustrorum
1414 2396 1585 2447 spatium
1619 2397 1820 2437 laboribus
1853 2398 1933 2438 suis
1971 2400 2189 2439 luculenter
2227 2397 2443 2446 illustravit,

433 2454 546 2506 quasi
575 2457 750 2507 regulam
779 2455 882 2495 vitae
913 2456 1180 2497 Horatianum
1209 2457 1307 2499 illud
1335 2460 1490 2499 videtur
1509 2459 1724 2511 sumpsisse
1740 2474 1803 2498 2—-

1478 2535 1674 2574 ‘servetur
1701 2536 1754 2575 ad
1782 2535 1907 2575 imum

891 2585 1019 2636 qualis
1047 2586 1099 2625 ab
1127 2585 1288 2638 incepto
1317 2588 1561 2638 processerit,
1593 2596 1632 2628 et
1662 2588 1736 2628 sibi
1766 2590 1970 2629 constet'⁸.

543 2661 648 2710 Ergo
686 2659 805 2699 etiam
839 2659 878 2698 in
913 2667 1114 2711 posterum
1154 2661 1255 2701 intra
1293 2663 1433 2702 decem
1471 2676 1598 2702 annos
1636 2676 1838 2714 speramus
1876 2663 2145 2714 physiologiae
2183 2677 2205 2702 e
2241 2661 2444 2714 provincia

434 2720 613 2760 chemica
641 2722 723 2761 fore
751 2728 795 2761 ut
822 2721 960 2761 talium
988 2722 1159 2762 virorum
1188 2722 1360 2763 victoriis
1388 2726 1518 2765 laurus
1547 2724 1738 2775 plurimae
1766 2726 2010 2765 referantur⁹.

544 2786 662 2824 Duco
681 2785 733 2824 ad
753 2797 823 2824 vos
844 2786 1117 2825 WILLELMUM
1140 2787 1316 2825 ΚϋΗΝΕ.

544 2891 656 2943 (301)
705 2892 858 2932 Galliae
904 2906 952 2932 ex
994 2893 1175 2944 Collegio
1219 2892 1428 2933 Parisiensi
1466 2894 1657 2932 laetamur
1698 2893 1838 2932 adesse
1877 2892 1998 2932 hodie
2036 2892 2220 2932 historiae
2258 2891 2444 2932 naturalis

435 2954 695 3003 professorem
711 2953 913 3002 illustrem,
928 2954 1007 3005 qui,
1022 2962 1212 3006 apparatu
1229 2955 1423 3006 exquisito
1438 2955 1631 3003 adhibito,
1646 2955 1914 3006 physiologiae
1928 2955 2179 3007 quaestiones
2194 2955 2443 3007 physicarum

522 3042 534 3062 ¹
558 3044 703 3083 Horace,
723 3045 826 3076 Serm-
844 3044 853 3075 i
872 3054 903 3085 3,
926 3054 996 3085 103.
1125 3044 1139 3064 ²
1162 3046 1231 3076 Ars
1246 3045 1387 3083 Portica,
1406 3053 1457 3086 57.
1582 3043 1595 3064 ³
1619 3045 1762 3082 Hesiod,
1780 3046 1813 3077 T
1811 3045 1898 3088 heog.
1916 3054 1990 3087 235.
2113 3044 2126 3064 ⁴
2152 3046 2300 3086 Odyssey,
2319 3045 2351 3077 iv
2369 3055 2442 3087 349.

434 3084 447 3148 Ξ
470 3086 814 3172 ἔὲαῄονίὃέἒὸὲηίνα,
828 3086 842 3107 ⁰
864 3087 943 3121 Carl
959 3087 1111 3130 Ludwig,
1134 3087 1224 3120 1868.
1335 3088 1349 3109 ⁷
1373 3089 1446 3121 The
1463 3088 1634 3121 Croonian
1651 3089 1793 3121 Lecture
1808 3089 1846 3121 of
1862 3089 1955 3121 1888.
2064 3088 2078 3108 ⁸
2100 3091 2170 3121 Ars
2185 3089 2324 3126 Pokrica,
2345 3088 2405 3121 126
2417 3088 2438 3120 f.

1410 3216 1483 3251 142
