<?xml version="1.0" encoding="UTF-8"?>
<!DOCTYPE html PUBLIC "-//W3C//DTD XHTML 1.0 Transitional//EN"
    "http://www.w3.org/TR/xhtml1/DTD/xhtml1-transitional.dtd">
<html xmlns="http://www.w3.org/1999/xhtml" xml:lang="en" lang="en">
 <head>
  <title>
</title>
<meta http-equiv="Content-Type" content="text/html;charset=utf-8" />
  <meta name='ocr-system' content='tesseract 3.04.00' />
  <meta name='ocr-capabilities' content='ocr_page ocr_carea ocr_par ocr_line ocrx_word'/>
</head>
<body>
  <div class='ocr_page' id='page_1' title='image "./orationesetepist00sanduoft/orationesetepist00sanduoft_0045.png"; bbox 0 0 2704 3770; ppageno 0'>
   <div class='ocr_carea' id='block_1_1' title="bbox 260 310 2198 376">
    <p class='ocr_par' dir='ltr' id='par_1_1' title="bbox 260 310 2198 376">
     <span class='ocr_line' id='line_1_1' title="bbox 260 310 2198 376; baseline -0.002 -12"><span class='ocrx_word' id='word_1_1' title='bbox 260 313 357 364; x_wconf 77' lang='lat' dir='ltr'>Sir</span> <span class='ocrx_word' id='word_1_2' title='bbox 386 313 500 363; x_wconf 88' lang='lat' dir='ltr'>Wm</span> <span class='ocrx_word' id='word_1_3' title='bbox 529 312 665 362; x_wconf 86' lang='lat' dir='ltr'>Gull.</span> <span class='ocrx_word' id='word_1_4' title='bbox 751 312 847 361; x_wconf 72' lang='lat' dir='ltr'>Sir</span> <span class='ocrx_word' id='word_1_5' title='bbox 871 311 984 361; x_wconf 81' lang='lat' dir='ltr'>Geo.</span> <span class='ocrx_word' id='word_1_6' title='bbox 1011 311 1271 359; x_wconf 77' lang='lat' dir='ltr'>Burrows.</span> <span class='ocrx_word' id='word_1_7' title='bbox 1359 310 1470 358; x_wconf 85' lang='lat' dir='ltr'>Wm</span> <span class='ocrx_word' id='word_1_8' title='bbox 1493 310 1751 359; x_wconf 84' lang='lat' dir='ltr'>Bowman.</span> <span class='ocrx_word' id='word_1_9' title='bbox 1826 312 1878 360; x_wconf 82' lang='lat' dir='ltr'>S.</span> <span class='ocrx_word' id='word_1_10' title='bbox 1906 311 2198 376; x_wconf 81' lang='lat' dir='ltr'>Hauglzton.</span> 
     </span>
    </p>
   </div>
   <div class='ocr_carea' id='block_1_2' title="bbox 203 454 2236 826">
    <p class='ocr_par' dir='ltr' id='par_1_2' title="bbox 203 454 2236 826">
     <span class='ocr_line' id='line_1_2' title="bbox 313 454 2232 514; baseline -0.002 -14"><span class='ocrx_word' id='word_1_11' title='bbox 313 459 406 514; x_wconf 84' lang='grc' dir='ltr'>(4ο)</span> <span class='ocrx_word' id='word_1_12' title='bbox 444 460 481 500; x_wconf 92' lang='grc' dir='ltr'><strong>Ε</strong></span> <span class='ocrx_word' id='word_1_13' title='bbox 508 457 693 499; x_wconf 90' lang='lat' dir='ltr'>fratribus</span> <span class='ocrx_word' id='word_1_14' title='bbox 721 458 867 498; x_wconf 90' lang='lat' dir='ltr'>nostris</span> <span class='ocrx_word' id='word_1_15' title='bbox 894 459 948 498; x_wconf 90' lang='lat' dir='ltr'>ad</span> <span class='ocrx_word' id='word_1_16' title='bbox 975 464 1134 497; x_wconf 89' lang='lat' dir='ltr'><strong>nosmet</strong></span> <span class='ocrx_word' id='word_1_17' title='bbox 1162 455 1272 508; x_wconf 89' lang='lat' dir='ltr'>ipsos</span> <span class='ocrx_word' id='word_1_18' title='bbox 1301 454 1525 495; x_wconf 88' lang='lat' dir='ltr'><strong>transimus.</strong></span> <span class='ocrx_word' id='word_1_19' title='bbox 1586 455 1745 496; x_wconf 87' lang='lat' dir='ltr'>Nostris</span> <span class='ocrx_word' id='word_1_20' title='bbox 1771 469 1793 496; x_wconf 91' lang='lat' dir='ltr'>e</span> <span class='ocrx_word' id='word_1_21' title='bbox 1819 457 2079 508; x_wconf 91' lang='lat' dir='ltr'>popularibus</span> <span class='ocrx_word' id='word_1_22' title='bbox 2108 472 2232 497; x_wconf 89' lang='lat' dir='ltr'>unum</span> 
     </span>
     <span class='ocr_line' id='line_1_3' title="bbox 204 516 2235 574; baseline -0.002 -11"><span class='ocrx_word' id='word_1_23' title='bbox 204 523 433 570; x_wconf 79' lang='lat' dir='ltr'>salutamus,</span> <span class='ocrx_word' id='word_1_24' title='bbox 467 521 686 574; x_wconf 87' lang='lat' dir='ltr'>Regiorum</span> <span class='ocrx_word' id='word_1_25' title='bbox 725 520 975 560; x_wconf 91' lang='lat' dir='ltr'>medicorum</span> <span class='ocrx_word' id='word_1_26' title='bbox 1013 531 1182 559; x_wconf 90' lang='lat' dir='ltr'>numero</span> <span class='ocrx_word' id='word_1_27' title='bbox 1220 517 1364 558; x_wconf 86' lang='lat' dir='ltr'>merito</span> <span class='ocrx_word' id='word_1_28' title='bbox 1401 516 1631 569; x_wconf 90' lang='lat' dir='ltr'>ascriptum,</span> <span class='ocrx_word' id='word_1_29' title='bbox 1672 517 1741 569; x_wconf 92' lang='lat' dir='ltr'>qui</span> <span class='ocrx_word' id='word_1_30' title='bbox 1779 525 1866 557; x_wconf 90' lang='lat' dir='ltr'>tum</span> <span class='ocrx_word' id='word_1_31' title='bbox 1905 518 2046 558; x_wconf 89' lang='lat' dir='ltr'>ceteris</span> <span class='ocrx_word' id='word_1_32' title='bbox 2085 520 2235 559; x_wconf 90' lang='lat' dir='ltr'>morbis</span> 
     </span>
     <span class='ocr_line' id='line_1_4' title="bbox 203 580 2236 640; baseline -0.003 -12"><span class='ocrx_word' id='word_1_33' title='bbox 203 585 496 640; x_wconf 78' lang='lat' dir='ltr'>propulsandis,</span> <span class='ocrx_word' id='word_1_34' title='bbox 537 593 623 626; x_wconf 89' lang='lat' dir='ltr'>tum</span> <span class='ocrx_word' id='word_1_35' title='bbox 662 583 894 638; x_wconf 89' lang='lat' dir='ltr'>praesertim</span> <span class='ocrx_word' id='word_1_36' title='bbox 941 582 1228 623; x_wconf 88' lang='lat' dir='ltr'>formidulosae</span> <span class='ocrx_word' id='word_1_37' title='bbox 1266 580 1322 620; x_wconf 89' lang='lat' dir='ltr'>illi</span> <span class='ocrx_word' id='word_1_38' title='bbox 1361 580 1533 621; x_wconf 86' lang='lat' dir='ltr'>febrium</span> <span class='ocrx_word' id='word_1_39' title='bbox 1576 580 1734 620; x_wconf 88' lang='lat' dir='ltr'>cohorti</span> <span class='ocrx_word' id='word_1_40' title='bbox 1772 582 2046 633; x_wconf 88' lang='lat' dir='ltr'>profligandae</span> <span class='ocrx_word' id='word_1_41' title='bbox 2086 582 2236 622; x_wconf 89' lang='lat' dir='ltr'>fortiter</span> 
     </span>
     <span class='ocr_line' id='line_1_5' title="bbox 203 643 2234 700; baseline -0.004 -10"><span class='ocrx_word' id='word_1_42' title='bbox 203 648 397 698; x_wconf 88' lang='lat' dir='ltr'><strong>incubuit,</strong></span> <span class='ocrx_word' id='word_1_43' title='bbox 425 661 545 688; x_wconf 89' lang='lat' dir='ltr'>ausus</span> <span class='ocrx_word' id='word_1_44' title='bbox 574 648 682 700; x_wconf 91' lang='lat' dir='ltr'>ipsos</span> <span class='ocrx_word' id='word_1_45' title='bbox 712 646 850 687; x_wconf 92' lang='lat' dir='ltr'>mortis</span> <span class='ocrx_word' id='word_1_46' title='bbox 879 646 985 686; x_wconf 92' lang='lat' dir='ltr'>illius</span> <span class='ocrx_word' id='word_1_47' title='bbox 1015 645 1190 696; x_wconf 90' lang='lat' dir='ltr'>impetus</span> <span class='ocrx_word' id='word_1_48' title='bbox 1219 643 1375 692; x_wconf 88' lang='lat' dir='ltr'>morari,</span> <span class='ocrx_word' id='word_1_49' title='bbox 1398 656 1500 695; x_wconf 90' lang='lat' dir='ltr'>quae</span> <span class='ocrx_word' id='word_1_50' title='bbox 1528 643 1633 694; x_wconf 86' lang='lat' dir='ltr'>pede</span> <span class='ocrx_word' id='word_1_51' title='bbox 1662 645 1795 694; x_wconf 89' lang='lat' dir='ltr'>pulsat</span> <span class='ocrx_word' id='word_1_52' title='bbox 1827 657 1960 695; x_wconf 89' lang='lat' dir='ltr'>aequo</span> <span class='ocrx_word' id='word_1_53' title='bbox 1991 646 2000 664; x_wconf 90' lang='lat'>‘</span> <span class='ocrx_word' id='word_1_54' title='bbox 2014 657 2234 695; x_wconf 88' lang='lat' dir='ltr'>pauperum</span> 
     </span>
     <span class='ocr_line' id='line_1_6' title="bbox 203 705 2234 763; baseline -0.003 -11"><span class='ocrx_word' id='word_1_55' title='bbox 203 711 390 752; x_wconf 82' lang='lat' dir='ltr'>tabernas</span> <span class='ocrx_word' id='word_1_56' title='bbox 422 724 642 763; x_wconf 86' lang='lat' dir='ltr'>regumque</span> <span class='ocrx_word' id='word_1_57' title='bbox 676 710 853 750; x_wconf 73' lang='lat' dir='ltr'>turres&#39;l.</span> <span class='ocrx_word' id='word_1_58' title='bbox 913 709 1021 760; x_wconf 88' lang='lat' dir='ltr'>Ergo</span> <span class='ocrx_word' id='word_1_59' title='bbox 1052 714 1190 747; x_wconf 90' lang='lat' dir='ltr'>nostro</span> <span class='ocrx_word' id='word_1_60' title='bbox 1224 719 1388 758; x_wconf 91' lang='lat' dir='ltr'>quoque</span> <span class='ocrx_word' id='word_1_61' title='bbox 1421 705 1538 745; x_wconf 90' lang='lat' dir='ltr'>titulo</span> <span class='ocrx_word' id='word_1_62' title='bbox 1572 706 1811 745; x_wconf 84' lang='lat' dir='ltr'>decoremus</span> <span class='ocrx_word' id='word_1_63' title='bbox 1843 705 1972 745; x_wconf 89' lang='lat' dir='ltr'>virum</span> <span class='ocrx_word' id='word_1_64' title='bbox 2002 705 2126 746; x_wconf 88' lang='lat' dir='ltr'>titulis</span> <span class='ocrx_word' id='word_1_65' title='bbox 2156 706 2234 745; x_wconf 90' lang='lat' dir='ltr'>iam</span> 
     </span>
     <span class='ocr_line' id='line_1_7' title="bbox 203 769 1834 826; baseline -0.004 -11"><span class='ocrx_word' id='word_1_66' title='bbox 203 773 384 826; x_wconf 84' lang='lat' dir='ltr'>plurimis</span> <span class='ocrx_word' id='word_1_67' title='bbox 413 773 577 814; x_wconf 82' lang='lat' dir='ltr'>aliunde</span> <span class='ocrx_word' id='word_1_68' title='bbox 606 779 803 818; x_wconf 90' lang='lat' dir='ltr'>ornatum,</span> <span class='ocrx_word' id='word_1_69' title='bbox 836 773 1100 811; x_wconf 86' lang='lat' dir='ltr'>Baronettum</span> <span class='ocrx_word' id='word_1_70' title='bbox 1130 769 1336 817; x_wconf 87' lang='lat' dir='ltr'>illustrem,</span> <span class='ocrx_word' id='word_1_71' title='bbox 1367 770 1616 807; x_wconf 79' lang='lat' dir='ltr'>W1LELMUM</span> <span class='ocrx_word' id='word_1_72' title='bbox 1645 769 1834 818; x_wconf 86' lang='lat' dir='ltr'>JENNER.</span> 
     </span>
    </p>
   </div>
   <div class='ocr_carea' id='block_1_3' title="bbox 201 873 2237 1421">
    <p class='ocr_par' dir='ltr' id='par_1_3' title="bbox 201 873 2237 1421">
     <span class='ocr_line' id='line_1_8' title="bbox 313 873 2237 932; baseline -0.002 -14"><span class='ocrx_word' id='word_1_73' title='bbox 313 877 402 932; x_wconf 86' lang='lat'>(41)</span> <span class='ocrx_word' id='word_1_74' title='bbox 431 878 650 918; x_wconf 89' lang='lat' dir='ltr'>Pulchrum</span> <span class='ocrx_word' id='word_1_75' title='bbox 665 890 761 917; x_wconf 87' lang='lat' dir='ltr'>sane</span> <span class='ocrx_word' id='word_1_76' title='bbox 774 885 834 917; x_wconf 90' lang='lat' dir='ltr'>est</span> <span class='ocrx_word' id='word_1_77' title='bbox 853 890 979 929; x_wconf 90' lang='lat' dir='ltr'>genus</span> <span class='ocrx_word' id='word_1_78' title='bbox 999 876 1098 916; x_wconf 91' lang='lat' dir='ltr'>illud</span> <span class='ocrx_word' id='word_1_79' title='bbox 1117 875 1222 916; x_wconf 88' lang='lat' dir='ltr'>vitae</span> <span class='ocrx_word' id='word_1_80' title='bbox 1237 875 1350 927; x_wconf 92' lang='lat' dir='ltr'>quod</span> <span class='ocrx_word' id='word_1_81' title='bbox 1366 873 1591 925; x_wconf 87' lang='grc' dir='ltr'>θεωρητικὸν</span> <span class='ocrx_word' id='word_1_82' title='bbox 1607 874 1751 915; x_wconf 87' lang='lat' dir='ltr'>Graeci</span> <span class='ocrx_word' id='word_1_83' title='bbox 1768 874 1980 915; x_wconf 88' lang='lat' dir='ltr'>nominant</span> <span class='ocrx_word' id='word_1_84' title='bbox 1994 890 2005 925; x_wconf 84' lang='lat'>3</span> <span class='ocrx_word' id='word_1_85' title='bbox 2032 874 2237 927; x_wconf 87' lang='lat' dir='ltr'>pulchrius</span> 
     </span>
     <span class='ocr_line' id='line_1_9' title="bbox 203 937 2237 993; baseline -0.002 -10"><span class='ocrx_word' id='word_1_86' title='bbox 203 942 370 983; x_wconf 83' lang='lat' dir='ltr'>fortasse</span> <span class='ocrx_word' id='word_1_87' title='bbox 399 941 512 993; x_wconf 91' lang='lat' dir='ltr'>quod</span> <span class='ocrx_word' id='word_1_88' title='bbox 545 939 654 980; x_wconf 91' lang='lat' dir='ltr'>idem</span> <span class='ocrx_word' id='word_1_89' title='bbox 685 939 892 989; x_wconf 85' lang='grc' dir='ltr'>πρακτικὸν</span> <span class='ocrx_word' id='word_1_90' title='bbox 920 940 1124 991; x_wconf 90' lang='lat' dir='ltr'>appellant</span> <span class='ocrx_word' id='word_1_91' title='bbox 1137 953 1149 987; x_wconf 67' lang='grc' dir='ltr'><strong><em>ς</em></strong></span> <span class='ocrx_word' id='word_1_92' title='bbox 1189 937 1384 986; x_wconf 90' lang='lat' dir='ltr'>omnium,</span> <span class='ocrx_word' id='word_1_93' title='bbox 1421 937 1497 977; x_wconf 91' lang='lat' dir='ltr'>nisi</span> <span class='ocrx_word' id='word_1_94' title='bbox 1535 938 1659 986; x_wconf 90' lang='lat' dir='ltr'>fallor,</span> <span class='ocrx_word' id='word_1_95' title='bbox 1696 937 2022 988; x_wconf 86' lang='lat' dir='ltr'>pulcherrimum,</span> <span class='ocrx_word' id='word_1_96' title='bbox 2058 939 2237 978; x_wconf 89' lang='lat' dir='ltr'>humano</span> 
     </span>
     <span class='ocr_line' id='line_1_10' title="bbox 202 999 2236 1056; baseline -0.002 -12"><span class='ocrx_word' id='word_1_97' title='bbox 202 1011 310 1045; x_wconf 90' lang='lat' dir='ltr'>certe</span> <span class='ocrx_word' id='word_1_98' title='bbox 339 1002 475 1056; x_wconf 88' lang='lat' dir='ltr'>generi</span> <span class='ocrx_word' id='word_1_99' title='bbox 499 1002 766 1051; x_wconf 85' lang='lat' dir='ltr'>utilissimum,</span> <span class='ocrx_word' id='word_1_100' title='bbox 797 1009 838 1042; x_wconf 88' lang='lat' dir='ltr'>et</span> <span class='ocrx_word' id='word_1_101' title='bbox 862 1001 1021 1051; x_wconf 85' lang='grc' dir='ltr'>θεωρίαν</span> <span class='ocrx_word' id='word_1_102' title='bbox 1049 1008 1089 1041; x_wconf 87' lang='lat' dir='ltr'>et</span> <span class='ocrx_word' id='word_1_103' title='bbox 1120 1000 1255 1051; x_wconf 80' lang='grc' dir='ltr'>πρᾶξιν</span> <span class='ocrx_word' id='word_1_104' title='bbox 1288 1006 1429 1039; x_wconf 91' lang='lat' dir='ltr'>mutua</span> <span class='ocrx_word' id='word_1_105' title='bbox 1460 1000 1637 1052; x_wconf 92' lang='lat' dir='ltr'>quadam</span> <span class='ocrx_word' id='word_1_106' title='bbox 1668 999 1860 1040; x_wconf 91' lang='lat' dir='ltr'>societate</span> <span class='ocrx_word' id='word_1_107' title='bbox 1891 999 1995 1040; x_wconf 91' lang='lat' dir='ltr'>inter</span> <span class='ocrx_word' id='word_1_108' title='bbox 2026 1014 2113 1040; x_wconf 89' lang='lat' dir='ltr'>sese</span> <span class='ocrx_word' id='word_1_109' title='bbox 2143 1014 2236 1040; x_wconf 91' lang='lat' dir='ltr'>con-</span> 
     </span>
     <span class='ocr_line' id='line_1_11' title="bbox 202 1061 2237 1117; baseline -0.002 -10"><span class='ocrx_word' id='word_1_110' title='bbox 202 1065 388 1107; x_wconf 84' lang='lat' dir='ltr'>iunxisse.</span> <span class='ocrx_word' id='word_1_111' title='bbox 448 1065 575 1107; x_wconf 88' lang='lat' dir='ltr'>Cuius</span> <span class='ocrx_word' id='word_1_112' title='bbox 595 1065 651 1106; x_wconf 91' lang='lat' dir='ltr'>rei</span> <span class='ocrx_word' id='word_1_113' title='bbox 671 1064 873 1117; x_wconf 89' lang='lat' dir='ltr'>egregium</span> <span class='ocrx_word' id='word_1_114' title='bbox 894 1065 1096 1116; x_wconf 90' lang='lat' dir='ltr'>exemplar</span> <span class='ocrx_word' id='word_1_115' title='bbox 1115 1063 1157 1103; x_wconf 93' lang='lat' dir='ltr'>in</span> <span class='ocrx_word' id='word_1_116' title='bbox 1176 1064 1255 1103; x_wconf 93' lang='lat' dir='ltr'>hoc</span> <span class='ocrx_word' id='word_1_117' title='bbox 1275 1062 1360 1103; x_wconf 92' lang='lat' dir='ltr'>viro</span> <span class='ocrx_word' id='word_1_118' title='bbox 1380 1061 1504 1103; x_wconf 92' lang='lat' dir='ltr'>hodie</span> <span class='ocrx_word' id='word_1_119' title='bbox 1524 1061 1633 1105; x_wconf 90' lang='lat' dir='ltr'>iuvat</span> <span class='ocrx_word' id='word_1_120' title='bbox 1652 1061 1851 1111; x_wconf 91' lang='lat' dir='ltr'>admirari,</span> <span class='ocrx_word' id='word_1_121' title='bbox 1874 1062 1944 1114; x_wconf 91' lang='lat' dir='ltr'>qui</span> <span class='ocrx_word' id='word_1_122' title='bbox 1963 1062 2237 1114; x_wconf 83' lang='lat' dir='ltr'>physiologiae</span> 
     </span>
     <span class='ocr_line' id='line_1_12' title="bbox 201 1123 2237 1170; baseline -0.003 -1"><span class='ocrx_word' id='word_1_123' title='bbox 201 1127 411 1170; x_wconf 77' lang='lat' dir='ltr'>scientiam</span> <span class='ocrx_word' id='word_1_124' title='bbox 438 1127 622 1168; x_wconf 89' lang='lat' dir='ltr'>intimam</span> <span class='ocrx_word' id='word_1_125' title='bbox 650 1128 704 1168; x_wconf 90' lang='lat' dir='ltr'>ad</span> <span class='ocrx_word' id='word_1_126' title='bbox 731 1126 826 1167; x_wconf 89' lang='lat' dir='ltr'>artis</span> <span class='ocrx_word' id='word_1_127' title='bbox 850 1126 1033 1166; x_wconf 89' lang='lat' dir='ltr'>medicae</span> <span class='ocrx_word' id='word_1_128' title='bbox 1062 1139 1181 1166; x_wconf 91' lang='lat' dir='ltr'>usum</span> <span class='ocrx_word' id='word_1_129' title='bbox 1207 1125 1461 1166; x_wconf 89' lang='lat' dir='ltr'>cotidianum</span> <span class='ocrx_word' id='word_1_130' title='bbox 1489 1123 1657 1165; x_wconf 90' lang='lat' dir='ltr'>feliciter</span> <span class='ocrx_word' id='word_1_131' title='bbox 1681 1124 2018 1164; x_wconf 85' lang='lat' dir='ltr'>accommodavit.</span> <span class='ocrx_word' id='word_1_132' title='bbox 2076 1126 2237 1164; x_wconf 89' lang='lat' dir='ltr'>Talium</span> 
     </span>
     <span class='ocr_line' id='line_1_13' title="bbox 203 1188 2236 1243; baseline -0.002 -10"><span class='ocrx_word' id='word_1_133' title='bbox 203 1191 377 1233; x_wconf 87' lang='lat' dir='ltr'>virorum</span> <span class='ocrx_word' id='word_1_134' title='bbox 407 1192 595 1240; x_wconf 91' lang='lat' dir='ltr'>adventu,</span> <span class='ocrx_word' id='word_1_135' title='bbox 627 1190 814 1243; x_wconf 86' lang='lat' dir='ltr'>quotiens</span> <span class='ocrx_word' id='word_1_136' title='bbox 842 1189 1136 1242; x_wconf 86' lang='lat' dir='ltr'>aegrotantium</span> <span class='ocrx_word' id='word_1_137' title='bbox 1166 1188 1321 1229; x_wconf 90' lang='lat' dir='ltr'>lectulis</span> <span class='ocrx_word' id='word_1_138' title='bbox 1350 1202 1456 1229; x_wconf 93' lang='lat' dir='ltr'>nova</span> <span class='ocrx_word' id='word_1_139' title='bbox 1484 1190 1553 1228; x_wconf 90' lang='lat' dir='ltr'>lux</span> <span class='ocrx_word' id='word_1_140' title='bbox 1580 1188 1752 1228; x_wconf 83' lang='lat' dir='ltr'>affulsit!</span> <span class='ocrx_word' id='word_1_141' title='bbox 1812 1188 2069 1229; x_wconf 91' lang='lat' dir='ltr'>Medicorum</span> <span class='ocrx_word' id='word_1_142' title='bbox 2098 1188 2236 1228; x_wconf 89' lang='lat' dir='ltr'>talium</span> 
     </span>
     <span class='ocr_line' id='line_1_14' title="bbox 202 1250 2236 1306; baseline -0.002 -11"><span class='ocrx_word' id='word_1_143' title='bbox 202 1253 361 1304; x_wconf 87' lang='lat' dir='ltr'>auxilio,</span> <span class='ocrx_word' id='word_1_144' title='bbox 382 1260 483 1305; x_wconf 91' lang='lat' dir='ltr'>quot</span> <span class='ocrx_word' id='word_1_145' title='bbox 511 1260 552 1294; x_wconf 87' lang='lat' dir='ltr'>et</span> <span class='ocrx_word' id='word_1_146' title='bbox 579 1261 754 1306; x_wconf 90' lang='lat' dir='ltr'>quantos</span> <span class='ocrx_word' id='word_1_147' title='bbox 783 1252 887 1293; x_wconf 89' lang='lat' dir='ltr'>viros</span> <span class='ocrx_word' id='word_1_148' title='bbox 913 1253 965 1292; x_wconf 90' lang='lat' dir='ltr'>ab</span> <span class='ocrx_word' id='word_1_149' title='bbox 995 1251 1085 1304; x_wconf 91' lang='lat' dir='ltr'>ipso</span> <span class='ocrx_word' id='word_1_150' title='bbox 1113 1253 1253 1292; x_wconf 89' lang='lat' dir='ltr'>mortis</span> <span class='ocrx_word' id='word_1_151' title='bbox 1281 1251 1421 1291; x_wconf 90' lang='lat' dir='ltr'>limine</span> <span class='ocrx_word' id='word_1_152' title='bbox 1449 1252 1503 1291; x_wconf 92' lang='lat' dir='ltr'>ad</span> <span class='ocrx_word' id='word_1_153' title='bbox 1531 1250 1655 1291; x_wconf 88' lang='lat' dir='ltr'>vitam</span> <span class='ocrx_word' id='word_1_154' title='bbox 1679 1264 1814 1291; x_wconf 91' lang='lat' dir='ltr'>rursus</span> <span class='ocrx_word' id='word_1_155' title='bbox 1843 1258 2008 1291; x_wconf 88' lang='lat' dir='ltr'>vocatos</span> <span class='ocrx_word' id='word_1_156' title='bbox 2037 1251 2236 1292; x_wconf 80' lang='lat' dir='ltr'>vidimus!</span> 
     </span>
     <span class='ocr_line' id='line_1_15' title="bbox 203 1314 2234 1369; baseline -0.001 -11"><span class='ocrx_word' id='word_1_157' title='bbox 203 1316 331 1358; x_wconf 90' lang='lat' dir='ltr'>Vobis</span> <span class='ocrx_word' id='word_1_158' title='bbox 350 1325 562 1369; x_wconf 89' lang='lat' dir='ltr'>praesento</span> <span class='ocrx_word' id='word_1_159' title='bbox 584 1316 736 1369; x_wconf 88' lang='lat' dir='ltr'>Regiae</span> <span class='ocrx_word' id='word_1_160' title='bbox 756 1315 967 1357; x_wconf 89' lang='lat' dir='ltr'>Societatis</span> <span class='ocrx_word' id='word_1_161' title='bbox 988 1315 1165 1365; x_wconf 92' lang='lat' dir='ltr'>Socium,</span> <span class='ocrx_word' id='word_1_162' title='bbox 1183 1329 1206 1356; x_wconf 90' lang='lat' dir='ltr'>e</span> <span class='ocrx_word' id='word_1_163' title='bbox 1229 1314 1366 1367; x_wconf 90' lang='lat' dir='ltr'>Regiis</span> <span class='ocrx_word' id='word_1_164' title='bbox 1388 1314 1558 1355; x_wconf 88' lang='lat' dir='ltr'>medicis</span> <span class='ocrx_word' id='word_1_165' title='bbox 1578 1329 1720 1363; x_wconf 91' lang='lat' dir='ltr'>unum,</span> <span class='ocrx_word' id='word_1_166' title='bbox 1739 1317 2002 1356; x_wconf 90' lang='lat' dir='ltr'>Baronettum</span> <span class='ocrx_word' id='word_1_167' title='bbox 2025 1316 2234 1368; x_wconf 89' lang='lat' dir='ltr'>insignem,</span> 
     </span>
     <span class='ocr_line' id='line_1_16' title="bbox 203 1381 606 1421; baseline -0.005 0"><span class='ocrx_word' id='word_1_168' title='bbox 203 1382 455 1421; x_wconf 68' lang='lat' dir='ltr'>wrmmum</span> <span class='ocrx_word' id='word_1_169' title='bbox 475 1381 606 1421; x_wconf 79' lang='lat' dir='ltr'>GULL.</span> 
     </span>
    </p>
   </div>
   <div class='ocr_carea' id='block_1_4' title="bbox 202 1480 2238 2026">
    <p class='ocr_par' dir='ltr' id='par_1_4' title="bbox 202 1480 2238 2026">
     <span class='ocr_line' id='line_1_17' title="bbox 313 1480 2238 1535; baseline 0 -15"><span class='ocrx_word' id='word_1_170' title='bbox 313 1481 402 1535; x_wconf 87' lang='lat'>(42)</span> <span class='ocrx_word' id='word_1_171' title='bbox 449 1482 591 1522; x_wconf 91' lang='lat' dir='ltr'>Unum</span> <span class='ocrx_word' id='word_1_172' title='bbox 634 1480 780 1520; x_wconf 92' lang='lat' dir='ltr'>nostris</span> <span class='ocrx_word' id='word_1_173' title='bbox 827 1494 875 1520; x_wconf 89' lang='lat' dir='ltr'>ex</span> <span class='ocrx_word' id='word_1_174' title='bbox 912 1480 1096 1529; x_wconf 91' lang='lat' dir='ltr'>alumnis,</span> <span class='ocrx_word' id='word_1_175' title='bbox 1137 1487 1362 1520; x_wconf 88' lang='lat' dir='ltr'>nostrarum</span> <span class='ocrx_word' id='word_1_176' title='bbox 1401 1481 1629 1520; x_wconf 91' lang='lat' dir='ltr'>scholarum</span> <span class='ocrx_word' id='word_1_177' title='bbox 1667 1480 1834 1520; x_wconf 89' lang='lat' dir='ltr'>umbrae</span> <span class='ocrx_word' id='word_1_178' title='bbox 1876 1481 1999 1521; x_wconf 91' lang='lat' dir='ltr'>hodie</span> <span class='ocrx_word' id='word_1_179' title='bbox 2038 1480 2238 1532; x_wconf 91' lang='lat' dir='ltr'>paulisper</span> 
     </span>
     <span class='ocr_line' id='line_1_18' title="bbox 204 1541 2237 1594; baseline -0.001 -9"><span class='ocrx_word' id='word_1_180' title='bbox 204 1543 418 1593; x_wconf 88' lang='lat' dir='ltr'>redditum,</span> <span class='ocrx_word' id='word_1_181' title='bbox 432 1544 545 1583; x_wconf 88' lang='lat' dir='ltr'>vultu</span> <span class='ocrx_word' id='word_1_182' title='bbox 565 1555 686 1594; x_wconf 91' lang='lat' dir='ltr'>quam</span> <span class='ocrx_word' id='word_1_183' title='bbox 706 1543 812 1583; x_wconf 93' lang='lat' dir='ltr'>laeto</span> <span class='ocrx_word' id='word_1_184' title='bbox 832 1542 1063 1594; x_wconf 87' lang='lat' dir='ltr'>excipimus.</span> <span class='ocrx_word' id='word_1_185' title='bbox 1122 1541 1282 1582; x_wconf 89' lang='lat' dir='ltr'>Scilicet</span> <span class='ocrx_word' id='word_1_186' title='bbox 1301 1542 1342 1581; x_wconf 92' lang='lat' dir='ltr'>in</span> <span class='ocrx_word' id='word_1_187' title='bbox 1363 1543 1441 1582; x_wconf 91' lang='lat' dir='ltr'>hoc</span> <span class='ocrx_word' id='word_1_188' title='bbox 1461 1542 1549 1594; x_wconf 92' lang='lat' dir='ltr'>ipso</span> <span class='ocrx_word' id='word_1_189' title='bbox 1570 1543 1770 1590; x_wconf 87' lang='lat' dir='ltr'>senaculo,</span> <span class='ocrx_word' id='word_1_190' title='bbox 1786 1542 1964 1594; x_wconf 87' lang='lat' dir='ltr'>quinque</span> <span class='ocrx_word' id='word_1_191' title='bbox 1985 1550 2024 1582; x_wconf 88' lang='lat' dir='ltr'>et</span> <span class='ocrx_word' id='word_1_192' title='bbox 2044 1542 2237 1594; x_wconf 92' lang='lat' dir='ltr'>quinqua-</span> 
     </span>
     <span class='ocr_line' id='line_1_19' title="bbox 203 1604 2237 1660; baseline -0.001 -13"><span class='ocrx_word' id='word_1_193' title='bbox 203 1606 314 1660; x_wconf 88' lang='lat' dir='ltr'>ginta</span> <span class='ocrx_word' id='word_1_194' title='bbox 331 1604 480 1646; x_wconf 91' lang='lat' dir='ltr'>abhinc</span> <span class='ocrx_word' id='word_1_195' title='bbox 499 1618 639 1652; x_wconf 90' lang='lat' dir='ltr'>annos,</span> <span class='ocrx_word' id='word_1_196' title='bbox 660 1618 683 1645; x_wconf 92' lang='lat' dir='ltr'>e</span> <span class='ocrx_word' id='word_1_197' title='bbox 703 1605 845 1645; x_wconf 89' lang='lat' dir='ltr'>studiis</span> <span class='ocrx_word' id='word_1_198' title='bbox 872 1604 1165 1645; x_wconf 90' lang='lat' dir='ltr'>mathematicis</span> <span class='ocrx_word' id='word_1_199' title='bbox 1190 1606 1366 1645; x_wconf 91' lang='lat' dir='ltr'>lauream</span> <span class='ocrx_word' id='word_1_200' title='bbox 1393 1604 1591 1657; x_wconf 90' lang='lat' dir='ltr'>insignem</span> <span class='ocrx_word' id='word_1_201' title='bbox 1617 1604 1830 1656; x_wconf 89' lang='lat' dir='ltr'>reportavit</span> <span class='ocrx_word' id='word_1_202' title='bbox 1843 1619 1855 1653; x_wconf 89' lang='lat'>;</span> <span class='ocrx_word' id='word_1_203' title='bbox 1893 1604 2042 1645; x_wconf 88' lang='lat' dir='ltr'>deinde</span> <span class='ocrx_word' id='word_1_204' title='bbox 2067 1605 2237 1657; x_wconf 87' lang='lat' dir='ltr'>Collegii</span> 
     </span>
     <span class='ocr_line' id='line_1_20' title="bbox 204 1666 2235 1719; baseline -0.001 -10"><span class='ocrx_word' id='word_1_205' title='bbox 204 1668 310 1709; x_wconf 92' lang='lat' dir='ltr'>illius</span> <span class='ocrx_word' id='word_1_206' title='bbox 335 1667 456 1708; x_wconf 89' lang='lat' dir='ltr'>vicini</span> <span class='ocrx_word' id='word_1_207' title='bbox 478 1667 611 1708; x_wconf 90' lang='lat' dir='ltr'>socius</span> <span class='ocrx_word' id='word_1_208' title='bbox 640 1669 791 1709; x_wconf 89' lang='lat' dir='ltr'>electus</span> <span class='ocrx_word' id='word_1_209' title='bbox 821 1674 891 1716; x_wconf 87' lang='lat' dir='ltr'>est,</span> <span class='ocrx_word' id='word_1_210' title='bbox 918 1666 1031 1707; x_wconf 89' lang='lat' dir='ltr'>cuius</span> <span class='ocrx_word' id='word_1_211' title='bbox 1058 1667 1160 1707; x_wconf 91' lang='lat' dir='ltr'>inter</span> <span class='ocrx_word' id='word_1_212' title='bbox 1189 1667 1418 1707; x_wconf 84' lang='lat' dir='ltr'>conditores</span> <span class='ocrx_word' id='word_1_213' title='bbox 1450 1666 1654 1707; x_wconf 90' lang='lat' dir='ltr'>medicum</span> <span class='ocrx_word' id='word_1_214' title='bbox 1686 1666 1796 1705; x_wconf 89' lang='lat' dir='ltr'>illum</span> <span class='ocrx_word' id='word_1_215' title='bbox 1830 1667 2014 1719; x_wconf 91' lang='lat' dir='ltr'>Regium,</span> <span class='ocrx_word' id='word_1_216' title='bbox 2038 1668 2235 1707; x_wconf 92' lang='lat' dir='ltr'>Ioannem</span> 
     </span>
     <span class='ocr_line' id='line_1_21' title="bbox 205 1730 2236 1783; baseline -0.001 -11"><span class='ocrx_word' id='word_1_217' title='bbox 205 1731 363 1780; x_wconf 87' lang='lat' dir='ltr'>Caium,</span> <span class='ocrx_word' id='word_1_218' title='bbox 383 1731 579 1773; x_wconf 86' lang='lat' dir='ltr'>exstitisse</span> <span class='ocrx_word' id='word_1_219' title='bbox 598 1731 836 1783; x_wconf 80' lang='lat' dir='ltr'>gloriamur3</span> <span class='ocrx_word' id='word_1_220' title='bbox 865 1739 1016 1783; x_wconf 88' lang='lat' dir='ltr'>postea,</span> <span class='ocrx_word' id='word_1_221' title='bbox 1039 1744 1061 1771; x_wconf 89' lang='lat' dir='ltr'>e</span> <span class='ocrx_word' id='word_1_222' title='bbox 1081 1730 1227 1771; x_wconf 89' lang='lat' dir='ltr'>nostris</span> <span class='ocrx_word' id='word_1_223' title='bbox 1246 1730 1491 1771; x_wconf 90' lang='lat' dir='ltr'>umbraculis</span> <span class='ocrx_word' id='word_1_224' title='bbox 1510 1744 1702 1783; x_wconf 90' lang='lat' dir='ltr'>egressus,</span> <span class='ocrx_word' id='word_1_225' title='bbox 1725 1730 1846 1770; x_wconf 90' lang='lat' dir='ltr'>etiam</span> <span class='ocrx_word' id='word_1_226' title='bbox 1865 1730 1974 1770; x_wconf 93' lang='lat' dir='ltr'>urbis</span> <span class='ocrx_word' id='word_1_227' title='bbox 2001 1745 2170 1783; x_wconf 88' lang='lat' dir='ltr'>magnae</span> <span class='ocrx_word' id='word_1_228' title='bbox 2195 1731 2236 1770; x_wconf 92' lang='lat' dir='ltr'>in</span> 
     </span>
     <span class='ocr_line' id='line_1_22' title="bbox 203 1793 2237 1847; baseline 0 -13"><span class='ocrx_word' id='word_1_229' title='bbox 203 1794 294 1836; x_wconf 86' lang='lat' dir='ltr'>luce</span> <span class='ocrx_word' id='word_1_230' title='bbox 312 1795 473 1836; x_wconf 86' lang='lat' dir='ltr'>laudem</span> <span class='ocrx_word' id='word_1_231' title='bbox 495 1796 686 1835; x_wconf 89' lang='lat' dir='ltr'>illustrem</span> <span class='ocrx_word' id='word_1_232' title='bbox 706 1795 887 1846; x_wconf 92' lang='lat' dir='ltr'>adeptus,</span> <span class='ocrx_word' id='word_1_233' title='bbox 910 1808 993 1834; x_wconf 92' lang='lat' dir='ltr'>non</span> <span class='ocrx_word' id='word_1_234' title='bbox 1018 1795 1142 1835; x_wconf 92' lang='lat' dir='ltr'>modo</span> <span class='ocrx_word' id='word_1_235' title='bbox 1163 1793 1280 1846; x_wconf 89' lang='lat' dir='ltr'>Regii</span> <span class='ocrx_word' id='word_1_236' title='bbox 1301 1793 1558 1834; x_wconf 90' lang='lat' dir='ltr'>Medicorum</span> <span class='ocrx_word' id='word_1_237' title='bbox 1579 1794 1749 1846; x_wconf 89' lang='lat' dir='ltr'>Collegii</span> <span class='ocrx_word' id='word_1_238' title='bbox 1768 1808 1927 1847; x_wconf 88' lang='lat' dir='ltr'>praeses</span> <span class='ocrx_word' id='word_1_239' title='bbox 1948 1808 2237 1846; x_wconf 88' lang='lat' dir='ltr'>saepenumero</span> 
     </span>
     <span class='ocr_line' id='line_1_23' title="bbox 202 1856 2235 1909; baseline -0 -11"><span class='ocrx_word' id='word_1_240' title='bbox 202 1864 264 1898; x_wconf 82' lang='lat' dir='ltr'>est</span> <span class='ocrx_word' id='word_1_241' title='bbox 282 1864 449 1907; x_wconf 86' lang='lat' dir='ltr'>creatuS,</span> <span class='ocrx_word' id='word_1_242' title='bbox 471 1858 543 1898; x_wconf 93' lang='lat' dir='ltr'>sed</span> <span class='ocrx_word' id='word_1_243' title='bbox 569 1856 673 1897; x_wconf 92' lang='lat' dir='ltr'>illius</span> <span class='ocrx_word' id='word_1_244' title='bbox 699 1869 863 1909; x_wconf 92' lang='lat' dir='ltr'>quoque</span> <span class='ocrx_word' id='word_1_245' title='bbox 889 1856 1069 1908; x_wconf 88' lang='lat' dir='ltr'>Reginae</span> <span class='ocrx_word' id='word_1_246' title='bbox 1095 1856 1263 1897; x_wconf 90' lang='lat' dir='ltr'>medicis</span> <span class='ocrx_word' id='word_1_247' title='bbox 1289 1856 1484 1909; x_wconf 91' lang='lat' dir='ltr'>ascriptus</span> <span class='ocrx_word' id='word_1_248' title='bbox 1511 1864 1582 1904; x_wconf 90' lang='lat' dir='ltr'>est,</span> <span class='ocrx_word' id='word_1_249' title='bbox 1611 1869 1732 1908; x_wconf 91' lang='lat' dir='ltr'>quam</span> <span class='ocrx_word' id='word_1_250' title='bbox 1756 1870 1884 1908; x_wconf 89' lang='lat' dir='ltr'>usque</span> <span class='ocrx_word' id='word_1_251' title='bbox 1911 1858 1964 1897; x_wconf 89' lang='lat' dir='ltr'>ad</span> <span class='ocrx_word' id='word_1_252' title='bbox 1990 1858 2098 1897; x_wconf 90' lang='lat' dir='ltr'>hunc</span> <span class='ocrx_word' id='word_1_253' title='bbox 2127 1858 2235 1898; x_wconf 91' lang='lat' dir='ltr'>diem</span> 
     </span>
     <span class='ocr_line' id='line_1_24' title="bbox 202 1920 2234 1972; baseline -0.001 -9"><span class='ocrx_word' id='word_1_254' title='bbox 202 1934 344 1963; x_wconf 86' lang='lat' dir='ltr'>omnes</span> <span class='ocrx_word' id='word_1_255' title='bbox 359 1928 400 1962; x_wconf 91' lang='lat' dir='ltr'>et</span> <span class='ocrx_word' id='word_1_256' title='bbox 413 1920 544 1963; x_wconf 88' lang='lat' dir='ltr'>vivere</span> <span class='ocrx_word' id='word_1_257' title='bbox 558 1928 599 1961; x_wconf 91' lang='lat' dir='ltr'>et</span> <span class='ocrx_word' id='word_1_258' title='bbox 613 1921 743 1961; x_wconf 90' lang='lat' dir='ltr'>valere</span> <span class='ocrx_word' id='word_1_259' title='bbox 757 1921 990 1972; x_wconf 89' lang='lat' dir='ltr'>gaudemus.</span> <span class='ocrx_word' id='word_1_260' title='bbox 1049 1920 1177 1961; x_wconf 92' lang='lat' dir='ltr'>Vobis</span> <span class='ocrx_word' id='word_1_261' title='bbox 1192 1928 1405 1972; x_wconf 89' lang='lat' dir='ltr'>praesento</span> <span class='ocrx_word' id='word_1_262' title='bbox 1422 1922 1684 1962; x_wconf 88' lang='lat' dir='ltr'>Baronettum</span> <span class='ocrx_word' id='word_1_263' title='bbox 1699 1921 1981 1971; x_wconf 88' lang='lat' dir='ltr'>venerabilem,</span> <span class='ocrx_word' id='word_1_264' title='bbox 1999 1923 2234 1962; x_wconf 78' lang='lat' dir='ltr'>GEORGIUM</span> 
     </span>
     <span class='ocr_line' id='line_1_25' title="bbox 203 1985 431 2026; baseline 0.004 -2"><span class='ocrx_word' id='word_1_265' title='bbox 203 1985 431 2026; x_wconf 65' lang='lat' dir='ltr'>Bmuzows.</span> 
     </span>
    </p>
   </div>
   <div class='ocr_carea' id='block_1_5' title="bbox 200 2087 2236 2581">
    <p class='ocr_par' dir='ltr' id='par_1_5' title="bbox 200 2087 2236 2581">
     <span class='ocr_line' id='line_1_26' title="bbox 310 2087 2236 2142; baseline 0.002 -13"><span class='ocrx_word' id='word_1_266' title='bbox 310 2087 400 2142; x_wconf 88' lang='grc'>(43)</span> <span class='ocrx_word' id='word_1_267' title='bbox 438 2088 625 2141; x_wconf 91' lang='lat' dir='ltr'>Sequitur</span> <span class='ocrx_word' id='word_1_268' title='bbox 657 2087 850 2141; x_wconf 92' lang='lat' dir='ltr'>deinceps</span> <span class='ocrx_word' id='word_1_269' title='bbox 884 2087 941 2128; x_wconf 92' lang='lat' dir='ltr'>vir</span> <span class='ocrx_word' id='word_1_270' title='bbox 973 2087 1043 2140; x_wconf 92' lang='lat' dir='ltr'>qui</span> <span class='ocrx_word' id='word_1_271' title='bbox 1075 2088 1211 2129; x_wconf 92' lang='lat' dir='ltr'>adhuc</span> <span class='ocrx_word' id='word_1_272' title='bbox 1244 2088 1398 2129; x_wconf 87' lang='lat' dir='ltr'>iuvenis</span> <span class='ocrx_word' id='word_1_273' title='bbox 1433 2089 1612 2141; x_wconf 91' lang='lat' dir='ltr'>corporis</span> <span class='ocrx_word' id='word_1_274' title='bbox 1643 2090 1810 2130; x_wconf 89' lang='lat' dir='ltr'>humani</span> <span class='ocrx_word' id='word_1_275' title='bbox 1843 2091 2062 2142; x_wconf 89' lang='lat' dir='ltr'>penetralia</span> <span class='ocrx_word' id='word_1_276' title='bbox 2095 2091 2236 2132; x_wconf 85' lang='lat' dir='ltr'>intima</span> 
     </span>
     <span class='ocr_line' id='line_1_27' title="bbox 202 2150 2235 2204; baseline 0.001 -12"><span class='ocrx_word' id='word_1_277' title='bbox 202 2150 430 2192; x_wconf 83' lang='lat' dir='ltr'>curiositate</span> <span class='ocrx_word' id='word_1_278' title='bbox 455 2151 610 2191; x_wconf 89' lang='lat' dir='ltr'>minuta</span> <span class='ocrx_word' id='word_1_279' title='bbox 636 2158 916 2203; x_wconf 90' lang='lat' dir='ltr'>perscrutatus,</span> <span class='ocrx_word' id='word_1_280' title='bbox 939 2150 1006 2190; x_wconf 91' lang='lat' dir='ltr'>illa</span> <span class='ocrx_word' id='word_1_281' title='bbox 1031 2164 1135 2203; x_wconf 88' lang='lat' dir='ltr'>quae</span> <span class='ocrx_word' id='word_1_282' title='bbox 1160 2164 1184 2191; x_wconf 89' lang='lat' dir='ltr'>a</span> <span class='ocrx_word' id='word_1_283' title='bbox 1211 2165 1254 2191; x_wconf 89' lang='lat' dir='ltr'>se</span> <span class='ocrx_word' id='word_1_284' title='bbox 1279 2151 1368 2203; x_wconf 90' lang='lat' dir='ltr'>ipso</span> <span class='ocrx_word' id='word_1_285' title='bbox 1395 2152 1547 2204; x_wconf 89' lang='lat' dir='ltr'>optime</span> <span class='ocrx_word' id='word_1_286' title='bbox 1574 2160 1686 2192; x_wconf 92' lang='lat' dir='ltr'>erant</span> <span class='ocrx_word' id='word_1_287' title='bbox 1713 2153 1891 2202; x_wconf 90' lang='lat' dir='ltr'>fundata,</span> <span class='ocrx_word' id='word_1_288' title='bbox 1913 2153 1965 2193; x_wconf 90' lang='lat' dir='ltr'>ab</span> <span class='ocrx_word' id='word_1_289' title='bbox 1989 2153 2076 2193; x_wconf 92' lang='lat' dir='ltr'>aliis</span> <span class='ocrx_word' id='word_1_290' title='bbox 2099 2155 2235 2195; x_wconf 90' lang='lat' dir='ltr'>animo</span> 
     </span>
     <span class='ocr_line' id='line_1_28' title="bbox 201 2214 2234 2269; baseline 0.002 -15"><span class='ocrx_word' id='word_1_291' title='bbox 201 2227 349 2267; x_wconf 89' lang='lat' dir='ltr'>magno</span> <span class='ocrx_word' id='word_1_292' title='bbox 387 2214 544 2266; x_wconf 89' lang='lat' dir='ltr'>reliquit</span> <span class='ocrx_word' id='word_1_293' title='bbox 586 2216 816 2255; x_wconf 87' lang='lat' dir='ltr'>extruenda.</span> <span class='ocrx_word' id='word_1_294' title='bbox 888 2216 982 2266; x_wconf 90' lang='lat' dir='ltr'>Ipse</span> <span class='ocrx_word' id='word_1_295' title='bbox 1025 2214 1183 2254; x_wconf 89' lang='lat' dir='ltr'>interim</span> <span class='ocrx_word' id='word_1_296' title='bbox 1222 2228 1310 2255; x_wconf 86' lang='lat' dir='ltr'>sese</span> <span class='ocrx_word' id='word_1_297' title='bbox 1347 2217 1400 2255; x_wconf 92' lang='lat' dir='ltr'>ad</span> <span class='ocrx_word' id='word_1_298' title='bbox 1438 2215 1546 2255; x_wconf 93' lang='lat' dir='ltr'>illam</span> <span class='ocrx_word' id='word_1_299' title='bbox 1585 2216 1720 2268; x_wconf 90' lang='lat' dir='ltr'>potius</span> <span class='ocrx_word' id='word_1_300' title='bbox 1758 2226 1911 2268; x_wconf 90' lang='lat' dir='ltr'>partem</span> <span class='ocrx_word' id='word_1_301' title='bbox 1950 2219 2234 2269; x_wconf 88' lang='lat' dir='ltr'>explorandam</span> 
     </span>
     <span class='ocr_line' id='line_1_29' title="bbox 201 2277 2234 2333; baseline 0.001 -14"><span class='ocrx_word' id='word_1_302' title='bbox 201 2277 477 2327; x_wconf 85' lang='lat' dir='ltr'>destinaverat,</span> <span class='ocrx_word' id='word_1_303' title='bbox 500 2277 613 2318; x_wconf 90' lang='lat' dir='ltr'>cuius</span> <span class='ocrx_word' id='word_1_304' title='bbox 639 2277 786 2318; x_wconf 86' lang='lat' dir='ltr'>auxilio</span> <span class='ocrx_word' id='word_1_305' title='bbox 812 2279 865 2317; x_wconf 91' lang='lat' dir='ltr'>ad</span> <span class='ocrx_word' id='word_1_306' title='bbox 891 2285 1042 2318; x_wconf 89' lang='lat' dir='ltr'>ceteras</span> <span class='ocrx_word' id='word_1_307' title='bbox 1072 2278 1368 2330; x_wconf 88' lang='lat' dir='ltr'>investigandas</span> <span class='ocrx_word' id='word_1_308' title='bbox 1396 2279 1562 2320; x_wconf 91' lang='lat' dir='ltr'>feliciter</span> <span class='ocrx_word' id='word_1_309' title='bbox 1588 2293 1683 2320; x_wconf 92' lang='lat' dir='ltr'>usus</span> <span class='ocrx_word' id='word_1_310' title='bbox 1704 2289 1811 2330; x_wconf 81' lang='lat' dir='ltr'>erat3</span> <span class='ocrx_word' id='word_1_311' title='bbox 1840 2282 1892 2321; x_wconf 91' lang='lat' dir='ltr'>ad</span> <span class='ocrx_word' id='word_1_312' title='bbox 1913 2281 2043 2333; x_wconf 92' lang='lat' dir='ltr'>ipsum</span> <span class='ocrx_word' id='word_1_313' title='bbox 2071 2282 2234 2323; x_wconf 89' lang='lat' dir='ltr'>videndi</span> 
     </span>
     <span class='ocr_line' id='line_1_30' title="bbox 202 2341 2232 2398; baseline 0.002 -16"><span class='ocrx_word' id='word_1_314' title='bbox 202 2355 375 2391; x_wconf 89' lang='lat' dir='ltr'>sensum,</span> <span class='ocrx_word' id='word_1_315' title='bbox 405 2343 459 2382; x_wconf 91' lang='lat' dir='ltr'>ad</span> <span class='ocrx_word' id='word_1_316' title='bbox 489 2341 598 2394; x_wconf 92' lang='lat' dir='ltr'>ipsos</span> <span class='ocrx_word' id='word_1_317' title='bbox 626 2343 766 2382; x_wconf 91' lang='lat' dir='ltr'>oculos</span> <span class='ocrx_word' id='word_1_318' title='bbox 798 2342 859 2393; x_wconf 92' lang='lat' dir='ltr'>(ut</span> <span class='ocrx_word' id='word_1_319' title='bbox 887 2341 942 2381; x_wconf 89' lang='lat' dir='ltr'>ita</span> <span class='ocrx_word' id='word_1_320' title='bbox 973 2341 1124 2395; x_wconf 91' lang='lat' dir='ltr'>dicam)</span> <span class='ocrx_word' id='word_1_321' title='bbox 1153 2343 1293 2382; x_wconf 93' lang='lat' dir='ltr'>oculos</span> <span class='ocrx_word' id='word_1_322' title='bbox 1325 2343 1494 2383; x_wconf 89' lang='lat' dir='ltr'>sustulit.</span> <span class='ocrx_word' id='word_1_323' title='bbox 1555 2344 1667 2395; x_wconf 90' lang='lat' dir='ltr'>Quid</span> <span class='ocrx_word' id='word_1_324' title='bbox 1697 2353 1832 2385; x_wconf 88' lang='lat' dir='ltr'>autem</span> <span class='ocrx_word' id='word_1_325' title='bbox 1867 2345 2082 2386; x_wconf 90' lang='lat' dir='ltr'>humanius</span> <span class='ocrx_word' id='word_1_326' title='bbox 2112 2360 2232 2398; x_wconf 91' lang='lat' dir='ltr'>quam</span> 
     </span>
     <span class='ocr_line' id='line_1_31' title="bbox 200 2404 2235 2460; baseline 0.002 -16"><span class='ocrx_word' id='word_1_327' title='bbox 200 2405 486 2446; x_wconf 85' lang='lat' dir='ltr'>hebescentem</span> <span class='ocrx_word' id='word_1_328' title='bbox 520 2406 727 2445; x_wconf 90' lang='lat' dir='ltr'>oculorum</span> <span class='ocrx_word' id='word_1_329' title='bbox 761 2404 889 2445; x_wconf 90' lang='lat' dir='ltr'>aciem</span> <span class='ocrx_word' id='word_1_330' title='bbox 923 2418 1056 2444; x_wconf 91' lang='lat' dir='ltr'>rursus</span> <span class='ocrx_word' id='word_1_331' title='bbox 1086 2418 1218 2445; x_wconf 89' lang='lat' dir='ltr'>acrem</span> <span class='ocrx_word' id='word_1_332' title='bbox 1258 2406 1467 2447; x_wconf 86' lang='lat' dir='ltr'>effecisse?</span> <span class='ocrx_word' id='word_1_333' title='bbox 1525 2407 1648 2457; x_wconf 91' lang='lat' dir='ltr'>Quid,</span> <span class='ocrx_word' id='word_1_334' title='bbox 1684 2422 1810 2460; x_wconf 90' lang='lat' dir='ltr'>prope</span> <span class='ocrx_word' id='word_1_335' title='bbox 1848 2409 2026 2459; x_wconf 89' lang='lat' dir='ltr'>dixerim,</span> <span class='ocrx_word' id='word_1_336' title='bbox 2062 2409 2235 2450; x_wconf 91' lang='lat' dir='ltr'>divinius</span> 
     </span>
     <span class='ocr_line' id='line_1_32' title="bbox 201 2467 2234 2524; baseline 0.002 -16"><span class='ocrx_word' id='word_1_337' title='bbox 201 2481 324 2521; x_wconf 88' lang='lat' dir='ltr'>quam</span> <span class='ocrx_word' id='word_1_338' title='bbox 351 2467 583 2509; x_wconf 91' lang='lat' dir='ltr'>hominibus</span> <span class='ocrx_word' id='word_1_339' title='bbox 612 2468 763 2507; x_wconf 89' lang='lat' dir='ltr'>lumine</span> <span class='ocrx_word' id='word_1_340' title='bbox 791 2467 941 2508; x_wconf 88' lang='lat' dir='ltr'>orbatis</span> <span class='ocrx_word' id='word_1_341' title='bbox 967 2469 1099 2508; x_wconf 91' lang='lat' dir='ltr'>lucem</span> <span class='ocrx_word' id='word_1_342' title='bbox 1123 2468 1231 2508; x_wconf 91' lang='lat' dir='ltr'>illam</span> <span class='ocrx_word' id='word_1_343' title='bbox 1255 2469 1336 2510; x_wconf 89' lang='lat' dir='ltr'>diei</span> <span class='ocrx_word' id='word_1_344' title='bbox 1365 2483 1469 2522; x_wconf 88' lang='lat' dir='ltr'>quae</span> <span class='ocrx_word' id='word_1_345' title='bbox 1500 2471 1578 2511; x_wconf 92' lang='lat' dir='ltr'>Dei</span> <span class='ocrx_word' id='word_1_346' title='bbox 1607 2473 1762 2512; x_wconf 91' lang='lat' dir='ltr'>donum</span> <span class='ocrx_word' id='word_1_347' title='bbox 1793 2473 1966 2524; x_wconf 88' lang='lat' dir='ltr'>primurn</span> <span class='ocrx_word' id='word_1_348' title='bbox 1995 2480 2065 2522; x_wconf 90' lang='lat' dir='ltr'>est,</span> <span class='ocrx_word' id='word_1_349' title='bbox 2088 2473 2234 2514; x_wconf 92' lang='lat' dir='ltr'>totiens</span> 
     </span>
     <span class='ocr_line' id='line_1_33' title="bbox 200 2529 1892 2581; baseline 0.001 -10"><span class='ocrx_word' id='word_1_350' title='bbox 200 2529 452 2571; x_wconf 83' lang='lat' dir='ltr'>reddidisse?</span> <span class='ocrx_word' id='word_1_351' title='bbox 509 2531 628 2570; x_wconf 93' lang='lat' dir='ltr'>Duco</span> <span class='ocrx_word' id='word_1_352' title='bbox 647 2531 700 2570; x_wconf 90' lang='lat' dir='ltr'>ad</span> <span class='ocrx_word' id='word_1_353' title='bbox 719 2542 790 2569; x_wconf 90' lang='lat' dir='ltr'>vos</span> <span class='ocrx_word' id='word_1_354' title='bbox 811 2529 963 2581; x_wconf 89' lang='lat' dir='ltr'>Regiae</span> <span class='ocrx_word' id='word_1_355' title='bbox 983 2530 1192 2570; x_wconf 89' lang='lat' dir='ltr'>Societatis</span> <span class='ocrx_word' id='word_1_356' title='bbox 1213 2531 1388 2580; x_wconf 91' lang='lat' dir='ltr'>Socium,</span> <span class='ocrx_word' id='word_1_357' title='bbox 1411 2534 1661 2573; x_wconf 83' lang='lat' dir='ltr'>WILELMUM</span> <span class='ocrx_word' id='word_1_358' title='bbox 1684 2535 1892 2573; x_wconf 75' lang='lat' dir='ltr'>BOWMAN.</span> 
     </span>
    </p>
   </div>
   <div class='ocr_carea' id='block_1_6' title="bbox 201 2634 2235 3131">
    <p class='ocr_par' dir='ltr' id='par_1_6' title="bbox 201 2634 2235 3131">
     <span class='ocr_line' id='line_1_34' title="bbox 310 2634 2233 2690; baseline 0.003 -15"><span class='ocrx_word' id='word_1_359' title='bbox 310 2634 399 2689; x_wconf 87' lang='lat'>(44)</span> <span class='ocrx_word' id='word_1_360' title='bbox 435 2635 569 2676; x_wconf 91' lang='lat' dir='ltr'>Venio</span> <span class='ocrx_word' id='word_1_361' title='bbox 596 2636 649 2676; x_wconf 91' lang='lat' dir='ltr'>ad</span> <span class='ocrx_word' id='word_1_362' title='bbox 678 2649 829 2675; x_wconf 91' lang='lat' dir='ltr'>nomen</span> <span class='ocrx_word' id='word_1_363' title='bbox 858 2635 1068 2688; x_wconf 89' lang='lat' dir='ltr'>multiplici</span> <span class='ocrx_word' id='word_1_364' title='bbox 1097 2635 1353 2677; x_wconf 88' lang='lat' dir='ltr'>scientiarum</span> <span class='ocrx_word' id='word_1_365' title='bbox 1382 2638 1502 2678; x_wconf 91' lang='lat' dir='ltr'>laude</span> <span class='ocrx_word' id='word_1_366' title='bbox 1530 2638 1781 2690; x_wconf 90' lang='lat' dir='ltr'>illustratum,</span> <span class='ocrx_word' id='word_1_367' title='bbox 1814 2640 2053 2680; x_wconf 89' lang='lat' dir='ltr'>Professoris</span> <span class='ocrx_word' id='word_1_368' title='bbox 2083 2640 2233 2681; x_wconf 89' lang='lat' dir='ltr'>scilicet</span> 
     </span>
     <span class='ocr_line' id='line_1_35' title="bbox 203 2699 2231 2754; baseline 0.001 -14"><span class='ocrx_word' id='word_1_369' title='bbox 203 2699 476 2750; x_wconf 78' lang='lat' dir='ltr'>Dubfinensis,</span> <span class='ocrx_word' id='word_1_370' title='bbox 506 2699 578 2740; x_wconf 86' lang='lat' dir='ltr'>viri</span> <span class='ocrx_word' id='word_1_371' title='bbox 611 2701 663 2740; x_wconf 89' lang='lat' dir='ltr'>de</span> <span class='ocrx_word' id='word_1_372' title='bbox 696 2699 838 2740; x_wconf 91' lang='lat' dir='ltr'>studiis</span> <span class='ocrx_word' id='word_1_373' title='bbox 873 2699 1140 2751; x_wconf 90' lang='lat' dir='ltr'>Theologicis,</span> <span class='ocrx_word' id='word_1_374' title='bbox 1169 2700 1409 2752; x_wconf 88' lang='lat' dir='ltr'>Geologicis‚</span> <span class='ocrx_word' id='word_1_375' title='bbox 1441 2702 1676 2754; x_wconf 90' lang='lat' dir='ltr'>Zoologicis‚</span> <span class='ocrx_word' id='word_1_376' title='bbox 1709 2702 2007 2754; x_wconf 90' lang='lat' dir='ltr'>Geographicis,</span> <span class='ocrx_word' id='word_1_377' title='bbox 2041 2703 2231 2754; x_wconf 83' lang='lat' dir='ltr'>Physicis,</span> 
     </span>
     <span class='ocr_line' id='line_1_36' title="bbox 203 2762 2230 2817; baseline 0.002 -15"><span class='ocrx_word' id='word_1_378' title='bbox 203 2762 512 2812; x_wconf 89' lang='lat' dir='ltr'>Mathematicis,</span> <span class='ocrx_word' id='word_1_379' title='bbox 536 2762 709 2803; x_wconf 91' lang='lat' dir='ltr'>Medicis</span> <span class='ocrx_word' id='word_1_380' title='bbox 724 2762 911 2814; x_wconf 91' lang='lat' dir='ltr'>denique,</span> <span class='ocrx_word' id='word_1_381' title='bbox 927 2762 1078 2815; x_wconf 89' lang='lat' dir='ltr'>optime</span> <span class='ocrx_word' id='word_1_382' title='bbox 1094 2762 1234 2803; x_wconf 88' lang='lat' dir='ltr'>meriti.</span> <span class='ocrx_word' id='word_1_383' title='bbox 1295 2765 1389 2815; x_wconf 91' lang='lat' dir='ltr'>Ipsa</span> <span class='ocrx_word' id='word_1_384' title='bbox 1403 2771 1539 2804; x_wconf 87' lang='lat' dir='ltr'>autern</span> <span class='ocrx_word' id='word_1_385' title='bbox 1557 2768 1566 2786; x_wconf 90' lang='lat'>‘</span> <span class='ocrx_word' id='word_1_386' title='bbox 1580 2772 1745 2805; x_wconf 91' lang='lat' dir='ltr'>naturae</span> <span class='ocrx_word' id='word_1_387' title='bbox 1761 2779 1891 2806; x_wconf 91' lang='lat' dir='ltr'>rerum</span> <span class='ocrx_word' id='word_1_388' title='bbox 1908 2765 2198 2817; x_wconf 91' lang='lat' dir='ltr'>contemplatio</span> <span class='ocrx_word' id='word_1_389' title='bbox 2212 2767 2230 2814; x_wconf 90' lang='lat'>&#39;,</span> 
     </span>
     <span class='ocr_line' id='line_1_37' title="bbox 201 2824 2234 2878; baseline 0.001 -13"><span class='ocrx_word' id='word_1_390' title='bbox 201 2831 246 2865; x_wconf 88' lang='lat' dir='ltr'>ut</span> <span class='ocrx_word' id='word_1_391' title='bbox 263 2824 319 2865; x_wconf 89' lang='lat' dir='ltr'>ait</span> <span class='ocrx_word' id='word_1_392' title='bbox 338 2825 492 2875; x_wconf 88' lang='lat' dir='ltr'>Celsus,</span> <span class='ocrx_word' id='word_1_393' title='bbox 517 2825 721 2877; x_wconf 91' lang='lat' dir='ltr'>‘quamvis</span> <span class='ocrx_word' id='word_1_394' title='bbox 741 2838 824 2865; x_wconf 91' lang='lat' dir='ltr'>non</span> <span class='ocrx_word' id='word_1_395' title='bbox 844 2825 962 2865; x_wconf 86' lang='lat' dir='ltr'>saciat</span> <span class='ocrx_word' id='word_1_396' title='bbox 983 2825 1198 2875; x_wconf 90' lang='lat' dir='ltr'>medicum,</span> <span class='ocrx_word' id='word_1_397' title='bbox 1220 2825 1416 2878; x_wconf 88' lang='lat' dir='ltr'>aptiorem</span> <span class='ocrx_word' id='word_1_398' title='bbox 1437 2834 1572 2866; x_wconf 90' lang='lat' dir='ltr'>tamen</span> <span class='ocrx_word' id='word_1_399' title='bbox 1593 2827 1819 2867; x_wconf 90' lang='lat' dir='ltr'>medicinae</span> <span class='ocrx_word' id='word_1_400' title='bbox 1839 2827 1971 2867; x_wconf 92' lang='lat' dir='ltr'>reddit</span> <span class='ocrx_word' id='word_1_401' title='bbox 1987 2828 2024 2866; x_wconf 72' lang='lat'>&#39;2.</span> <span class='ocrx_word' id='word_1_402' title='bbox 2084 2828 2234 2868; x_wconf 89' lang='lat' dir='ltr'>Omnia</span> 
     </span>
     <span class='ocr_line' id='line_1_38' title="bbox 201 2886 2234 2941; baseline 0.002 -14"><span class='ocrx_word' id='word_1_403' title='bbox 201 2899 296 2928; x_wconf 87' lang='lat' dir='ltr'>vero</span> <span class='ocrx_word' id='word_1_404' title='bbox 320 2886 388 2927; x_wconf 92' lang='lat' dir='ltr'>illa</span> <span class='ocrx_word' id='word_1_405' title='bbox 416 2900 520 2940; x_wconf 91' lang='lat' dir='ltr'>quae</span> <span class='ocrx_word' id='word_1_406' title='bbox 545 2887 648 2928; x_wconf 88' lang='lat' dir='ltr'>intra</span> <span class='ocrx_word' id='word_1_407' title='bbox 676 2887 904 2939; x_wconf 87' lang='lat' dir='ltr'>provinciae</span> <span class='ocrx_word' id='word_1_408' title='bbox 929 2901 1024 2928; x_wconf 91' lang='lat' dir='ltr'>suae</span> <span class='ocrx_word' id='word_1_409' title='bbox 1053 2889 1154 2928; x_wconf 89' lang='lat' dir='ltr'>fines</span> <span class='ocrx_word' id='word_1_410' title='bbox 1177 2888 1271 2928; x_wconf 89' lang='lat' dir='ltr'>satis</span> <span class='ocrx_word' id='word_1_411' title='bbox 1297 2890 1453 2941; x_wconf 91' lang='lat' dir='ltr'>amplos</span> <span class='ocrx_word' id='word_1_412' title='bbox 1482 2888 1652 2938; x_wconf 92' lang='lat' dir='ltr'>inclusit,</span> <span class='ocrx_word' id='word_1_413' title='bbox 1676 2890 1798 2930; x_wconf 87' lang='lat' dir='ltr'>hodie</span> <span class='ocrx_word' id='word_1_414' title='bbox 1827 2891 1967 2930; x_wconf 89' lang='lat' dir='ltr'>saltem</span> <span class='ocrx_word' id='word_1_415' title='bbox 1997 2903 2080 2930; x_wconf 92' lang='lat' dir='ltr'>non</span> <span class='ocrx_word' id='word_1_416' title='bbox 2110 2892 2234 2931; x_wconf 91' lang='lat' dir='ltr'>modo</span> 
     </span>
     <span class='ocr_line' id='line_1_39' title="bbox 201 2948 2235 3004; baseline 0.002 -15"><span class='ocrx_word' id='word_1_417' title='bbox 201 2948 392 2990; x_wconf 88' lang='lat' dir='ltr'>orationis</span> <span class='ocrx_word' id='word_1_418' title='bbox 438 2956 597 2990; x_wconf 90' lang='lat' dir='ltr'>nostrae</span> <span class='ocrx_word' id='word_1_419' title='bbox 636 2951 827 2990; x_wconf 88' lang='lat' dir='ltr'>terminos</span> <span class='ocrx_word' id='word_1_420' title='bbox 865 2950 1028 2990; x_wconf 90' lang='lat' dir='ltr'>artiores</span> <span class='ocrx_word' id='word_1_421' title='bbox 1067 2952 1277 3000; x_wconf 88' lang='lat' dir='ltr'>excedunt,</span> <span class='ocrx_word' id='word_1_422' title='bbox 1319 2952 1391 2991; x_wconf 91' lang='lat' dir='ltr'>sed</span> <span class='ocrx_word' id='word_1_423' title='bbox 1429 2951 1620 3003; x_wconf 89' lang='lat' dir='ltr'>temporis</span> <span class='ocrx_word' id='word_1_424' title='bbox 1658 2965 1822 3004; x_wconf 90' lang='lat' dir='ltr'>quoque</span> <span class='ocrx_word' id='word_1_425' title='bbox 1859 2952 2050 3004; x_wconf 91' lang='lat' dir='ltr'>angustiis</span> <span class='ocrx_word' id='word_1_426' title='bbox 2088 2953 2235 3004; x_wconf 89' lang='lat' dir='ltr'>iniquis</span> 
     </span>
     <span class='ocr_line' id='line_1_40' title="bbox 202 3014 2233 3069; baseline 0.001 -16"><span class='ocrx_word' id='word_1_427' title='bbox 202 3014 478 3055; x_wconf 87' lang='lat' dir='ltr'>excluduntur.</span> <span class='ocrx_word' id='word_1_428' title='bbox 538 3016 755 3055; x_wconf 88' lang='lat' dir='ltr'>Praesento</span> <span class='ocrx_word' id='word_1_429' title='bbox 788 3014 903 3055; x_wconf 91' lang='lat' dir='ltr'>vobis</span> <span class='ocrx_word' id='word_1_430' title='bbox 936 3015 1063 3054; x_wconf 89' lang='lat' dir='ltr'>virum</span> <span class='ocrx_word' id='word_1_431' title='bbox 1098 3016 1372 3064; x_wconf 86' lang='lat' dir='ltr'>reverendum,</span> <span class='ocrx_word' id='word_1_432' title='bbox 1409 3015 1479 3067; x_wconf 90' lang='lat' dir='ltr'>qui</span> <span class='ocrx_word' id='word_1_433' title='bbox 1517 3017 1598 3056; x_wconf 86' lang='lat' dir='ltr'>fere</span> <span class='ocrx_word' id='word_1_434' title='bbox 1632 3017 1786 3056; x_wconf 90' lang='lat' dir='ltr'>nullum</span> <span class='ocrx_word' id='word_1_435' title='bbox 1819 3016 2073 3057; x_wconf 91' lang='lat' dir='ltr'>scientiarum</span> <span class='ocrx_word' id='word_1_436' title='bbox 2107 3031 2233 3069; x_wconf 88' lang='lat' dir='ltr'>genus</span> 
     </span>
     <span class='ocr_line' id='line_1_41' title="bbox 202 3077 1622 3131; baseline 0.001 -15"><span class='ocrx_word' id='word_1_437' title='bbox 202 3077 408 3126; x_wconf 87' lang='lat' dir='ltr'>intactum,</span> <span class='ocrx_word' id='word_1_438' title='bbox 439 3079 594 3118; x_wconf 92' lang='lat' dir='ltr'>nullum</span> <span class='ocrx_word' id='word_1_439' title='bbox 624 3079 852 3119; x_wconf 89' lang='lat' dir='ltr'>inornatum</span> <span class='ocrx_word' id='word_1_440' title='bbox 882 3078 1052 3131; x_wconf 88' lang='lat' dir='ltr'>reliquit,</span> <span class='ocrx_word' id='word_1_441' title='bbox 1084 3080 1324 3119; x_wconf 75' lang='lat' dir='ltr'>SAMUELEM</span> <span class='ocrx_word' id='word_1_442' title='bbox 1358 3080 1622 3118; x_wconf 77' lang='lat' dir='ltr'>HAUGHTON.</span> 
     </span>
    </p>
   </div>
   <div class='ocr_carea' id='block_1_7' title="bbox 315 3154 2127 3281">
    <p class='ocr_par' dir='ltr' id='par_1_7' title="bbox 315 3154 2127 3281">
     <span class='ocr_line' id='line_1_42' title="bbox 357 3154 2067 3200; baseline 0.002 -12"><span class='ocrx_word' id='word_1_443' title='bbox 357 3154 369 3175; x_wconf 86' lang='lat'>¹</span> <span class='ocrx_word' id='word_1_444' title='bbox 395 3157 542 3196; x_wconf 87' lang='lat' dir='ltr'>Horace,</span> <span class='ocrx_word' id='word_1_445' title='bbox 566 3157 681 3189; x_wconf 82' lang='lat' dir='ltr'>Carm.</span> <span class='ocrx_word' id='word_1_446' title='bbox 698 3157 708 3189; x_wconf 94' lang='lat' dir='ltr'>i</span> <span class='ocrx_word' id='word_1_447' title='bbox 725 3170 757 3197; x_wconf 87' lang='lat'>4,</span> <span class='ocrx_word' id='word_1_448' title='bbox 779 3167 829 3199; x_wconf 85' lang='lat'>13.</span> <span class='ocrx_word' id='word_1_449' title='bbox 1050 3156 1063 3176; x_wconf 84' lang='lat'><strong>²</strong></span> <span class='ocrx_word' id='word_1_450' title='bbox 1086 3156 1216 3196; x_wconf 83' lang='lat' dir='ltr'>Celsus,</span> <span class='ocrx_word' id='word_1_451' title='bbox 1235 3158 1289 3189; x_wconf 85' lang='lat' dir='ltr'>De</span> <span class='ocrx_word' id='word_1_452' title='bbox 1305 3158 1487 3196; x_wconf 81' lang='lat' dir='ltr'>Medicina,</span> <span class='ocrx_word' id='word_1_453' title='bbox 1508 3157 1518 3189; x_wconf 92' lang='lat' dir='ltr'>i</span> <span class='ocrx_word' id='word_1_454' title='bbox 1535 3167 1569 3199; x_wconf 88' lang='lat' dir='ltr'>p.</span> <span class='ocrx_word' id='word_1_455' title='bbox 1587 3158 1618 3196; x_wconf 91' lang='lat'>8,</span> <span class='ocrx_word' id='word_1_456' title='bbox 1639 3157 1661 3189; x_wconf 90' lang='lat' dir='ltr'>l.</span> <span class='ocrx_word' id='word_1_457' title='bbox 1682 3167 1720 3199; x_wconf 84' lang='lat'>27</span> <span class='ocrx_word' id='word_1_458' title='bbox 1736 3157 1757 3196; x_wconf 87' lang='lat' dir='ltr'>f,</span> <span class='ocrx_word' id='word_1_459' title='bbox 1777 3157 1828 3190; x_wconf 89' lang='lat' dir='ltr'>ed.</span> <span class='ocrx_word' id='word_1_460' title='bbox 1850 3158 2067 3200; x_wconf 83' lang='lat' dir='ltr'>Daremberg.</span> 
     </span>
     <span class='ocr_line' id='line_1_43' title="bbox 315 3238 2127 3281; baseline 0.001 -15"><span class='ocrx_word' id='word_1_461' title='bbox 315 3238 346 3266; x_wconf 91' lang='lat' dir='ltr'>s.</span> <span class='ocrx_word' id='word_1_462' title='bbox 359 3238 389 3268; x_wconf 88' lang='lat' dir='ltr'>s.</span> <span class='ocrx_word' id='word_1_463' title='bbox 1201 3243 1220 3267; x_wconf 89' lang='lat'>2</span> <span class='ocrx_word' id='word_1_464' title='bbox 1228 3241 1248 3281; x_wconf 85' lang='lat'>5</span> <span class='ocrx_word' id='word_1_465' title='bbox 2102 3243 2127 3279; x_wconf 91' lang='lat'>4</span> 
     </span>
    </p>
   </div>
  </div>
 </body>
</html>
