2704 3770
721 308 940 356 Francis
972 307 1043 356 A.
1082 306 1286 355 March.
1363 307 1537 356 Simon
1572 308 1852 357 Newcomb.

207 495 211 497 s
278 454 513 509 pretationis
532 453 766 495 Gallicanae
789 454 943 495 fontem
969 452 1293 505 antiquissimum
1314 466 1402 493 esse
1422 452 1629 492 ostendit1.
1688 454 1915 492 Salutamus
1938 452 2077 501 virum,
2099 454 2168 504 qui
2188 454 2307 494 etiam

279 517 561 561 Universitatis
579 524 740 558 nostrae
759 524 1037 570 praeceptores
1057 515 1097 556 in
1118 515 1260 556 studiis
1281 515 1401 555 sacris
1421 528 1583 567 peregre
1603 521 1823 566 occupatos
1843 528 2000 554 summa
2019 515 2309 566 benevolentia,

278 594 437 622 summa
461 580 637 622 amicitia
662 580 825 621 adiuvit.
884 581 1110 620 Salutamus
1144 578 1320 631 denique
1353 578 1492 628 virum,
1524 578 1592 630 qui
1628 578 1834 619 Ecclesiae
1868 578 1990 618 totius
2023 586 2175 630 partem
2209 580 2312 620 occi-

280 644 486 685 dentalem
509 657 559 684 eo
581 643 748 684 nomine
770 644 824 683 ad
849 655 892 683 se
912 642 1090 683 devinxit
1109 642 1220 693 quod
1241 642 1467 693 Scripturae
1488 642 1632 681 Sacrae
1652 640 1873 681 editionem
1892 641 2092 692 vulgatam
2119 655 2202 681 non
2229 643 2314 683 sine

280 720 428 759 magno
442 707 572 747 fructu
588 705 771 746 laborum
787 705 1049 757 plurimorum
1065 711 1345 757 argumentum
1362 703 1438 744 sibi
1453 703 1602 755 elegit².
1655 705 1751 743 Non
1773 703 1908 743 multis
1923 711 2030 743 certe
2045 703 2253 755 contingit,
2269 712 2312 744 ut

281 781 366 810 non
385 769 512 810 modo
530 769 583 809 de
602 768 740 820 patria,
762 768 833 808 sed
853 766 975 807 etiam
995 768 1047 807 de
1069 775 1189 819 gente
1212 766 1353 816 vicina,
1376 779 1510 817 neque
1535 767 1587 806 de
1611 779 1692 806 una
1716 766 1889 806 alterave
1914 772 2071 805 tantum
2090 774 2220 817 gente,
2242 768 2314 807 sed

279 832 401 873 etiam
421 833 474 873 de
493 831 676 872 Ecclesia
694 830 936 872 occidentali
955 830 1140 871 universa
1159 831 1264 870 bene
1285 829 1415 870 meriti
1435 829 1525 869 sint.

390 898 510 937 Duco
535 897 588 936 ad
617 909 688 936 vos
716 895 841 935 Verbi
871 893 1008 935 Divini
1036 893 1226 935 editionis
1254 894 1437 945 vulgatae
1466 893 1724 944 interpretem
1753 891 2045 941 doctissimum,
2074 893 2313 932 SAMUELEM

280 961 469 1000 BERGER.

389 1061 505 1116 (254)
553 1063 682 1103 Adest
729 1061 922 1114 deinceps
964 1061 1023 1101 vir
1065 1075 1187 1114 quem
1230 1061 1333 1102 inter
1375 1061 1513 1101 fratres
1551 1067 1710 1100 nostros
1749 1060 2034 1099 transmarinos
2072 1058 2315 1111 philologiae

278 1125 530 1168 Teutonicae
550 1126 765 1165 Nestorem
786 1124 1086 1165 nominaverim.
1148 1125 1254 1165 Cum
1274 1123 1460 1163 fratribus
1480 1130 1616 1162 autem
1638 1122 1794 1171 nostris,
1814 1135 1896 1162 non
1917 1122 2043 1162 modo
2062 1122 2229 1174 generis,
2243 1123 2315 1163 sed

279 1188 401 1230 etiam
429 1187 590 1240 linguae
619 1186 846 1228 communis
873 1186 1171 1227 necessitudine
1200 1185 1417 1234 coniuncti,
1446 1185 1549 1226 inter
1574 1184 1750 1225 nominis
1779 1183 1939 1236 Anglici
1967 1185 2136 1224 heredes
2162 1185 2316 1224 honore

278 1263 363 1292 non
392 1250 470 1291 levi
498 1264 591 1291 eum
622 1249 790 1302 dignum
823 1249 1070 1299 arbitramur,
1098 1249 1167 1301 qui
1201 1249 1359 1301 linguae
1393 1255 1553 1288 nostrae
1584 1246 1812 1288 communis
1846 1246 1955 1298 ipsos
1987 1247 2118 1287 fontes
2150 1246 2315 1288 feliciter

277 1313 506 1367 exploravit,
545 1313 722 1365 linguam
762 1320 939 1353 nostram
977 1319 1198 1352 maternam
1238 1313 1346 1351 velut
1383 1313 1531 1351 almam
1571 1318 1739 1351 matrem
1776 1318 1870 1351 ante
1907 1309 2044 1350 omnia
2081 1310 2228 1359 dilexit,
2264 1311 2316 1351 de

278 1379 537 1430 grammatica
574 1377 750 1429 denique
787 1376 1133 1429 Anglo-Saxonica
1166 1389 1269 1428 opus
1306 1375 1468 1427 ingenio
1503 1388 1660 1426 magno,
1694 1373 1877 1414 doctrina
1910 1373 2027 1422 varia,
2062 1373 2316 1425 simplicitate

279 1440 517 1491 admirabili,
539 1440 818 1493 philosophiae
841 1439 1018 1492 denique
1042 1439 1182 1492 spiritu
1203 1438 1436 1479 instinctum
1463 1437 1550 1478 orbi
1578 1446 1767 1478 terrarum
1799 1436 1993 1477 donavit³.
2054 1437 2171 1477 Idem
2197 1436 2315 1476 maris

279 1504 473 1546 Atlantici
491 1504 533 1544 in
553 1503 668 1544 litore
688 1512 857 1556 utroque
876 1503 1094 1544 lexicorum
1120 1516 1356 1554 magnorum
1380 1501 1611 1542 auctoribus
1634 1501 1793 1541 adiutor
1816 1508 2001 1540 strenuus
2026 1500 2184 1549 exstitit,
2207 1502 2315 1540 solus

280 1566 384 1608 inter
408 1567 622 1619 populares
645 1579 740 1606 suos
763 1565 945 1606 societati
968 1564 1235 1617 philologicae
1255 1563 1521 1605 Londiniensi
1549 1562 1713 1603 honoris
1740 1576 1859 1602 causa
1884 1561 2121 1614 adscriptus.
2181 1562 2315 1612 Quem

280 1642 409 1682 nuper
435 1628 478 1669 in
506 1629 702 1669 honorem
731 1628 827 1668 anni
856 1627 1138 1680 septuagesimi
1167 1627 1333 1667 feliciter
1361 1626 1507 1678 expleti
1535 1639 1619 1666 uno
1648 1625 1714 1665 die
1742 1631 1917 1665 oratores
1947 1626 2088 1665 decem
2118 1624 2246 1675 patrio
2275 1624 2317 1664 in

281 1706 466 1735 sermone
485 1692 672 1733 laudibus
692 1691 976 1741 cumularunt⁴,
998 1691 1117 1731 huius
1137 1698 1245 1731 certe
1261 1690 1411 1730 meritis
1427 1703 1498 1741 pro
1514 1689 1570 1729 rei
1585 1689 1779 1741 dignitate
1794 1686 2160 1728 commemorandis
2182 1701 2316 1739 neque

279 1755 416 1808 lingua
435 1755 579 1796 Latina
598 1769 731 1808 neque
752 1769 855 1795 unus
875 1762 1008 1795 orator
1027 1754 1151 1795 hodie
1171 1753 1326 1794 sufficit.

391 1821 511 1860 Duco
540 1821 594 1860 ad
624 1834 695 1860 vos
723 1819 882 1872 linguae
911 1817 1104 1870 Anglicae
1133 1825 1172 1857 et
1205 1816 1447 1870 philologiae
1481 1814 1774 1868 comparativae
1805 1815 2070 1866 professorem
2104 1813 2314 1866 insignem,

282 1885 563 1924 chisctm
592 1885 815 1923 ANDREAM
847 1885 1023 1922 MARCH.

390 1989 506 2044 (255)
537 1989 579 2031 Si
611 1991 761 2030 Thales
791 1989 857 2029 ille
889 1989 1083 2038 Milesius,
1123 1991 1275 2028 ‘rerum
1314 1995 1478 2027 naturae
1513 1986 1756 2027 certissimus
1789 1986 2014 2037 explorator
2047 1992 2086 2025 et
2118 1992 2315 2026 astrorum

281 2051 542 2106 peritissimus
562 2052 906 2104 contemplator’⁶,
929 2051 1088 2103 sapiens
1113 2058 1324 2103 propterea
1347 2049 1577 2089 nominatus
1601 2056 1671 2097 est,
1694 2049 1805 2100 quod
1831 2048 1957 2087 solem
1984 2049 2104 2087 lunae
2128 2049 2316 2100 oppositu

280 2117 409 2158 solere
441 2117 614 2157 deficere
643 2116 794 2169 primus
826 2115 1010 2156 omnium
1041 2114 1187 2155 vidisse
1220 2114 1352 2161 fertur,
1382 2113 1501 2153 etiam
1534 2113 1644 2152 hunc
1674 2111 1801 2151 virum
1837 2109 2055 2162 sapientiae
2083 2112 2204 2151 laude
2231 2124 2315 2151 non

279 2177 492 2232 indignum
529 2177 776 2227 arbitramur,
815 2178 885 2229 qui
923 2177 1018 2217 solis
1055 2184 1095 2217 et
1132 2178 1251 2216 lunae
1293 2177 1474 2216 defectus
1513 2188 1655 2215 omnes
1692 2173 1913 2225 antiquitus
1951 2173 2184 2213 observatos
2222 2187 2315 2213 cum

279 2240 549 2282 astronomiae
575 2240 730 2292 legibus
755 2240 961 2280 hodiernis
989 2238 1286 2279 accuratissime
1311 2237 1567 2290 comparavit.
1628 2237 1745 2276 Idem
1774 2243 1927 2287 quanto
1953 2235 2100 2287 ingenii
2130 2235 2317 2276 acumine

281 2303 451 2344 aliorum
470 2303 523 2343 de
542 2303 662 2343 lunae
680 2310 794 2343 motu
814 2302 960 2354 placita
979 2301 1147 2342 correxit
1160 2316 1171 2351 3
1202 2314 1323 2353 quam
1338 2299 1564 2340 admirabili
1580 2298 1803 2339 studiorum
1824 2298 2055 2338 caelestium
2077 2297 2317 2349 cognatione

282 2378 377 2406 cum
410 2364 591 2417 Neptuni
625 2364 832 2405 inventore
863 2371 1000 2404 nostro
1027 2363 1282 2403 consociatus
1316 2363 1419 2412 est⁶3
1459 2375 1581 2413 quam
1616 2360 1772 2400 infinita
1801 2360 1977 2411 denique
2011 2373 2105 2399 cura
2131 2360 2316 2401 fratribus

283 2428 428 2469 nostris
461 2427 732 2468 transmarinis
765 2434 872 2467 trans
902 2440 1078 2478 aequora
1106 2425 1384 2477 navigantibus
1418 2425 1593 2465 siderum
1628 2438 1766 2466 cursus
1794 2423 2011 2464 litterarum
2043 2424 2317 2464 monumentis

283 2490 496 2531 mandatos
515 2489 736 2542 explicavit.
793 2489 954 2529 Talium
973 2488 1146 2528 virorum
1167 2490 1219 2529 de
1237 2502 1383 2540 genere
1403 2489 1582 2527 humano
1602 2486 1742 2526 merita
1760 2487 1857 2527 dum
1879 2487 2210 2538 contemplamur,
2233 2500 2316 2527 non

282 2552 364 2593 iam
384 2551 573 2592 miramur
590 2551 723 2604 ipsum
743 2550 963 2603 Vergilium
982 2564 1007 2591 a
1028 2550 1158 2591 Musis
1178 2564 1265 2591 esse
1285 2557 1504 2602 precatum,
1525 2556 1569 2589 ut
1588 2548 1664 2589 sibi
1683 2555 1778 2588 ante
1798 2548 1935 2588 omnia

915 2621 1117 2674 ‘caelique
1145 2621 1227 2662 vias
1257 2629 1297 2661 et
1326 2621 1457 2662 sidera
1485 2627 1720 2670 monstrent,

828 2677 1010 2718 defectus
1038 2676 1133 2716 solis
1161 2676 1291 2716 varios
1319 2677 1519 2728 lunaeque
1548 2675 1758 2715 labores'⁷.

396 2754 515 2793 Duco
534 2753 587 2794 ad
605 2766 677 2793 vos
695 2759 973 2793 astronomum
992 2750 1196 2798 illustrem,
1219 2750 1423 2789 S1MONEM
1445 2747 1700 2788 NEwc0M13⁸.

374 2909 387 2931 ¹
410 2912 543 2955 Trinity
559 2912 699 2955 College
716 2912 781 2947 MS
800 2913 857 2954 (R.
879 2921 928 2955 17.
953 2923 965 2945 1
981 2924 990 2952 3
1016 2921 1044 2945 11
1066 2924 1121 2947 no.
1140 2914 1203 2957 987
1220 2913 1350 2955 James)
1366 2912 1518 2945 ascribed
1534 2912 1579 2954 by
1596 2912 1720 2954 Berger
1736 2915 1772 2943 to
1788 2910 1900 2954 pupils
1915 2910 1954 2943 of
1973 2911 2141 2944 Lanfranc
2159 2909 2198 2954 (c.
2219 2922 2231 2944 1
2242 2907 2315 2953 ido)

286 2955 322 2989 in
338 2955 450 2989 Christ
467 2956 602 2989 Church
619 2957 752 3000 Abbey,
772 2957 992 2999 Canterbury.
1150 2957 1164 2977 ἵ
1186 2957 1337 2989 Histoire
1352 2958 1391 2989 de
1406 2957 1439 2988 la
1464 2956 1603 2998 Vulgata
1611 2956 1765 2998 pendant
1781 2956 1825 2987 les
1833 2955 1997 2997 premiers
2012 2955 2121 2988 silcles
2135 2957 2183 2989 du
2199 2966 2315 2997 moyen

287 3000 346 3042 Age
359 2999 484 3043 (1893),
502 3005 566 3033 etc.
659 2998 674 3020 ³
700 3001 794 3042 1870.
893 2999 908 3020 ⁴
931 3001 1118 3033 Memorial
1138 3002 1273 3033 Volume
1286 3001 1323 3033 os
1333 3001 1465 3043 Jubilee
1481 3000 1670 3032 celebrated
1687 3010 1732 3031 on
1751 3009 1792 3040 24
1809 2999 1886 3031 Oct.
1910 3000 2004 3042 1895.
2102 2997 2116 3019 ⁶
2139 2999 2315 3042 Apuleius,

288 3044 436 3083 Florida,
462 3045 499 3077 18
515 3054 549 3087 p.
567 3054 620 3087 90.
851 3043 865 3064 ⁶
891 3041 956 3077 His
971 3045 1065 3077 work
1081 3055 1126 3077 on
1142 3045 1198 3077 the
1215 3045 1306 3087 early
1322 3045 1462 3087 eclipses
1477 3044 1545 3076 had
1561 3054 1604 3076 an
1621 3043 1774 3076 intimate
1790 3043 1979 3075 connexion
1995 3042 2077 3075 with
2096 3044 2172 3076 ‘the
2188 3043 2317 3076 secular

288 3086 509 3120 acceleration
525 3088 563 3120 of
574 3087 631 3120 the
647 3087 777 3121 moon’s
793 3098 891 3121 mean
907 3089 1037 3121 motion
1047 3089 1055 3104 '
1070 3089 1137 3121 and
1155 3088 1244 3121 Pros.
1261 3088 1400 3121 Adams'
1418 3087 1654 3130 investigation
1671 3087 1709 3119 of
1721 3086 1778 3119 the
1793 3086 1932 3128 subject.
2009 3085 2023 3108 ⁷
2050 3087 2162 3131 Georg.
2176 3087 2199 3120 ii
2216 3095 2277 3129 477
2291 3086 2315 3119 f.

287 3128 302 3151 ⁸
324 3130 457 3164 Author
472 3131 511 3163 os
523 3132 718 3164 Rescarches
731 3142 774 3164 on
789 3133 845 3164 the
858 3133 987 3164 Motion
1002 3133 1043 3175 ‘ff
1049 3132 1104 3165 the
1122 3133 1236 3173 Maon,
1260 3133 1362 3175 18783
1386 3132 1638 3164 Astronomical
1653 3132 1777 3174 Papers
1791 3131 1832 3172 of
1839 3131 1894 3163 the
1908 3131 2093 3164 American
2110 3131 2314 3175 Eplzemerr'5‚

287 3176 308 3207 8
324 3174 421 3214 vols„
446 3176 677 3218 1882—19053
702 3175 876 3218 Spherical
888 3177 1101 3218 Astronomy,
1124 3176 1217 3219 1906.

1274 3249 1347 3288 125
