2704 3770
813 320 1103 387 Universz'ty
1135 322 1202 385 of
1222 322 1431 372 Dublzn.
1515 322 1803 388 Unz'versity
1836 324 1903 387 of
1921 323 2115 373 Padua.

454 465 590 506 animo
626 474 737 518 grato
774 470 980 517 recordati,
1021 482 1104 509 non
1142 468 1341 509 immerito
1382 469 1650 520 gloriabimur,
1689 482 1772 508 uno
1814 468 1856 508 in
1898 470 2059 509 saeculo
2095 475 2254 520 gentem
2292 470 2463 510 eandem

454 526 756 568 illustrissimam
781 528 842 569 bis
868 537 1079 581 patronum
1106 530 1223 570 nobis
1249 530 1449 582 egregium
1475 530 1646 577 dedisse,
1667 538 1706 570 et
1729 530 1849 581 patris
1875 529 2042 582 imperio
2062 542 2251 581 prospero
2271 529 2342 569 viri
2363 530 2464 570 tanti

453 588 495 628 in
525 590 673 630 herede
705 589 849 642 insigni
877 591 1042 632 feliciter
1069 591 1315 641 continuato,
1345 591 1531 644 auspiciis
1560 591 1722 643 optimis
1751 593 1888 631 sellam
1918 598 2093 631 nostram
2123 593 2300 632 curulem
2328 592 2463 632 denuo

454 652 738 692 honestavisse.

771 780 1015 819 Universitas
1047 780 1376 830 Cantabngiensztc
1410 781 1671 820 Um'versitati
1693 780 1933 819 Dublinensi
1959 779 2001 819 S.
2022 780 2069 819 P.
2092 779 2148 819 D.

560 847 675 901 (547)
709 850 839 899 QUOD
869 850 993 899 vobis,
1026 850 1095 890 viri
1126 850 1357 899 doctissimi,
1393 850 1576 901 auspiciis
1607 850 1768 902 optimis
1801 850 1869 890 illo
1903 850 1968 890 die
1998 864 2135 891 sumus
2168 850 2344 899 ominati,
2379 862 2462 902 quo

452 909 623 961 primum
644 910 761 950 nobis
781 911 895 951 ferias
914 919 1062 951 vestras
1082 914 1301 952 saeculares
1320 911 1526 959 indixistis,
1549 912 1657 952 idem
1677 911 1799 952 hodie
1819 912 1982 952 feliciter
2007 912 2186 953 evenisse
2207 914 2464 953 vehementer

451 972 654 1011 laetamur.
712 973 899 1024 Namque
936 981 1088 1013 vestrae
1126 973 1404 1014 Universitatis
1442 987 1583 1014 vocem
1621 982 1728 1013 trans
1770 974 1893 1013 maria
1929 975 2008 1014 lata
2052 974 2229 1014 vocantis
2270 973 2462 1026 plurimae

452 1034 657 1074 doctrinae
672 1036 787 1075 sedes
802 1038 941 1087 procul
955 1036 1201 1085 audiverunt,
1219 1036 1378 1076 auditae
1393 1037 1561 1077 libenter
1575 1037 1791 1077 obsecutae
1807 1044 1909 1076 sunt.
1959 1038 2106 1076 Nostra
2121 1051 2214 1077 vero
2229 1036 2459 1085 Academia,

450 1097 754 1138 necessitudinis
782 1099 941 1140 vinculo
969 1099 1166 1139 artissimo
1194 1099 1402 1139 vobiscum
1430 1099 1526 1139 olim
1555 1099 1794 1148 consociata,
1823 1113 1893 1151 per
1920 1100 2069 1150 legatos
2099 1099 2209 1139 suos¹
2240 1101 2347 1140 velut
2374 1098 2461 1150 ipsa

451 1159 555 1199 ludis
574 1160 711 1200 vestris
730 1160 920 1201 interesse
938 1161 1137 1202 videbitur
1149 1176 1160 1210 3
1191 1169 1319 1201 vestra
1338 1175 1408 1213 per
1429 1163 1527 1201 atria
1549 1161 1732 1213 spatiari;
1760 1168 1889 1200 vestra
1912 1162 2060 1212 templa
2083 1161 2259 1201 venerari
2271 1175 2283 1210 3
2313 1168 2460 1201 vestras

449 1223 570 1270 aulas,
592 1222 674 1262 sive
693 1222 908 1263 litterarum
929 1224 1070 1264 studiis
1090 1224 1171 1264 sive
1194 1223 1356 1275 hospitii
1380 1223 1684 1264 oblectamentis
1711 1223 1825 1263 variis
1850 1223 2065 1273 dedicatas,
2086 1224 2263 1275 ingredi,
2290 1231 2459 1264 vestram

450 1285 720 1336 eloquentiam
742 1286 952 1335 admirari3
981 1294 1110 1326 vestro
1134 1287 1175 1326 in
1199 1287 1353 1327 theatro
1380 1287 1533 1326 fabulas
1559 1287 1711 1338 lepidas
1737 1285 1936 1338 spectare⁸
1947 1301 1959 1336 3
1987 1294 2137 1327 vestros
2160 1288 2335 1339 denique
2359 1287 2461 1326 inter

450 1347 615 1396 hortos³,
637 1347 855 1387 factionum
875 1361 898 1387 a
918 1349 1158 1388 clamoribus
1179 1349 1350 1389 dissonis
1370 1357 1556 1398 remotos,
1578 1349 1692 1400 quasi
1711 1349 1814 1389 inter
1831 1349 1937 1400 ipsas
1959 1351 2166 1390 Musarum
2186 1352 2302 1391 sedes
2316 1349 2457 1402 vagari,

448 1410 562 1461 quasi
580 1409 688 1461 ipsos
709 1411 980 1462 Hesperidum
1001 1425 1180 1451 susurros
1200 1411 1348 1460 audire,
1370 1411 1445 1462 ipsi
1466 1411 1688 1463 Hesperiae
1708 1411 1844 1451 omnia
1862 1413 1990 1451 fausta
2008 1413 2168 1463 precari.

556 1472 680 1521 Quod
711 1473 763 1511 ad
796 1479 966 1512 vestram
999 1480 1133 1512 autern
1171 1473 1433 1513 Academiam
1466 1473 1618 1522 attinet,
1654 1473 1752 1511 nihil
1785 1473 1906 1513 hodie
1938 1473 2179 1525 auspicatius
2212 1474 2456 1522 arbitramur,

447 1546 568 1585 quam
602 1534 806 1574 doctrinae
839 1535 924 1575 sedi
953 1542 1034 1575 tam
1067 1535 1212 1587 insigni
1239 1549 1367 1576 annos
1400 1535 1479 1575 iam
1510 1543 1708 1575 trecentos
1737 1535 1902 1576 feliciter
1929 1545 2088 1577 exactos
2116 1537 2309 1589 gratulari,
2339 1543 2459 1588 atque

447 1596 566 1636 etiam
586 1595 627 1635 in
646 1603 850 1647 posterum
870 1611 940 1648 per
959 1599 1117 1638 saecula
1136 1597 1306 1649 plurima
1325 1599 1524 1638 fortunam
1545 1597 1674 1638 indies
1693 1597 1909 1639 feliciorem
1930 1606 2127 1651 exoptare.
2183 1601 2335 1639 Valete.

554 1669 710 1707 Datum
735 1669 1011 1718 Cantabrzgiae

661 1723 799 1761 mensis
819 1724 932 1761 lunii
947 1724 1008 1761 die
1024 1723 1106 1762 xxi0

770 1777 821 1815 A.
845 1778 885 1816 S.
907 1787 1149 1817 mmcccxcu.

774 1907 1015 1945 Unz'versz'tas
1049 1906 1379 1956 Cantabrzssgzhnsis
1415 1907 1678 1946 Um‘versitatz'
1700 1908 1925 1945 Patavinae
1951 1907 1991 1946 S.
2014 1907 2061 1946 P.
2083 1907 2140 1946 D.

554 1975 668 2027 (548)
689 1977 901 2016 LITTERAS
929 1983 1087 2025 vestras,
1114 1976 1184 2015 viri
1214 1976 1446 2025 doctissimi,
1475 1977 1681 2016 GALrLAm
1713 1978 1919 2016 GALILAEI
1949 1976 2186 2017 Professoris
2214 1975 2331 2016 vestri
2359 1978 2458 2018 cele-

445 2037 604 2077 berrimi
623 2036 663 2076 in
684 2039 845 2077 laudem
864 2038 1109 2089 conscriptas
1128 2037 1290 2078 vixdum
1311 2051 1437 2089 nuper
1460 2039 1761 2089 perlegeramus,
1784 2051 1876 2077 cum
1904 2038 2035 2077 statim
2059 2038 2099 2077 in
2123 2046 2277 2078 mentes
2302 2046 2456 2079 nostras

445 2098 560 2138 rediit
585 2112 667 2138 non
696 2112 776 2138 una
802 2099 941 2139 Italiae
969 2099 1076 2150 regio
1100 2100 1169 2138 viri
1199 2099 1298 2138 tanti
1322 2113 1413 2138 cum
1443 2100 1635 2139 memoria
1663 2099 1704 2139 in
1733 2107 1969 2151 perpetuum
1997 2099 2236 2139 consociata.
2294 2100 2455 2140 Etenim

445 2167 581 2199 nostro
609 2172 771 2211 quoque
799 2173 822 2199 e
850 2174 1017 2200 numero
1045 2160 1228 2200 nonnulli
1257 2161 1397 2200 urbem
1426 2160 1510 2200 eius
1539 2163 1712 2201 natalem
1741 2162 1830 2212 plus
1856 2173 1976 2211 quam
2000 2162 2123 2200 semel
2149 2160 2363 2211 invisimus‚
2387 2161 2456 2202 ubi

444 2222 590 2261 Pisano
622 2221 663 2260 in
697 2224 847 2274 templo
880 2224 1082 2262 lucernam
1116 2223 1310 2274 pensilem
1339 2223 1529 2274 temporis
1557 2223 1771 2263 intervallis
1800 2223 1938 2274 aequis
1968 2225 2070 2263 ultro
2099 2223 2278 2274 citroque
2306 2223 2455 2264 moveri

442 2284 576 2323 adhuc
590 2283 743 2323 iuvenis
757 2283 1034 2324 animadvertit
1042 2298 1053 2332 3
1076 2284 1195 2324 etiam
1211 2285 1514 2325 Vallombrosae
1528 2298 1692 2325 nemora
1706 2285 2001 2336 pererravimus‚
2015 2284 2085 2324 ubi
2098 2292 2216 2324 antea
2231 2286 2454 2325 scholarum

442 2346 483 2384 in
516 2345 657 2384 umbra
689 2345 826 2385 litteris
858 2346 1032 2397 antiquis
1065 2345 1243 2385 animum
1271 2346 1464 2397 puerilem
1497 2346 1693 2386 imbuerat
1707 2361 1717 2395 3
1750 2346 1836 2397 ipsa
1869 2345 1910 2385 in
1945 2347 2078 2386 Roma
2110 2346 2318 2386 ecelesiam
2346 2347 2454 2387 illam

444 2408 734 2448 Florentinam4
752 2407 994 2457 intravimus,
1012 2408 1080 2448 ubi
1100 2409 1304 2449 doctrinae
1320 2423 1415 2449 suae
1434 2410 1486 2449 de
1505 2409 1654 2449 telluris
1671 2417 1783 2449 motu
1804 2409 2007 2449 veritatem
2023 2410 2105 2449 fato
2125 2409 2262 2461 iniquo
2276 2410 2456 2451 abiurare

443 2478 503 2510 est
521 2477 683 2510 coactus
697 2486 708 2520 3
738 2471 961 2511 Florentiae
981 2471 1156 2522 denique
1171 2471 1294 2512 clivos
1310 2472 1561 2512 suburbanos
1581 2471 1908 2523 praeterivimus⁶‚
1923 2471 1993 2511 ubi
2012 2479 2199 2523 provecta
2212 2479 2341 2512 aetate
2355 2472 2455 2512 caeli

443 2532 627 2573 nocturni
651 2533 780 2573 sidera
805 2534 913 2573 solus
937 2533 1293 2585 contemplabatur,
1318 2535 1389 2574 ubi
1413 2542 1587 2574 extrema
1609 2534 1651 2574 in
1674 2542 1878 2575 senectute
1902 2534 1981 2575 diei
2005 2534 2155 2574 lumine
2178 2534 2339 2575 orbatus
2362 2548 2454 2575 cum

443 2597 648 2634 M1L'r0N0
676 2603 813 2636 nostro
839 2597 1061 2636 collocutus
1091 2604 1161 2644 est,
1183 2597 1252 2636 ubi
1281 2598 1426 2637 eodem
1455 2598 1620 2637 demum
1648 2597 1689 2637 in
1718 2611 1825 2638 anno
1854 2597 2134 2637 mortalitatem
2160 2598 2341 2649 explevit,
2372 2611 2454 2650 quo

442 2659 481 2697 N
485 2668 688 2696 EWTONUS
708 2665 843 2697 noster
861 2659 993 2698 lucem
1013 2658 1092 2698 diei
1111 2658 1285 2710 primum
1305 2658 1511 2710 suspexit⁶.

550 2718 688 2758 Hodie
725 2732 818 2759 vero
854 2727 946 2759 ante
984 2719 1119 2759 omnia
1151 2733 1234 2759 non
1267 2720 1352 2760 sine
1386 2721 1572 2772 singulari
1605 2722 1809 2772 voluptate
1841 2722 1977 2761 sedem
2012 2722 2215 2772 quandam
2249 2721 2454 2762 doctrinae

440 2779 646 2831 insignem,
667 2780 770 2820 intra
794 2782 916 2821 colles
938 2783 1151 2832 Euganeos
1174 2783 1394 2833 urbemque
1414 2783 1510 2822 olim
1531 2782 1649 2822 maris
1669 2782 1874 2822 dominam
1894 2782 2076 2834 positam,
2098 2784 2362 2831 recordamur,
2384 2783 2454 2823 ubi

439 2850 637 2882 trecentos
665 2843 813 2883 abhinc
840 2857 969 2883 annos
997 2844 1144 2883 saeculi
1173 2844 1234 2884 sui
1266 2847 1555 2885 ARCHIMEDES
1587 2845 1872 2897 discipulorum
1908 2860 1955 2886 ex
1985 2846 2096 2886 omni
2130 2848 2316 2898 Europae
2343 2854 2454 2898 parte

440 2906 728 2944 confluentium
767 2919 935 2945 numero
971 2905 1122 2957 ingenti
1164 2906 1386 2947 erudiendo
1430 2907 1550 2947 vitam
1594 2921 1706 2947 suam
1750 2916 1944 2948 maturam
1989 2908 2160 2948 maxima
2202 2922 2294 2948 cum
2336 2910 2454 2949 laude

440 2965 639 3006 dedicavit
652 2981 664 3016 3
697 2966 776 3015 ubi,
807 2974 851 3006 ut
886 2968 996 3006 L1V11
1027 2969 1145 3007 vestri
1178 2967 1308 3008 verbis
1336 2970 1500 3020 paulum
1531 2968 1691 3008 mutatis
1722 2977 1891 3018 utamur,
1922 2971 2023 3010 ultra
2055 2971 2177 3010 colles
2210 2983 2454 3022 camposque

524 3058 537 3079 ¹
560 3060 628 3094 No.
649 3070 712 3103 544
727 3067 841 3104 supra.
972 3060 986 3082 ²
1009 3063 1203 3096 Sheridan’s
1220 3064 1347 3103 Rivals,
1366 3070 1443 3104 etc„
1462 3075 1507 3097 on
1524 3072 1541 3106 7
1556 3065 1646 3107 July.
1772 3064 1786 3086 ³
1810 3066 1946 3099 Garden
1964 3066 2091 3099 Parties
2107 3066 2146 3098 of
2159 3075 2190 3107 5,
2208 3065 2228 3097 6
2243 3066 2311 3098 and
2329 3074 2346 3106 7
2359 3065 2450 3108 July.

437 3101 452 3165 ἓ
475 3104 583 3187 ἰςὲἴζα
598 3105 718 3136 Μανία
732 3111 827 3147 sopra
843 3106 1017 3140 Minerva.
1229 3107 1243 3128 ⁶
1265 3108 1368 3140 Verbi
1383 3108 1490 3140 forma
1505 3118 1525 3140 a
1541 3107 1702 3141 Cicerone
1718 3108 1840 3142 vitata:
1864 3120 1952 3142 nunc
1968 3110 2180 3152 praetulerim
2199 3109 2424 3142 ‘ascendimus
2431 3107 2449 3141 ’.

1404 3214 1480 3261 246
