<?xml version="1.0" encoding="UTF-8"?>
<!DOCTYPE html PUBLIC "-//W3C//DTD XHTML 1.0 Transitional//EN"
    "http://www.w3.org/TR/xhtml1/DTD/xhtml1-transitional.dtd">
<html xmlns="http://www.w3.org/1999/xhtml" xml:lang="en" lang="en">
 <head>
  <title>
</title>
<meta http-equiv="Content-Type" content="text/html;charset=utf-8" />
  <meta name='ocr-system' content='tesseract 3.04.00' />
  <meta name='ocr-capabilities' content='ocr_page ocr_carea ocr_par ocr_line ocrx_word'/>
</head>
<body>
  <div class='ocr_page' id='page_1' title='image "./orationesetepist00sanduoft/orationesetepist00sanduoft_0168.png"; bbox 0 0 2704 3770; ppageno 0'>
   <div class='ocr_carea' id='block_1_1' title="bbox 884 305 2014 374">
    <p class='ocr_par' dir='ltr' id='par_1_1' title="bbox 884 305 2014 374">
     <span class='ocr_line' id='line_1_1' title="bbox 884 305 2014 374; baseline 0.003 -20"><span class='ocrx_word' id='word_1_1' title='bbox 884 305 1096 355; x_wconf 87' lang='lat' dir='ltr'>Thomas</span> <span class='ocrx_word' id='word_1_2' title='bbox 1143 307 1413 356; x_wconf 80' lang='lat' dir='ltr'>W&#39;ltshz&#39;re.</span> <span class='ocrx_word' id='word_1_3' title='bbox 1485 308 1635 357; x_wconf 84' lang='lat' dir='ltr'><em>Alex.</em></span> <span class='ocrx_word' id='word_1_4' title='bbox 1675 308 1739 356; x_wconf 84' lang='lat' dir='ltr'><em>K</em></span> <span class='ocrx_word' id='word_1_5' title='bbox 1733 307 2014 374; x_wconf 80' lang='lat' dir='ltr'>owalevsky.</span> 
     </span>
    </p>
   </div>
   <div class='ocr_carea' id='block_1_2' title="bbox 445 449 2456 1252">
    <p class='ocr_par' dir='ltr' id='par_1_2' title="bbox 445 449 2456 1123">
     <span class='ocr_line' id='line_1_2' title="bbox 446 449 2451 506; baseline 0.003 -19"><span class='ocrx_word' id='word_1_6' title='bbox 446 449 537 490; x_wconf 91' lang='lat' dir='ltr'>fidei</span> <span class='ocrx_word' id='word_1_7' title='bbox 576 451 808 504; x_wconf 86' lang='lat' dir='ltr'>veritatique</span> <span class='ocrx_word' id='word_1_8' title='bbox 840 453 1144 505; x_wconf 87' lang='lat' dir='ltr'>componitur&#39;¹.</span> <span class='ocrx_word' id='word_1_9' title='bbox 1202 456 1330 494; x_wconf 86' lang='lat' dir='ltr'><strong>Adest</strong></span> <span class='ocrx_word' id='word_1_10' title='bbox 1366 454 1423 494; x_wconf 90' lang='lat' dir='ltr'>vir</span> <span class='ocrx_word' id='word_1_11' title='bbox 1459 454 1528 506; x_wconf 91' lang='lat' dir='ltr'>qui</span> <span class='ocrx_word' id='word_1_12' title='bbox 1564 454 1665 494; x_wconf 91' lang='lat' dir='ltr'>inter</span> <span class='ocrx_word' id='word_1_13' title='bbox 1703 454 1952 496; x_wconf 89' lang='lat' dir='ltr'>Oxonienses</span> <span class='ocrx_word' id='word_1_14' title='bbox 1989 468 2081 494; x_wconf 89' lang='lat' dir='ltr'>suos</span> <span class='ocrx_word' id='word_1_15' title='bbox 2111 454 2229 493; x_wconf 90' lang='lat' dir='ltr'>trium</span> <span class='ocrx_word' id='word_1_16' title='bbox 2262 453 2451 505; x_wconf 85' lang='lat' dir='ltr'><strong>deinceps</strong></span> 
     </span>
     <span class='ocr_line' id='line_1_3' title="bbox 447 512 2452 567; baseline 0.002 -17"><span class='ocrx_word' id='word_1_17' title='bbox 447 512 735 563; x_wconf 79' lang='lat' dir='ltr'>Collegiorum²</span> <span class='ocrx_word' id='word_1_18' title='bbox 753 514 884 554; x_wconf 91' lang='lat' dir='ltr'>socius</span> <span class='ocrx_word' id='word_1_19' title='bbox 904 522 943 554; x_wconf 92' lang='lat' dir='ltr'>et</span> <span class='ocrx_word' id='word_1_20' title='bbox 963 514 1064 554; x_wconf 90' lang='lat' dir='ltr'>inter</span> <span class='ocrx_word' id='word_1_21' title='bbox 1083 516 1374 556; x_wconf 90' lang='lat' dir='ltr'>Londinienses</span> <span class='ocrx_word' id='word_1_22' title='bbox 1394 516 1580 556; x_wconf 84' lang='lat' dir='ltr'>historiae</span> <span class='ocrx_word' id='word_1_23' title='bbox 1600 517 1804 567; x_wconf 86' lang='lat' dir='ltr'>quondam</span> <span class='ocrx_word' id='word_1_24' title='bbox 1824 517 2021 567; x_wconf 90' lang='lat' dir='ltr'>professor</span> <span class='ocrx_word' id='word_1_25' title='bbox 2039 516 2288 562; x_wconf 89' lang='lat' dir='ltr'>constitutus,</span> <span class='ocrx_word' id='word_1_26' title='bbox 2305 514 2452 555; x_wconf 86' lang='lat' dir='ltr'>saeculi</span> 
     </span>
     <span class='ocr_line' id='line_1_4' title="bbox 445 575 2453 631; baseline 0.002 -18"><span class='ocrx_word' id='word_1_27' title='bbox 445 575 591 614; x_wconf 90' lang='lat' dir='ltr'>decimi</span> <span class='ocrx_word' id='word_1_28' title='bbox 617 576 774 627; x_wconf 85' lang='lat' dir='ltr'>septimi</span> <span class='ocrx_word' id='word_1_29' title='bbox 801 584 952 627; x_wconf 87' lang='lat' dir='ltr'>partem</span> <span class='ocrx_word' id='word_1_30' title='bbox 978 578 1149 629; x_wconf 89' lang='lat' dir='ltr'>priorem</span> <span class='ocrx_word' id='word_1_31' title='bbox 1180 579 1293 630; x_wconf 89' lang='lat' dir='ltr'>quasi</span> <span class='ocrx_word' id='word_1_32' title='bbox 1321 580 1519 631; x_wconf 88' lang='lat' dir='ltr'>propriam</span> <span class='ocrx_word' id='word_1_33' title='bbox 1547 579 1792 631; x_wconf 88' lang='lat' dir='ltr'>provinciam</span> <span class='ocrx_word' id='word_1_34' title='bbox 1821 579 1897 619; x_wconf 89' lang='lat' dir='ltr'>sibi</span> <span class='ocrx_word' id='word_1_35' title='bbox 1926 579 2168 619; x_wconf 76' lang='lat' dir='ltr'>vindicavit³.</span> <span class='ocrx_word' id='word_1_36' title='bbox 2227 580 2383 619; x_wconf 92' lang='lat' dir='ltr'>Bellum</span> <span class='ocrx_word' id='word_1_37' title='bbox 2410 578 2453 618; x_wconf 90' lang='lat' dir='ltr'>in</span> 
     </span>
     <span class='ocr_line' id='line_1_5' title="bbox 448 636 2455 693; baseline 0.002 -18"><span class='ocrx_word' id='word_1_38' title='bbox 448 636 608 687; x_wconf 87' lang='lat' dir='ltr'>Europa</span> <span class='ocrx_word' id='word_1_39' title='bbox 637 645 816 689; x_wconf 92' lang='lat' dir='ltr'>tempore</span> <span class='ocrx_word' id='word_1_40' title='bbox 840 639 908 678; x_wconf 93' lang='lat' dir='ltr'>illo</span> <span class='ocrx_word' id='word_1_41' title='bbox 936 652 1006 690; x_wconf 91' lang='lat' dir='ltr'>per</span> <span class='ocrx_word' id='word_1_42' title='bbox 1033 639 1191 691; x_wconf 89' lang='lat' dir='ltr'>triginta</span> <span class='ocrx_word' id='word_1_43' title='bbox 1218 654 1345 680; x_wconf 89' lang='lat' dir='ltr'>annos</span> <span class='ocrx_word' id='word_1_44' title='bbox 1367 648 1521 692; x_wconf 91' lang='lat' dir='ltr'>gestum</span> <span class='ocrx_word' id='word_1_45' title='bbox 1550 654 1671 692; x_wconf 92' lang='lat' dir='ltr'>quam</span> <span class='ocrx_word' id='word_1_46' title='bbox 1693 642 1847 693; x_wconf 85' lang='lat' dir='ltr'>egregie</span> <span class='ocrx_word' id='word_1_47' title='bbox 1874 641 2110 692; x_wconf 85' lang='lat' dir='ltr'>descripsit⁴.</span> <span class='ocrx_word' id='word_1_48' title='bbox 2168 642 2324 681; x_wconf 91' lang='lat' dir='ltr'>Bellum</span> <span class='ocrx_word' id='word_1_49' title='bbox 2352 640 2455 680; x_wconf 89' lang='lat' dir='ltr'>inter</span> 
     </span>
     <span class='ocr_line' id='line_1_6' title="bbox 446 699 2453 755; baseline 0.002 -18"><span class='ocrx_word' id='word_1_50' title='bbox 446 707 604 739; x_wconf 89' lang='lat' dir='ltr'>nosmet</span> <span class='ocrx_word' id='word_1_51' title='bbox 622 699 730 751; x_wconf 93' lang='lat' dir='ltr'>ipsos</span> <span class='ocrx_word' id='word_1_52' title='bbox 749 700 875 749; x_wconf 91' lang='lat' dir='ltr'>civile,</span> <span class='ocrx_word' id='word_1_53' title='bbox 889 703 940 741; x_wconf 93' lang='lat' dir='ltr'>de</span> <span class='ocrx_word' id='word_1_54' title='bbox 960 701 1025 741; x_wconf 90' lang='lat' dir='ltr'>die</span> <span class='ocrx_word' id='word_1_55' title='bbox 1044 701 1086 741; x_wconf 89' lang='lat' dir='ltr'>in</span> <span class='ocrx_word' id='word_1_56' title='bbox 1106 703 1213 742; x_wconf 91' lang='lat' dir='ltr'>diem</span> <span class='ocrx_word' id='word_1_57' title='bbox 1233 716 1353 754; x_wconf 91' lang='lat' dir='ltr'>quam</span> <span class='ocrx_word' id='word_1_58' title='bbox 1373 703 1580 755; x_wconf 90' lang='lat' dir='ltr'>diligenter</span> <span class='ocrx_word' id='word_1_59' title='bbox 1599 711 1809 751; x_wconf 90' lang='lat' dir='ltr'>narratum,</span> <span class='ocrx_word' id='word_1_60' title='bbox 1824 716 1944 754; x_wconf 90' lang='lat' dir='ltr'>opere</span> <span class='ocrx_word' id='word_1_61' title='bbox 1964 716 2082 755; x_wconf 89' lang='lat' dir='ltr'>quam</span> <span class='ocrx_word' id='word_1_62' title='bbox 2104 702 2253 754; x_wconf 88' lang='lat' dir='ltr'>ingenti</span> <span class='ocrx_word' id='word_1_63' title='bbox 2272 702 2357 742; x_wconf 91' lang='lat' dir='ltr'>sine</span> <span class='ocrx_word' id='word_1_64' title='bbox 2371 702 2453 742; x_wconf 91' lang='lat' dir='ltr'>ullo</span> 
     </span>
     <span class='ocr_line' id='line_1_7' title="bbox 445 760 2454 816; baseline 0.001 -17"><span class='ocrx_word' id='word_1_65' title='bbox 445 760 615 810; x_wconf 91' lang='lat' dir='ltr'>partium</span> <span class='ocrx_word' id='word_1_66' title='bbox 653 762 786 802; x_wconf 90' lang='lat' dir='ltr'>studio</span> <span class='ocrx_word' id='word_1_67' title='bbox 824 763 1029 802; x_wconf 78' lang='lat' dir='ltr'>tractavit⁶.</span> <span class='ocrx_word' id='word_1_68' title='bbox 1090 765 1327 804; x_wconf 90' lang='lat' dir='ltr'>Cromwellii</span> <span class='ocrx_word' id='word_1_69' title='bbox 1363 765 1576 816; x_wconf 81' lang='lat' dir='ltr'>imaginem</span> <span class='ocrx_word' id='word_1_70' title='bbox 1614 765 1814 804; x_wconf 90' lang='lat' dir='ltr'>coloribus</span> <span class='ocrx_word' id='word_1_71' title='bbox 1851 778 1971 816; x_wconf 87' lang='lat' dir='ltr'>quam</span> <span class='ocrx_word' id='word_1_72' title='bbox 2009 765 2159 813; x_wconf 91' lang='lat' dir='ltr'>vividis,</span> <span class='ocrx_word' id='word_1_73' title='bbox 2195 777 2316 816; x_wconf 91' lang='lat' dir='ltr'>quam</span> <span class='ocrx_word' id='word_1_74' title='bbox 2352 762 2454 803; x_wconf 86' lang='lat' dir='ltr'>veris</span> 
     </span>
     <span class='ocr_line' id='line_1_8' title="bbox 446 823 2452 880; baseline 0.002 -19"><span class='ocrx_word' id='word_1_75' title='bbox 446 823 654 874; x_wconf 80' lang='lat' dir='ltr'>depinxit⁶.</span> <span class='ocrx_word' id='word_1_76' title='bbox 713 825 951 866; x_wconf 91' lang='lat' dir='ltr'>Curiositate</span> <span class='ocrx_word' id='word_1_77' title='bbox 973 840 1094 878; x_wconf 89' lang='lat' dir='ltr'>quam</span> <span class='ocrx_word' id='word_1_78' title='bbox 1120 827 1272 867; x_wconf 88' lang='lat' dir='ltr'>minuta</span> <span class='ocrx_word' id='word_1_79' title='bbox 1295 841 1434 868; x_wconf 91' lang='lat' dir='ltr'>omnes</span> <span class='ocrx_word' id='word_1_80' title='bbox 1458 841 1588 868; x_wconf 90' lang='lat' dir='ltr'>rerum</span> <span class='ocrx_word' id='word_1_81' title='bbox 1611 829 1740 867; x_wconf 90' lang='lat' dir='ltr'>fontes</span> <span class='ocrx_word' id='word_1_82' title='bbox 1760 826 1830 880; x_wconf 92' lang='lat' dir='ltr'>(ne</span> <span class='ocrx_word' id='word_1_83' title='bbox 1855 827 1986 867; x_wconf 91' lang='lat' dir='ltr'>dicam</span> <span class='ocrx_word' id='word_1_84' title='bbox 2009 826 2173 879; x_wconf 90' lang='lat' dir='ltr'>rivulos)</span> <span class='ocrx_word' id='word_1_85' title='bbox 2192 833 2452 867; x_wconf 86' lang='lat' dir='ltr'>consectatur.</span> 
     </span>
     <span class='ocr_line' id='line_1_9' title="bbox 447 886 2454 942; baseline 0.002 -18"><span class='ocrx_word' id='word_1_86' title='bbox 447 886 563 925; x_wconf 91' lang='lat' dir='ltr'>Idem</span> <span class='ocrx_word' id='word_1_87' title='bbox 588 888 759 928; x_wconf 87' lang='lat' dir='ltr'>veritatis</span> <span class='ocrx_word' id='word_1_88' title='bbox 787 890 920 930; x_wconf 90' lang='lat' dir='ltr'>studio</span> <span class='ocrx_word' id='word_1_89' title='bbox 948 891 1105 942; x_wconf 92' lang='lat' dir='ltr'>penitus</span> <span class='ocrx_word' id='word_1_90' title='bbox 1133 890 1352 938; x_wconf 90' lang='lat' dir='ltr'>immersus,</span> <span class='ocrx_word' id='word_1_91' title='bbox 1374 891 1656 942; x_wconf 87' lang='lat' dir='ltr'>tranquillitate</span> <span class='ocrx_word' id='word_1_92' title='bbox 1684 903 1804 942; x_wconf 90' lang='lat' dir='ltr'>quam</span> <span class='ocrx_word' id='word_1_93' title='bbox 1834 903 1967 930; x_wconf 90' lang='lat' dir='ltr'>severa</span> <span class='ocrx_word' id='word_1_94' title='bbox 1995 890 2036 929; x_wconf 92' lang='lat' dir='ltr'>in</span> <span class='ocrx_word' id='word_1_95' title='bbox 2065 889 2282 942; x_wconf 90' lang='lat' dir='ltr'>sapientiae</span> <span class='ocrx_word' id='word_1_96' title='bbox 2304 889 2454 940; x_wconf 90' lang='lat' dir='ltr'>templo</span> 
     </span>
     <span class='ocr_line' id='line_1_10' title="bbox 447 949 2456 1002; baseline 0.002 -16"><span class='ocrx_word' id='word_1_97' title='bbox 447 949 623 998; x_wconf 89' lang='lat' dir='ltr'>quodam</span> <span class='ocrx_word' id='word_1_98' title='bbox 652 963 792 990; x_wconf 90' lang='lat' dir='ltr'>sereno</span> <span class='ocrx_word' id='word_1_99' title='bbox 817 959 1001 991; x_wconf 91' lang='lat' dir='ltr'>versatur.</span> <span class='ocrx_word' id='word_1_100' title='bbox 1061 952 1258 1002; x_wconf 90' lang='lat' dir='ltr'>Quotiens</span> <span class='ocrx_word' id='word_1_101' title='bbox 1286 960 1419 992; x_wconf 87' lang='lat' dir='ltr'>tamen</span> <span class='ocrx_word' id='word_1_102' title='bbox 1447 953 1578 992; x_wconf 93' lang='lat' dir='ltr'>lucem</span> <span class='ocrx_word' id='word_1_103' title='bbox 1607 951 1778 992; x_wconf 92' lang='lat' dir='ltr'>veritatis</span> <span class='ocrx_word' id='word_1_104' title='bbox 1806 965 1889 991; x_wconf 91' lang='lat' dir='ltr'>non</span> <span class='ocrx_word' id='word_1_105' title='bbox 1917 952 2044 992; x_wconf 92' lang='lat' dir='ltr'>musei</span> <span class='ocrx_word' id='word_1_106' title='bbox 2072 951 2133 992; x_wconf 93' lang='lat' dir='ltr'>sui</span> <span class='ocrx_word' id='word_1_107' title='bbox 2160 951 2262 991; x_wconf 89' lang='lat' dir='ltr'>intra</span> <span class='ocrx_word' id='word_1_108' title='bbox 2289 949 2456 1002; x_wconf 74' lang='lat' dir='ltr'>parietes</span> 
     </span>
     <span class='ocr_line' id='line_1_11' title="bbox 448 1011 2456 1066; baseline 0.001 -18"><span class='ocrx_word' id='word_1_109' title='bbox 448 1011 649 1051; x_wconf 91' lang='lat' dir='ltr'>includere</span> <span class='ocrx_word' id='word_1_110' title='bbox 669 1020 728 1051; x_wconf 92' lang='lat' dir='ltr'>est</span> <span class='ocrx_word' id='word_1_111' title='bbox 747 1020 970 1063; x_wconf 91' lang='lat' dir='ltr'>contentus,</span> <span class='ocrx_word' id='word_1_112' title='bbox 994 1015 1064 1053; x_wconf 92' lang='lat' dir='ltr'>sed</span> <span class='ocrx_word' id='word_1_113' title='bbox 1084 1013 1192 1053; x_wconf 92' lang='lat' dir='ltr'>urbis</span> <span class='ocrx_word' id='word_1_114' title='bbox 1212 1027 1380 1066; x_wconf 88' lang='lat' dir='ltr'>magnae</span> <span class='ocrx_word' id='word_1_115' title='bbox 1399 1014 1500 1054; x_wconf 91' lang='lat' dir='ltr'>inter</span> <span class='ocrx_word' id='word_1_116' title='bbox 1519 1014 1666 1062; x_wconf 84' lang='lat' dir='ltr'>turbas,</span> <span class='ocrx_word' id='word_1_117' title='bbox 1688 1013 1826 1066; x_wconf 93' lang='lat' dir='ltr'>populi</span> <span class='ocrx_word' id='word_1_118' title='bbox 1845 1013 1966 1054; x_wconf 92' lang='lat' dir='ltr'>totius</span> <span class='ocrx_word' id='word_1_119' title='bbox 1981 1015 2033 1054; x_wconf 88' lang='lat' dir='ltr'>ad</span> <span class='ocrx_word' id='word_1_120' title='bbox 2048 1015 2230 1063; x_wconf 86' lang='lat' dir='ltr'>fructum,</span> <span class='ocrx_word' id='word_1_121' title='bbox 2244 1012 2456 1053; x_wconf 87' lang='lat' dir='ltr'>ostendere</span> 
     </span>
     <span class='ocr_line' id='line_1_12' title="bbox 447 1074 716 1123; baseline 0.007 -11"><span class='ocrx_word' id='word_1_122' title='bbox 447 1081 506 1112; x_wconf 92' lang='lat' dir='ltr'>est</span> <span class='ocrx_word' id='word_1_123' title='bbox 526 1074 716 1123; x_wconf 88' lang='lat' dir='ltr'>paratus⁷.</span> 
     </span>
    </p>

    <p class='ocr_par' dir='ltr' id='par_1_3' title="bbox 447 1137 2455 1252">
     <span class='ocr_line' id='line_1_13' title="bbox 558 1137 2455 1192; baseline 0.001 -16"><span class='ocrx_word' id='word_1_124' title='bbox 558 1138 673 1177; x_wconf 91' lang='lat' dir='ltr'>Duco</span> <span class='ocrx_word' id='word_1_125' title='bbox 701 1139 752 1178; x_wconf 90' lang='lat' dir='ltr'>ad</span> <span class='ocrx_word' id='word_1_126' title='bbox 781 1152 851 1178; x_wconf 92' lang='lat' dir='ltr'>vos</span> <span class='ocrx_word' id='word_1_127' title='bbox 879 1147 918 1179; x_wconf 89' lang='lat' dir='ltr'>et</span> <span class='ocrx_word' id='word_1_128' title='bbox 947 1140 1085 1192; x_wconf 92' lang='lat' dir='ltr'>populi</span> <span class='ocrx_word' id='word_1_129' title='bbox 1113 1148 1152 1180; x_wconf 90' lang='lat' dir='ltr'>et</span> <span class='ocrx_word' id='word_1_130' title='bbox 1181 1139 1401 1181; x_wconf 90' lang='lat' dir='ltr'>doctissimi</span> <span class='ocrx_word' id='word_1_131' title='bbox 1429 1139 1622 1190; x_wconf 91' lang='lat' dir='ltr'>cuiusque</span> <span class='ocrx_word' id='word_1_132' title='bbox 1650 1146 1946 1191; x_wconf 88' lang='lat' dir='ltr'>praeceptorem</span> <span class='ocrx_word' id='word_1_133' title='bbox 1975 1140 2183 1191; x_wconf 90' lang='lat' dir='ltr'>optimum,</span> <span class='ocrx_word' id='word_1_134' title='bbox 2204 1137 2455 1178; x_wconf 86' lang='lat' dir='ltr'>historiarum</span> 
     </span>
     <span class='ocr_line' id='line_1_14' title="bbox 447 1198 2088 1252; baseline 0.002 -15"><span class='ocrx_word' id='word_1_135' title='bbox 447 1198 678 1249; x_wconf 89' lang='lat' dir='ltr'>scriptorem</span> <span class='ocrx_word' id='word_1_136' title='bbox 698 1201 972 1241; x_wconf 90' lang='lat' dir='ltr'>fidelissimum</span> <span class='ocrx_word' id='word_1_137' title='bbox 992 1210 1031 1243; x_wconf 88' lang='lat' dir='ltr'>et</span> <span class='ocrx_word' id='word_1_138' title='bbox 1051 1203 1357 1252; x_wconf 89' lang='lat' dir='ltr'>veracissimum,</span> <span class='ocrx_word' id='word_1_139' title='bbox 1379 1204 1616 1243; x_wconf 82' lang='lat' dir='ltr'><strong>SAMUELEM</strong></span> <span class='ocrx_word' id='word_1_140' title='bbox 1639 1204 1824 1242; x_wconf 69' lang='lat' dir='ltr'>RAwsou</span> <span class='ocrx_word' id='word_1_141' title='bbox 1845 1204 2088 1243; x_wconf 80' lang='lat' dir='ltr'>GARDINER.</span> 
     </span>
    </p>
   </div>
   <div class='ocr_carea' id='block_1_3' title="bbox 447 1334 2463 2386">
    <p class='ocr_par' dir='ltr' id='par_1_4' title="bbox 447 1334 2463 2261">
     <span class='ocr_line' id='line_1_15' title="bbox 554 1334 2455 1390; baseline -0.001 -15"><span class='ocrx_word' id='word_1_142' title='bbox 554 1336 671 1390; x_wconf 87' lang='lat'><strong>(312)</strong></span> <span class='ocrx_word' id='word_1_143' title='bbox 683 1339 800 1378; x_wconf 92' lang='lat' dir='ltr'>Unus</span> <span class='ocrx_word' id='word_1_144' title='bbox 813 1352 860 1378; x_wconf 87' lang='lat' dir='ltr'>ex</span> <span class='ocrx_word' id='word_1_145' title='bbox 870 1339 1041 1379; x_wconf 90' lang='lat' dir='ltr'>alumnis</span> <span class='ocrx_word' id='word_1_146' title='bbox 1054 1339 1208 1387; x_wconf 84' lang='lat' dir='ltr'>nostris,</span> <span class='ocrx_word' id='word_1_147' title='bbox 1224 1338 1431 1378; x_wconf 88' lang='lat' dir='ltr'>Societatis</span> <span class='ocrx_word' id='word_1_148' title='bbox 1446 1337 1698 1389; x_wconf 88' lang='lat' dir='ltr'>Geologicae,</span> <span class='ocrx_word' id='word_1_149' title='bbox 1714 1336 2028 1385; x_wconf 88' lang='lat' dir='ltr'>Astronomicae,</span> <span class='ocrx_word' id='word_1_150' title='bbox 2046 1335 2299 1375; x_wconf 89' lang='lat' dir='ltr'>Linnaeanae</span> <span class='ocrx_word' id='word_1_151' title='bbox 2311 1334 2455 1383; x_wconf 87' lang='lat' dir='ltr'>socius,</span> 
     </span>
     <span class='ocr_line' id='line_1_16' title="bbox 447 1397 2454 1451; baseline -0.001 -12"><span class='ocrx_word' id='word_1_152' title='bbox 447 1399 596 1439; x_wconf 91' lang='lat' dir='ltr'>idcirco</span> <span class='ocrx_word' id='word_1_153' title='bbox 630 1400 859 1450; x_wconf 89' lang='lat' dir='ltr'>praesertim</span> <span class='ocrx_word' id='word_1_154' title='bbox 893 1402 993 1440; x_wconf 88' lang='lat' dir='ltr'>inter</span> <span class='ocrx_word' id='word_1_155' title='bbox 1022 1402 1169 1451; x_wconf 90' lang='lat' dir='ltr'>peritos</span> <span class='ocrx_word' id='word_1_156' title='bbox 1200 1401 1392 1448; x_wconf 87' lang='lat' dir='ltr'>laudatur,</span> <span class='ocrx_word' id='word_1_157' title='bbox 1427 1400 1537 1450; x_wconf 90' lang='lat' dir='ltr'>quod</span> <span class='ocrx_word' id='word_1_158' title='bbox 1565 1398 1992 1450; x_wconf 88' lang='lat' dir='ltr'>Palaeontographicae</span> <span class='ocrx_word' id='word_1_159' title='bbox 2021 1397 2229 1437; x_wconf 90' lang='lat' dir='ltr'>Societatis</span> <span class='ocrx_word' id='word_1_160' title='bbox 2259 1397 2300 1436; x_wconf 93' lang='lat' dir='ltr'>in</span> <span class='ocrx_word' id='word_1_161' title='bbox 2326 1410 2454 1446; x_wconf 88' lang='lat' dir='ltr'>usum,</span> 
     </span>
     <span class='ocr_line' id='line_1_17' title="bbox 448 1459 2458 1514; baseline -0.001 -12"><span class='ocrx_word' id='word_1_162' title='bbox 448 1462 788 1514; x_wconf 89' lang='lat' dir='ltr'>palaeontologiae</span> <span class='ocrx_word' id='word_1_163' title='bbox 807 1463 1076 1503; x_wconf 91' lang='lat' dir='ltr'>studiosorum</span> <span class='ocrx_word' id='word_1_164' title='bbox 1096 1465 1148 1503; x_wconf 91' lang='lat' dir='ltr'>ad</span> <span class='ocrx_word' id='word_1_165' title='bbox 1168 1465 1351 1512; x_wconf 86' lang='lat' dir='ltr'>fructum,</span> <span class='ocrx_word' id='word_1_166' title='bbox 1373 1462 1460 1502; x_wconf 88' lang='lat' dir='ltr'>aevi</span> <span class='ocrx_word' id='word_1_167' title='bbox 1482 1461 1622 1513; x_wconf 91' lang='lat' dir='ltr'>prioris</span> <span class='ocrx_word' id='word_1_168' title='bbox 1645 1469 1905 1501; x_wconf 91' lang='lat' dir='ltr'>monumenta</span> <span class='ocrx_word' id='word_1_169' title='bbox 1927 1474 1951 1500; x_wconf 92' lang='lat' dir='ltr'>a</span> <span class='ocrx_word' id='word_1_170' title='bbox 1973 1473 2104 1500; x_wconf 90' lang='lat' dir='ltr'>rerum</span> <span class='ocrx_word' id='word_1_171' title='bbox 2129 1467 2268 1499; x_wconf 90' lang='lat' dir='ltr'>natura</span> <span class='ocrx_word' id='word_1_172' title='bbox 2290 1459 2331 1499; x_wconf 92' lang='lat' dir='ltr'>in</span> <span class='ocrx_word' id='word_1_173' title='bbox 2356 1459 2458 1499; x_wconf 85' lang='lat' dir='ltr'>saxis</span> 
     </span>
     <span class='ocr_line' id='line_1_18' title="bbox 448 1520 2458 1577; baseline -0.002 -12"><span class='ocrx_word' id='word_1_174' title='bbox 448 1526 648 1577; x_wconf 89' lang='lat' dir='ltr'>impressa,</span> <span class='ocrx_word' id='word_1_175' title='bbox 685 1538 767 1564; x_wconf 93' lang='lat' dir='ltr'>non</span> <span class='ocrx_word' id='word_1_176' title='bbox 799 1525 883 1565; x_wconf 92' lang='lat' dir='ltr'>sine</span> <span class='ocrx_word' id='word_1_177' title='bbox 917 1538 1075 1565; x_wconf 91' lang='lat' dir='ltr'>summo</span> <span class='ocrx_word' id='word_1_178' title='bbox 1108 1524 1268 1576; x_wconf 90' lang='lat' dir='ltr'>ingenio</span> <span class='ocrx_word' id='word_1_179' title='bbox 1299 1532 1338 1564; x_wconf 92' lang='lat' dir='ltr'>et</span> <span class='ocrx_word' id='word_1_180' title='bbox 1371 1524 1506 1564; x_wconf 91' lang='lat' dir='ltr'>labore</span> <span class='ocrx_word' id='word_1_181' title='bbox 1536 1523 1736 1571; x_wconf 88' lang='lat' dir='ltr'>illustrata,</span> <span class='ocrx_word' id='word_1_182' title='bbox 1770 1536 1839 1575; x_wconf 92' lang='lat' dir='ltr'>per</span> <span class='ocrx_word' id='word_1_183' title='bbox 1867 1535 1995 1562; x_wconf 88' lang='lat' dir='ltr'>annos</span> <span class='ocrx_word' id='word_1_184' title='bbox 2025 1521 2215 1574; x_wconf 91' lang='lat' dir='ltr'>plurimos</span> <span class='ocrx_word' id='word_1_185' title='bbox 2242 1520 2458 1561; x_wconf 91' lang='lat' dir='ltr'>litterarum</span> 
     </span>
     <span class='ocr_line' id='line_1_19' title="bbox 449 1583 2459 1635; baseline -0.001 -8"><span class='ocrx_word' id='word_1_186' title='bbox 449 1587 719 1627; x_wconf 87' lang='lat' dir='ltr'>monumentis</span> <span class='ocrx_word' id='word_1_187' title='bbox 758 1586 1033 1626; x_wconf 81' lang='lat' dir='ltr'>mandaverit⁸.</span> <span class='ocrx_word' id='word_1_188' title='bbox 1108 1588 1223 1626; x_wconf 93' lang='lat' dir='ltr'>Idem</span> <span class='ocrx_word' id='word_1_189' title='bbox 1263 1586 1574 1627; x_wconf 89' lang='lat' dir='ltr'>Universitatem</span> <span class='ocrx_word' id='word_1_190' title='bbox 1612 1592 1788 1625; x_wconf 90' lang='lat' dir='ltr'>nostram</span> <span class='ocrx_word' id='word_1_191' title='bbox 1830 1583 2026 1624; x_wconf 92' lang='lat' dir='ltr'>beneficio</span> <span class='ocrx_word' id='word_1_192' title='bbox 2064 1583 2248 1635; x_wconf 89' lang='lat' dir='ltr'>singulari</span> <span class='ocrx_word' id='word_1_193' title='bbox 2284 1584 2336 1623; x_wconf 92' lang='lat' dir='ltr'>ad</span> <span class='ocrx_word' id='word_1_194' title='bbox 2373 1596 2459 1624; x_wconf 90' lang='lat' dir='ltr'>sese</span> 
     </span>
     <span class='ocr_line' id='line_1_20' title="bbox 448 1644 2458 1700; baseline -0.003 -10"><span class='ocrx_word' id='word_1_195' title='bbox 448 1650 634 1698; x_wconf 88' lang='lat' dir='ltr'>devinxit,</span> <span class='ocrx_word' id='word_1_196' title='bbox 656 1651 767 1700; x_wconf 92' lang='lat' dir='ltr'>quod</span> <span class='ocrx_word' id='word_1_197' title='bbox 786 1662 868 1688; x_wconf 90' lang='lat' dir='ltr'>non</span> <span class='ocrx_word' id='word_1_198' title='bbox 890 1650 1012 1688; x_wconf 94' lang='lat' dir='ltr'>modo</span> <span class='ocrx_word' id='word_1_199' title='bbox 1032 1648 1317 1688; x_wconf 83' lang='lat' dir='ltr'>bibliothecam</span> <span class='ocrx_word' id='word_1_200' title='bbox 1337 1662 1462 1697; x_wconf 90' lang='lat' dir='ltr'>suam,</span> <span class='ocrx_word' id='word_1_201' title='bbox 1484 1650 1556 1688; x_wconf 92' lang='lat' dir='ltr'>sed</span> <span class='ocrx_word' id='word_1_202' title='bbox 1575 1648 1694 1689; x_wconf 91' lang='lat' dir='ltr'>etiam</span> <span class='ocrx_word' id='word_1_203' title='bbox 1714 1647 1817 1687; x_wconf 90' lang='lat' dir='ltr'>vitae</span> <span class='ocrx_word' id='word_1_204' title='bbox 1835 1647 2023 1698; x_wconf 91' lang='lat' dir='ltr'>antiquae</span> <span class='ocrx_word' id='word_1_205' title='bbox 2041 1645 2225 1697; x_wconf 90' lang='lat' dir='ltr'>reliquias</span> <span class='ocrx_word' id='word_1_206' title='bbox 2247 1653 2398 1685; x_wconf 90' lang='lat' dir='ltr'>veteres</span> <span class='ocrx_word' id='word_1_207' title='bbox 2417 1644 2458 1684; x_wconf 93' lang='lat' dir='ltr'>in</span> 
     </span>
     <span class='ocr_line' id='line_1_21' title="bbox 448 1708 2459 1762; baseline -0.002 -10"><span class='ocrx_word' id='word_1_208' title='bbox 448 1713 550 1752; x_wconf 88' lang='lat' dir='ltr'>saxis</span> <span class='ocrx_word' id='word_1_209' title='bbox 580 1720 830 1753; x_wconf 86' lang='lat' dir='ltr'>conservatas</span> <span class='ocrx_word' id='word_1_210' title='bbox 860 1720 900 1753; x_wconf 89' lang='lat' dir='ltr'>et</span> <span class='ocrx_word' id='word_1_211' title='bbox 928 1726 1111 1753; x_wconf 88' lang='lat' dir='ltr'>saxorum</span> <span class='ocrx_word' id='word_1_212' title='bbox 1142 1712 1243 1752; x_wconf 91' lang='lat' dir='ltr'>inter</span> <span class='ocrx_word' id='word_1_213' title='bbox 1272 1726 1313 1751; x_wconf 89' lang='lat' dir='ltr'>se</span> <span class='ocrx_word' id='word_1_214' title='bbox 1344 1712 1589 1752; x_wconf 90' lang='lat' dir='ltr'>diversorum</span> <span class='ocrx_word' id='word_1_215' title='bbox 1619 1712 1800 1762; x_wconf 86' lang='lat' dir='ltr'>exempla</span> <span class='ocrx_word' id='word_1_216' title='bbox 1824 1723 1946 1761; x_wconf 91' lang='lat' dir='ltr'>quam</span> <span class='ocrx_word' id='word_1_217' title='bbox 1976 1708 2155 1761; x_wconf 85' lang='lat' dir='ltr'>plurima,</span> <span class='ocrx_word' id='word_1_218' title='bbox 2186 1721 2311 1760; x_wconf 91' lang='lat' dir='ltr'>nuper</span> <span class='ocrx_word' id='word_1_219' title='bbox 2342 1708 2459 1748; x_wconf 89' lang='lat' dir='ltr'>nobis</span> 
     </span>
     <span class='ocr_line' id='line_1_22' title="bbox 448 1769 2461 1826; baseline -0.002 -12"><span class='ocrx_word' id='word_1_220' title='bbox 448 1775 489 1814; x_wconf 91' lang='lat' dir='ltr'>in</span> <span class='ocrx_word' id='word_1_221' title='bbox 518 1782 754 1826; x_wconf 90' lang='lat' dir='ltr'>perpetuum</span> <span class='ocrx_word' id='word_1_222' title='bbox 787 1774 961 1814; x_wconf 88' lang='lat' dir='ltr'>donavit.</span> <span class='ocrx_word' id='word_1_223' title='bbox 1021 1775 1096 1813; x_wconf 88' lang='lat' dir='ltr'>Illa</span> <span class='ocrx_word' id='word_1_224' title='bbox 1123 1786 1216 1813; x_wconf 91' lang='lat' dir='ltr'>vero</span> <span class='ocrx_word' id='word_1_225' title='bbox 1245 1774 1426 1824; x_wconf 88' lang='lat' dir='ltr'>exempla</span> <span class='ocrx_word' id='word_1_226' title='bbox 1457 1773 1603 1822; x_wconf 91' lang='lat' dir='ltr'>omnia,</span> <span class='ocrx_word' id='word_1_227' title='bbox 1634 1772 1728 1812; x_wconf 91' lang='lat' dir='ltr'>olim</span> <span class='ocrx_word' id='word_1_228' title='bbox 1759 1771 1861 1811; x_wconf 91' lang='lat' dir='ltr'>inter</span> <span class='ocrx_word' id='word_1_229' title='bbox 1892 1770 2182 1810; x_wconf 90' lang='lat' dir='ltr'>Londinienses</span> <span class='ocrx_word' id='word_1_230' title='bbox 2210 1770 2252 1809; x_wconf 91' lang='lat' dir='ltr'>in</span> <span class='ocrx_word' id='word_1_231' title='bbox 2281 1769 2461 1822; x_wconf 88' lang='lat' dir='ltr'>Collegio</span> 
     </span>
     <span class='ocr_line' id='line_1_23' title="bbox 451 1832 2462 1889; baseline -0.002 -13"><span class='ocrx_word' id='word_1_232' title='bbox 451 1837 591 1889; x_wconf 89' lang='lat' dir='ltr'>Regali</span> <span class='ocrx_word' id='word_1_233' title='bbox 614 1838 821 1888; x_wconf 88' lang='lat' dir='ltr'>professor,</span> <span class='ocrx_word' id='word_1_234' title='bbox 844 1837 1017 1876; x_wconf 91' lang='lat' dir='ltr'>docendi</span> <span class='ocrx_word' id='word_1_235' title='bbox 1043 1836 1271 1888; x_wconf 91' lang='lat' dir='ltr'>praesertim</span> <span class='ocrx_word' id='word_1_236' title='bbox 1295 1838 1336 1875; x_wconf 90' lang='lat' dir='ltr'>in</span> <span class='ocrx_word' id='word_1_237' title='bbox 1360 1837 1620 1876; x_wconf 90' lang='lat' dir='ltr'>commodum</span> <span class='ocrx_word' id='word_1_238' title='bbox 1646 1837 1867 1886; x_wconf 87' lang='lat' dir='ltr'>collegerat,</span> <span class='ocrx_word' id='word_1_239' title='bbox 1888 1848 1981 1874; x_wconf 91' lang='lat' dir='ltr'>cum</span> <span class='ocrx_word' id='word_1_240' title='bbox 2008 1834 2179 1874; x_wconf 90' lang='lat' dir='ltr'>Horatio</span> <span class='ocrx_word' id='word_1_241' title='bbox 2198 1833 2261 1887; x_wconf 94' lang='lat' dir='ltr'>(ut</span> <span class='ocrx_word' id='word_1_242' title='bbox 2289 1832 2462 1886; x_wconf 88' lang='lat' dir='ltr'>videtur)</span> 
     </span>
     <span class='ocr_line' id='line_1_24' title="bbox 449 1895 2459 1950; baseline -0.001 -11"><span class='ocrx_word' id='word_1_243' title='bbox 449 1899 658 1939; x_wconf 90' lang='lat' dir='ltr'>arbitratus</span> <span class='ocrx_word' id='word_1_244' title='bbox 681 1899 874 1938; x_wconf 85' lang='lat' dir='ltr'>‘demissa</span> <span class='ocrx_word' id='word_1_245' title='bbox 892 1912 962 1950; x_wconf 89' lang='lat' dir='ltr'>per</span> <span class='ocrx_word' id='word_1_246' title='bbox 980 1911 1116 1938; x_wconf 84' lang='lat' dir='ltr'>aurern</span> <span class='ocrx_word' id='word_1_247' title='bbox 1136 1911 1257 1949; x_wconf 90' lang='lat' dir='ltr'>quam</span> <span class='ocrx_word' id='word_1_248' title='bbox 1277 1911 1379 1949; x_wconf 91' lang='lat' dir='ltr'>quae</span> <span class='ocrx_word' id='word_1_249' title='bbox 1399 1905 1491 1937; x_wconf 90' lang='lat' dir='ltr'>sunt</span> <span class='ocrx_word' id='word_1_250' title='bbox 1515 1897 1639 1937; x_wconf 90' lang='lat' dir='ltr'>oculis</span> <span class='ocrx_word' id='word_1_251' title='bbox 1662 1897 1860 1936; x_wconf 91' lang='lat' dir='ltr'>subiecta’</span> <span class='ocrx_word' id='word_1_252' title='bbox 1879 1896 2057 1935; x_wconf 91' lang='lat' dir='ltr'>animum</span> <span class='ocrx_word' id='word_1_253' title='bbox 2081 1895 2239 1947; x_wconf 90' lang='lat' dir='ltr'>segnius</span> <span class='ocrx_word' id='word_1_254' title='bbox 2261 1895 2459 1936; x_wconf 78' lang='lat' dir='ltr'>excitare⁰.</span> 
     </span>
     <span class='ocr_line' id='line_1_25' title="bbox 453 1960 2463 2013; baseline -0.001 -11"><span class='ocrx_word' id='word_1_255' title='bbox 453 1963 582 2002; x_wconf 91' lang='lat' dir='ltr'>Etiam</span> <span class='ocrx_word' id='word_1_256' title='bbox 610 1961 697 2013; x_wconf 91' lang='lat' dir='ltr'>ipsa</span> <span class='ocrx_word' id='word_1_257' title='bbox 724 1963 829 2001; x_wconf 86' lang='lat' dir='ltr'>fama</span> <span class='ocrx_word' id='word_1_258' title='bbox 856 1961 1098 2001; x_wconf 88' lang='lat' dir='ltr'>liberalitatis</span> <span class='ocrx_word' id='word_1_259' title='bbox 1121 1968 1254 2000; x_wconf 91' lang='lat' dir='ltr'>tantae</span> <span class='ocrx_word' id='word_1_260' title='bbox 1282 1974 1407 2012; x_wconf 91' lang='lat' dir='ltr'>nuper</span> <span class='ocrx_word' id='word_1_261' title='bbox 1435 1962 1536 2000; x_wconf 89' lang='lat' dir='ltr'>inter</span> <span class='ocrx_word' id='word_1_262' title='bbox 1563 1968 1721 2000; x_wconf 91' lang='lat' dir='ltr'>nosmet</span> <span class='ocrx_word' id='word_1_263' title='bbox 1745 1961 1852 2011; x_wconf 90' lang='lat' dir='ltr'>ipsos</span> <span class='ocrx_word' id='word_1_264' title='bbox 1881 1960 1983 1999; x_wconf 91' lang='lat' dir='ltr'>inter</span> <span class='ocrx_word' id='word_1_265' title='bbox 2009 1973 2139 1999; x_wconf 91' lang='lat' dir='ltr'>rerum</span> <span class='ocrx_word' id='word_1_266' title='bbox 2164 1967 2327 1999; x_wconf 90' lang='lat' dir='ltr'>naturae</span> <span class='ocrx_word' id='word_1_267' title='bbox 2354 1972 2463 2011; x_wconf 88' lang='lat' dir='ltr'>prae-</span> 
     </span>
     <span class='ocr_line' id='line_1_26' title="bbox 451 2020 2460 2073; baseline -0.001 -10"><span class='ocrx_word' id='word_1_268' title='bbox 451 2024 584 2064; x_wconf 91' lang='lat' dir='ltr'>sertim</span> <span class='ocrx_word' id='word_1_269' title='bbox 615 2024 815 2063; x_wconf 90' lang='lat' dir='ltr'>studiosos</span> <span class='ocrx_word' id='word_1_270' title='bbox 847 2023 1025 2062; x_wconf 90' lang='lat' dir='ltr'>animum</span> <span class='ocrx_word' id='word_1_271' title='bbox 1058 2030 1213 2073; x_wconf 88' lang='lat' dir='ltr'>gratum</span> <span class='ocrx_word' id='word_1_272' title='bbox 1246 2022 1440 2062; x_wconf 85' lang='lat' dir='ltr'>excitavit.</span> <span class='ocrx_word' id='word_1_273' title='bbox 1499 2023 1662 2072; x_wconf 89' lang='lat' dir='ltr'>Quanto</span> <span class='ocrx_word' id='word_1_274' title='bbox 1696 2021 1819 2073; x_wconf 89' lang='lat' dir='ltr'>magis</span> <span class='ocrx_word' id='word_1_275' title='bbox 1852 2021 1959 2061; x_wconf 89' lang='lat' dir='ltr'>iuvat</span> <span class='ocrx_word' id='word_1_276' title='bbox 1993 2020 2302 2061; x_wconf 88' lang='lat' dir='ltr'>Universitatem</span> <span class='ocrx_word' id='word_1_277' title='bbox 2335 2027 2460 2060; x_wconf 89' lang='lat' dir='ltr'>totam</span> 
     </span>
     <span class='ocr_line' id='line_1_27' title="bbox 451 2083 2460 2136; baseline -0.001 -11"><span class='ocrx_word' id='word_1_278' title='bbox 451 2086 693 2126; x_wconf 83' lang='lat' dir='ltr'>liberalitatis</span> <span class='ocrx_word' id='word_1_279' title='bbox 739 2093 871 2125; x_wconf 90' lang='lat' dir='ltr'>tantae</span> <span class='ocrx_word' id='word_1_280' title='bbox 908 2093 1111 2124; x_wconf 90' lang='lat' dir='ltr'>auctorem</span> <span class='ocrx_word' id='word_1_281' title='bbox 1149 2085 1279 2136; x_wconf 92' lang='lat' dir='ltr'>ipsum</span> <span class='ocrx_word' id='word_1_282' title='bbox 1322 2085 1444 2125; x_wconf 88' lang='lat' dir='ltr'>hodie</span> <span class='ocrx_word' id='word_1_283' title='bbox 1481 2085 1606 2124; x_wconf 91' lang='lat' dir='ltr'>oculis</span> <span class='ocrx_word' id='word_1_284' title='bbox 1644 2084 1724 2124; x_wconf 89' lang='lat' dir='ltr'>suis</span> <span class='ocrx_word' id='word_1_285' title='bbox 1762 2084 1963 2124; x_wconf 90' lang='lat' dir='ltr'>redditum</span> <span class='ocrx_word' id='word_1_286' title='bbox 2001 2091 2040 2124; x_wconf 91' lang='lat' dir='ltr'>et</span> <span class='ocrx_word' id='word_1_287' title='bbox 2076 2083 2262 2135; x_wconf 91' lang='lat' dir='ltr'>auspiciis</span> <span class='ocrx_word' id='word_1_288' title='bbox 2299 2083 2460 2135; x_wconf 90' lang='lat' dir='ltr'>optimis</span> 
     </span>
     <span class='ocr_line' id='line_1_28' title="bbox 452 2145 2460 2199; baseline -0.001 -12"><span class='ocrx_word' id='word_1_289' title='bbox 452 2155 700 2199; x_wconf 88' lang='lat' dir='ltr'>praesentem</span> <span class='ocrx_word' id='word_1_290' title='bbox 733 2147 1002 2198; x_wconf 90' lang='lat' dir='ltr'>contemplari.</span> <span class='ocrx_word' id='word_1_291' title='bbox 1064 2146 1145 2196; x_wconf 87' lang='lat' dir='ltr'>Qui</span> <span class='ocrx_word' id='word_1_292' title='bbox 1178 2146 1317 2198; x_wconf 90' lang='lat' dir='ltr'>prioris</span> <span class='ocrx_word' id='word_1_293' title='bbox 1349 2146 1435 2186; x_wconf 92' lang='lat' dir='ltr'>aevi</span> <span class='ocrx_word' id='word_1_294' title='bbox 1469 2155 1528 2186; x_wconf 88' lang='lat' dir='ltr'>tot</span> <span class='ocrx_word' id='word_1_295' title='bbox 1560 2148 1740 2198; x_wconf 87' lang='lat' dir='ltr'>exempla</span> <span class='ocrx_word' id='word_1_296' title='bbox 1770 2146 1886 2185; x_wconf 92' lang='lat' dir='ltr'>nobis</span> <span class='ocrx_word' id='word_1_297' title='bbox 1919 2145 2093 2194; x_wconf 89' lang='lat' dir='ltr'>donavit,</span> <span class='ocrx_word' id='word_1_298' title='bbox 2129 2147 2213 2198; x_wconf 92' lang='lat' dir='ltr'>ipse</span> <span class='ocrx_word' id='word_1_299' title='bbox 2246 2153 2382 2185; x_wconf 92' lang='lat' dir='ltr'>nostro</span> <span class='ocrx_word' id='word_1_300' title='bbox 2418 2145 2460 2184; x_wconf 93' lang='lat' dir='ltr'>in</span> 
     </span>
     <span class='ocr_line' id='line_1_29' title="bbox 453 2209 2458 2261; baseline -0 -11"><span class='ocrx_word' id='word_1_301' title='bbox 453 2212 612 2250; x_wconf 87' lang='lat' dir='ltr'>saeculo</span> <span class='ocrx_word' id='word_1_302' title='bbox 641 2209 935 2249; x_wconf 89' lang='lat' dir='ltr'>munificentiae</span> <span class='ocrx_word' id='word_1_303' title='bbox 963 2210 1004 2248; x_wconf 90' lang='lat' dir='ltr'>in</span> <span class='ocrx_word' id='word_1_304' title='bbox 1034 2209 1343 2249; x_wconf 89' lang='lat' dir='ltr'>Universitatem</span> <span class='ocrx_word' id='word_1_305' title='bbox 1367 2217 1543 2249; x_wconf 91' lang='lat' dir='ltr'>nostram</span> <span class='ocrx_word' id='word_1_306' title='bbox 1570 2210 1623 2249; x_wconf 92' lang='lat' dir='ltr'>ab</span> <span class='ocrx_word' id='word_1_307' title='bbox 1648 2209 1733 2249; x_wconf 89' lang='lat' dir='ltr'>aliis</span> <span class='ocrx_word' id='word_1_308' title='bbox 1757 2209 1994 2249; x_wconf 92' lang='lat' dir='ltr'>imitandum</span> <span class='ocrx_word' id='word_1_309' title='bbox 2018 2209 2198 2261; x_wconf 85' lang='lat' dir='ltr'>praebuit</span> <span class='ocrx_word' id='word_1_310' title='bbox 2221 2210 2458 2260; x_wconf 86' lang='lat' dir='ltr'>exemplum.</span> 
     </span>
    </p>

    <p class='ocr_par' dir='ltr' id='par_1_5' title="bbox 453 2271 2461 2386">
     <span class='ocr_line' id='line_1_30' title="bbox 563 2271 2461 2323; baseline -0.001 -11"><span class='ocrx_word' id='word_1_311' title='bbox 563 2275 776 2312; x_wconf 91' lang='lat' dir='ltr'>Praesento</span> <span class='ocrx_word' id='word_1_312' title='bbox 809 2272 922 2311; x_wconf 91' lang='lat' dir='ltr'>vobis</span> <span class='ocrx_word' id='word_1_313' title='bbox 954 2272 1157 2323; x_wconf 86' lang='lat' dir='ltr'>geologiae</span> <span class='ocrx_word' id='word_1_314' title='bbox 1190 2273 1452 2323; x_wconf 89' lang='lat' dir='ltr'>professorem</span> <span class='ocrx_word' id='word_1_315' title='bbox 1485 2272 1704 2321; x_wconf 90' lang='lat' dir='ltr'>emeritum,</span> <span class='ocrx_word' id='word_1_316' title='bbox 1735 2272 1862 2312; x_wconf 91' lang='lat' dir='ltr'>virum</span> <span class='ocrx_word' id='word_1_317' title='bbox 1892 2274 1945 2313; x_wconf 86' lang='lat' dir='ltr'>de</span> <span class='ocrx_word' id='word_1_318' title='bbox 1972 2286 2101 2313; x_wconf 89' lang='lat' dir='ltr'>rerum</span> <span class='ocrx_word' id='word_1_319' title='bbox 2130 2280 2292 2313; x_wconf 89' lang='lat' dir='ltr'>naturae</span> <span class='ocrx_word' id='word_1_320' title='bbox 2320 2271 2461 2312; x_wconf 89' lang='lat' dir='ltr'>studiis</span> 
     </span>
     <span class='ocr_line' id='line_1_31' title="bbox 453 2334 1390 2386; baseline -0.001 -12"><span class='ocrx_word' id='word_1_321' title='bbox 453 2336 651 2386; x_wconf 86' lang='lat' dir='ltr'>praeclare</span> <span class='ocrx_word' id='word_1_322' title='bbox 680 2334 875 2384; x_wconf 90' lang='lat' dir='ltr'>meritum,</span> <span class='ocrx_word' id='word_1_323' title='bbox 907 2336 1103 2373; x_wconf 86' lang='lat' dir='ltr'>THOMAM</span> <span class='ocrx_word' id='word_1_324' title='bbox 1134 2336 1390 2373; x_wconf 79' lang='lat' dir='ltr'>WILTSHIRE.</span> 
     </span>
    </p>
   </div>
   <div class='ocr_carea' id='block_1_4' title="bbox 1270 2563 1658 2626">
    <p class='ocr_par' dir='ltr' id='par_1_6' title="bbox 1270 2563 1658 2626">
     <span class='ocr_line' id='line_1_32' title="bbox 1270 2563 1658 2626; baseline 0.005 -17"><span class='ocrx_word' id='word_1_325' title='bbox 1270 2579 1319 2609; x_wconf 91' lang='lat'>11</span> <span class='ocrx_word' id='word_1_326' title='bbox 1362 2563 1493 2626; x_wconf 87' lang='lat' dir='ltr'>May</span> <span class='ocrx_word' id='word_1_327' title='bbox 1535 2565 1658 2623; x_wconf 88' lang='lat'>1899</span> 
     </span>
    </p>
   </div>
   <div class='ocr_carea' id='block_1_5' title="bbox 456 2677 2463 2918">
    <p class='ocr_par' dir='ltr' id='par_1_7' title="bbox 456 2677 2463 2918">
     <span class='ocr_line' id='line_1_33' title="bbox 565 2677 2459 2731; baseline 0.001 -14"><span class='ocrx_word' id='word_1_328' title='bbox 565 2677 680 2731; x_wconf 84' lang='lat'><strong>(313)</strong></span> <span class='ocrx_word' id='word_1_329' title='bbox 708 2680 942 2718; x_wconf 82' lang='lat' dir='ltr'>RUSSORUM</span> <span class='ocrx_word' id='word_1_330' title='bbox 969 2679 1021 2718; x_wconf 90' lang='lat' dir='ltr'>ab</span> <span class='ocrx_word' id='word_1_331' title='bbox 1044 2678 1210 2730; x_wconf 91' lang='lat' dir='ltr'>imperio</span> <span class='ocrx_word' id='word_1_332' title='bbox 1234 2679 1407 2719; x_wconf 87' lang='lat' dir='ltr'>maximo</span> <span class='ocrx_word' id='word_1_333' title='bbox 1432 2681 1582 2731; x_wconf 90' lang='lat' dir='ltr'>legatus</span> <span class='ocrx_word' id='word_1_334' title='bbox 1605 2681 1657 2719; x_wconf 94' lang='lat' dir='ltr'>ad</span> <span class='ocrx_word' id='word_1_335' title='bbox 1681 2693 1755 2719; x_wconf 92' lang='lat' dir='ltr'>nos</span> <span class='ocrx_word' id='word_1_336' title='bbox 1774 2679 1906 2720; x_wconf 93' lang='lat' dir='ltr'>subito</span> <span class='ocrx_word' id='word_1_337' title='bbox 1925 2681 2114 2720; x_wconf 90' lang='lat' dir='ltr'>advectus</span> <span class='ocrx_word' id='word_1_338' title='bbox 2137 2687 2196 2719; x_wconf 93' lang='lat' dir='ltr'>est</span> <span class='ocrx_word' id='word_1_339' title='bbox 2215 2679 2271 2719; x_wconf 92' lang='lat' dir='ltr'>vir</span> <span class='ocrx_word' id='word_1_340' title='bbox 2289 2678 2459 2728; x_wconf 86' lang='lat' dir='ltr'>illustris,</span> 
     </span>
     <span class='ocr_line' id='line_1_34' title="bbox 456 2739 2462 2792; baseline 0.001 -14"><span class='ocrx_word' id='word_1_341' title='bbox 456 2739 524 2790; x_wconf 91' lang='lat' dir='ltr'>qui</span> <span class='ocrx_word' id='word_1_342' title='bbox 543 2739 805 2791; x_wconf 87' lang='lat' dir='ltr'>investigandi</span> <span class='ocrx_word' id='word_1_343' title='bbox 820 2740 991 2780; x_wconf 91' lang='lat' dir='ltr'>rationes</span> <span class='ocrx_word' id='word_1_344' title='bbox 1006 2754 1129 2779; x_wconf 91' lang='lat' dir='ltr'>novas</span> <span class='ocrx_word' id='word_1_345' title='bbox 1144 2740 1246 2780; x_wconf 90' lang='lat' dir='ltr'>inter</span> <span class='ocrx_word' id='word_1_346' title='bbox 1260 2740 1408 2792; x_wconf 88' lang='lat' dir='ltr'>primos</span> <span class='ocrx_word' id='word_1_347' title='bbox 1424 2748 1592 2789; x_wconf 90' lang='lat' dir='ltr'>secutus,</span> <span class='ocrx_word' id='word_1_348' title='bbox 1609 2741 1871 2780; x_wconf 89' lang='lat' dir='ltr'>animantium</span> <span class='ocrx_word' id='word_1_349' title='bbox 1887 2742 2032 2781; x_wconf 89' lang='lat' dir='ltr'>formas</span> <span class='ocrx_word' id='word_1_350' title='bbox 2047 2742 2240 2792; x_wconf 89' lang='lat' dir='ltr'>quasdam</span> <span class='ocrx_word' id='word_1_351' title='bbox 2259 2740 2462 2781; x_wconf 89' lang='lat' dir='ltr'>inferiores</span> 
     </span>
     <span class='ocr_line' id='line_1_35' title="bbox 456 2800 2462 2854; baseline 0.001 -14"><span class='ocrx_word' id='word_1_352' title='bbox 456 2814 504 2840; x_wconf 86' lang='lat' dir='ltr'>ex</span> <span class='ocrx_word' id='word_1_353' title='bbox 536 2800 613 2839; x_wconf 90' lang='lat' dir='ltr'>alia</span> <span class='ocrx_word' id='word_1_354' title='bbox 643 2801 683 2840; x_wconf 93' lang='lat' dir='ltr'>in</span> <span class='ocrx_word' id='word_1_355' title='bbox 715 2802 833 2841; x_wconf 89' lang='lat' dir='ltr'>aliam</span> <span class='ocrx_word' id='word_1_356' title='bbox 866 2802 1056 2853; x_wconf 90' lang='lat' dir='ltr'>paulatim</span> <span class='ocrx_word' id='word_1_357' title='bbox 1091 2810 1261 2841; x_wconf 89' lang='lat' dir='ltr'>mutatas</span> <span class='ocrx_word' id='word_1_358' title='bbox 1293 2802 1513 2842; x_wconf 91' lang='lat' dir='ltr'>identidem</span> <span class='ocrx_word' id='word_1_359' title='bbox 1546 2803 1769 2854; x_wconf 75' lang='lat' dir='ltr'>indagavit3</span> <span class='ocrx_word' id='word_1_360' title='bbox 1806 2802 1875 2854; x_wconf 91' lang='lat' dir='ltr'>qui</span> <span class='ocrx_word' id='word_1_361' title='bbox 1908 2802 1948 2842; x_wconf 93' lang='lat' dir='ltr'>in</span> <span class='ocrx_word' id='word_1_362' title='bbox 1981 2802 2157 2843; x_wconf 90' lang='lat' dir='ltr'>confinio</span> <span class='ocrx_word' id='word_1_363' title='bbox 2186 2802 2288 2842; x_wconf 92' lang='lat' dir='ltr'>inter</span> <span class='ocrx_word' id='word_1_364' title='bbox 2318 2816 2462 2854; x_wconf 90' lang='lat' dir='ltr'>genera</span> 
     </span>
     <span class='ocr_line' id='line_1_36' title="bbox 456 2862 2463 2918; baseline 0.001 -16"><span class='ocrx_word' id='word_1_365' title='bbox 456 2862 643 2902; x_wconf 91' lang='lat' dir='ltr'>vertebris</span> <span class='ocrx_word' id='word_1_366' title='bbox 663 2865 852 2903; x_wconf 88' lang='lat' dir='ltr'>instructa</span> <span class='ocrx_word' id='word_1_367' title='bbox 871 2871 910 2903; x_wconf 93' lang='lat' dir='ltr'>et</span> <span class='ocrx_word' id='word_1_368' title='bbox 931 2864 1117 2904; x_wconf 90' lang='lat' dir='ltr'>vertebris</span> <span class='ocrx_word' id='word_1_369' title='bbox 1137 2865 1310 2904; x_wconf 90' lang='lat' dir='ltr'>carentia</span> <span class='ocrx_word' id='word_1_370' title='bbox 1329 2864 1407 2904; x_wconf 92' lang='lat' dir='ltr'>iam</span> <span class='ocrx_word' id='word_1_371' title='bbox 1428 2865 1581 2916; x_wconf 88' lang='lat' dir='ltr'>pridem</span> <span class='ocrx_word' id='word_1_372' title='bbox 1602 2873 1787 2914; x_wconf 88' lang='lat' dir='ltr'>moratus,</span> <span class='ocrx_word' id='word_1_373' title='bbox 1808 2866 2024 2917; x_wconf 88' lang='lat' dir='ltr'>Amphioxi</span> <span class='ocrx_word' id='word_1_374' title='bbox 2043 2866 2216 2918; x_wconf 88' lang='lat' dir='ltr'>speciem</span> <span class='ocrx_word' id='word_1_375' title='bbox 2235 2864 2463 2917; x_wconf 89' lang='lat' dir='ltr'>ambiguam</span> 
     </span>
    </p>
   </div>
   <div class='ocr_carea' id='block_1_6' title="bbox 458 2964 2465 3139">
    <p class='ocr_par' dir='ltr' id='par_1_8' title="bbox 458 2964 2465 3139">
     <span class='ocr_line' id='line_1_37' title="bbox 544 2964 2462 3010; baseline 0.001 -13"><span class='ocrx_word' id='word_1_376' title='bbox 544 2964 556 2984; x_wconf 86' lang='lat'>¹</span> <span class='ocrx_word' id='word_1_377' title='bbox 582 2966 667 3007; x_wconf 81' lang='lat' dir='ltr'>Epp.</span> <span class='ocrx_word' id='word_1_378' title='bbox 684 2966 729 2998; x_wconf 94' lang='lat' dir='ltr'>vii</span> <span class='ocrx_word' id='word_1_379' title='bbox 749 2974 798 3006; x_wconf 86' lang='lat'>17,</span> <span class='ocrx_word' id='word_1_380' title='bbox 820 2976 849 3007; x_wconf 81' lang='lat'>3.</span> <span class='ocrx_word' id='word_1_381' title='bbox 1067 2965 1079 2985; x_wconf 79' lang='lat'>²</span> <span class='ocrx_word' id='word_1_382' title='bbox 1103 2966 1214 2998; x_wconf 88' lang='lat' dir='ltr'>Christ</span> <span class='ocrx_word' id='word_1_383' title='bbox 1231 2966 1376 3005; x_wconf 90' lang='lat' dir='ltr'>Church‚</span> <span class='ocrx_word' id='word_1_384' title='bbox 1398 2967 1455 2998; x_wconf 89' lang='lat' dir='ltr'>All</span> <span class='ocrx_word' id='word_1_385' title='bbox 1472 2966 1591 3004; x_wconf 89' lang='lat' dir='ltr'>Souls’,</span> <span class='ocrx_word' id='word_1_386' title='bbox 1610 2968 1755 2999; x_wconf 88' lang='lat' dir='ltr'>Merton.</span> <span class='ocrx_word' id='word_1_387' title='bbox 1962 2966 1976 2988; x_wconf 84' lang='lat'>³</span> <span class='ocrx_word' id='word_1_388' title='bbox 1997 2967 2137 3009; x_wconf 76' lang='lat' dir='ltr'>History</span> <span class='ocrx_word' id='word_1_389' title='bbox 2151 2967 2462 3010; x_wconf 69' lang='lat' dir='ltr'>qunglandfrom</span> 
     </span>
     <span class='ocr_line' id='line_1_38' title="bbox 464 3007 2465 3053; baseline 0.001 -13"><span class='ocrx_word' id='word_1_390' title='bbox 464 3007 543 3050; x_wconf 83' lang='lat'>1603</span> <span class='ocrx_word' id='word_1_391' title='bbox 559 3013 591 3040; x_wconf 89' lang='lat' dir='ltr'>to</span> <span class='ocrx_word' id='word_1_392' title='bbox 610 3010 702 3049; x_wconf 86' lang='lat'>1642.</span> <span class='ocrx_word' id='word_1_393' title='bbox 850 3009 864 3029; x_wconf 83' lang='lat'><strong>⁴</strong></span> <span class='ocrx_word' id='word_1_394' title='bbox 887 3010 928 3041; x_wconf 91' lang='lat' dir='ltr'>In</span> <span class='ocrx_word' id='word_1_395' title='bbox 943 3010 1000 3041; x_wconf 88' lang='lat' dir='ltr'>the</span> <span class='ocrx_word' id='word_1_396' title='bbox 1015 3009 1112 3041; x_wconf 89' lang='lat' dir='ltr'>small</span> <span class='ocrx_word' id='word_1_397' title='bbox 1129 3010 1261 3041; x_wconf 90' lang='lat' dir='ltr'>volume</span> <span class='ocrx_word' id='word_1_398' title='bbox 1277 3020 1321 3041; x_wconf 91' lang='lat' dir='ltr'>on</span> <span class='ocrx_word' id='word_1_399' title='bbox 1343 3011 1409 3041; x_wconf 87' lang='lat' dir='ltr'>The</span> <span class='ocrx_word' id='word_1_400' title='bbox 1428 3011 1549 3053; x_wconf 79' lang='lat' dir='ltr'>Thirty</span> <span class='ocrx_word' id='word_1_401' title='bbox 1573 3010 1681 3043; x_wconf 81' lang='lat' dir='ltr'>Years’</span> <span class='ocrx_word' id='word_1_402' title='bbox 1701 3011 1792 3042; x_wconf 86' lang='lat' dir='ltr'>War.</span> <span class='ocrx_word' id='word_1_403' title='bbox 1947 3010 1962 3030; x_wconf 79' lang='lat'><strong>⁶</strong></span> <span class='ocrx_word' id='word_1_404' title='bbox 1983 3011 2123 3052; x_wconf 81' lang='lat' dir='ltr'>History</span> <span class='ocrx_word' id='word_1_405' title='bbox 2136 3011 2238 3052; x_wconf 75' lang='lat' dir='ltr'>qfthe</span> <span class='ocrx_word' id='word_1_406' title='bbox 2253 3011 2353 3043; x_wconf 84' lang='lat' dir='ltr'>Great</span> <span class='ocrx_word' id='word_1_407' title='bbox 2371 3011 2465 3043; x_wconf 79' lang='lat' dir='ltr'>Cim&#39;l</span> 
     </span>
     <span class='ocr_line' id='line_1_39' title="bbox 466 3051 2461 3096; baseline 0.002 -14"><span class='ocrx_word' id='word_1_408' title='bbox 466 3052 557 3088; x_wconf 90' lang='lat' dir='ltr'>War,</span> <span class='ocrx_word' id='word_1_409' title='bbox 579 3052 736 3095; x_wconf 85' lang='lat'>1642-49.</span> <span class='ocrx_word' id='word_1_410' title='bbox 911 3051 925 3072; x_wconf 81' lang='lat'><strong>⁶</strong></span> <span class='ocrx_word' id='word_1_411' title='bbox 954 3054 988 3084; x_wconf 93' lang='lat' dir='ltr'>T</span> <span class='ocrx_word' id='word_1_412' title='bbox 981 3053 1020 3084; x_wconf 79' lang='lat' dir='ltr'>he</span> <span class='ocrx_word' id='word_1_413' title='bbox 1039 3053 1314 3084; x_wconf 85' lang='lat' dir='ltr'>Commonwealth</span> <span class='ocrx_word' id='word_1_414' title='bbox 1330 3054 1403 3085; x_wconf 86' lang='lat' dir='ltr'>and</span> <span class='ocrx_word' id='word_1_415' title='bbox 1414 3055 1635 3093; x_wconf 81' lang='lat' dir='ltr'>Protectorate,</span> <span class='ocrx_word' id='word_1_416' title='bbox 1659 3053 1807 3096; x_wconf 83' lang='lat'><strong>1649-56</strong></span> <span class='ocrx_word' id='word_1_417' title='bbox 1817 3066 1826 3093; x_wconf 91' lang='lat'>;</span> <span class='ocrx_word' id='word_1_418' title='bbox 1850 3054 1916 3085; x_wconf 91' lang='lat' dir='ltr'>and</span> <span class='ocrx_word' id='word_1_419' title='bbox 1934 3055 2133 3086; x_wconf 80' lang='lat' dir='ltr'>Cromwell‘s</span> <span class='ocrx_word' id='word_1_420' title='bbox 2148 3055 2245 3086; x_wconf 84' lang='lat' dir='ltr'><em>Place</em></span> <span class='ocrx_word' id='word_1_421' title='bbox 2260 3055 2298 3086; x_wconf 83' lang='lat' dir='ltr'>in</span> <span class='ocrx_word' id='word_1_422' title='bbox 2314 3055 2461 3095; x_wconf 71' lang='lat' dir='ltr'>History.</span> 
     </span>
     <span class='ocr_line' id='line_1_40' title="bbox 458 3093 2461 3139; baseline 0.001 -13"><span class='ocrx_word' id='word_1_423' title='bbox 458 3093 471 3115; x_wconf 89' lang='lat'><strong>⁷</strong></span> <span class='ocrx_word' id='word_1_424' title='bbox 496 3095 542 3126; x_wconf 93' lang='lat' dir='ltr'>At</span> <span class='ocrx_word' id='word_1_425' title='bbox 558 3096 717 3136; x_wconf 84' lang='lat' dir='ltr'>Toynbee</span> <span class='ocrx_word' id='word_1_426' title='bbox 736 3096 828 3135; x_wconf 83' lang='lat' dir='ltr'>Hall,</span> <span class='ocrx_word' id='word_1_427' title='bbox 849 3096 915 3127; x_wconf 89' lang='lat' dir='ltr'>and</span> <span class='ocrx_word' id='word_1_428' title='bbox 931 3101 964 3128; x_wconf 91' lang='lat' dir='ltr'>at</span> <span class='ocrx_word' id='word_1_429' title='bbox 980 3096 1037 3128; x_wconf 90' lang='lat' dir='ltr'>the</span> <span class='ocrx_word' id='word_1_430' title='bbox 1053 3096 1161 3138; x_wconf 88' lang='lat' dir='ltr'>Royal</span> <span class='ocrx_word' id='word_1_431' title='bbox 1178 3096 1382 3128; x_wconf 88' lang='lat' dir='ltr'>Institution.</span> <span class='ocrx_word' id='word_1_432' title='bbox 1642 3095 1656 3116; x_wconf 82' lang='lat'>⁸</span> <span class='ocrx_word' id='word_1_433' title='bbox 1680 3098 1839 3129; x_wconf 82' lang='lat' dir='ltr'>Memoirs</span> <span class='ocrx_word' id='word_1_434' title='bbox 1853 3097 1894 3139; x_wconf 85' lang='lat' dir='ltr'>of</span> <span class='ocrx_word' id='word_1_435' title='bbox 1907 3098 1960 3129; x_wconf 82' lang='lat' dir='ltr'>the</span> <span class='ocrx_word' id='word_1_436' title='bbox 1973 3098 2321 3139; x_wconf 74' lang='lat' dir='ltr'>palaeontog-rapln&#39;cal</span> <span class='ocrx_word' id='word_1_437' title='bbox 2331 3098 2461 3138; x_wconf 80' lang='lat' dir='ltr'>Society.</span> 
     </span>
    </p>
   </div>
   <div class='ocr_carea' id='block_1_7' title="bbox 458 3136 811 3176">
    <p class='ocr_par' dir='ltr' id='par_1_9' title="bbox 458 3136 811 3176">
     <span class='ocr_line' id='line_1_41' title="bbox 458 3136 811 3176; baseline 0 -7"><span class='ocrx_word' id='word_1_438' title='bbox 458 3136 472 3157; x_wconf 86' lang='lat'><strong>⁹</strong></span> <span class='ocrx_word' id='word_1_439' title='bbox 495 3140 566 3169; x_wconf 86' lang='lat' dir='ltr'>Ars</span> <span class='ocrx_word' id='word_1_440' title='bbox 580 3139 719 3176; x_wconf 67' lang='lat' dir='ltr'>Pok&#39;tica,</span> <span class='ocrx_word' id='word_1_441' title='bbox 740 3140 811 3171; x_wconf 91' lang='lat'>180.</span> 
     </span>
    </p>
   </div>
   <div class='ocr_carea' id='block_1_8' title="bbox 1430 3215 1503 3261">
    <p class='ocr_par' dir='ltr' id='par_1_10' title="bbox 1430 3215 1503 3261">
     <span class='ocr_line' id='line_1_42' title="bbox 1430 3215 1503 3261; baseline 0.014 -11"><span class='ocrx_word' id='word_1_442' title='bbox 1430 3215 1503 3261; x_wconf 93' lang='lat'>148</span> 
     </span>
    </p>
   </div>
  </div>
 </body>
</html>
