<?xml version="1.0" encoding="UTF-8"?>
<!DOCTYPE html PUBLIC "-//W3C//DTD XHTML 1.0 Transitional//EN"
    "http://www.w3.org/TR/xhtml1/DTD/xhtml1-transitional.dtd">
<html xmlns="http://www.w3.org/1999/xhtml" xml:lang="en" lang="en">
 <head>
  <title>
</title>
<meta http-equiv="Content-Type" content="text/html;charset=utf-8" />
  <meta name='ocr-system' content='tesseract 3.04.00' />
  <meta name='ocr-capabilities' content='ocr_page ocr_carea ocr_par ocr_line ocrx_word'/>
</head>
<body>
  <div class='ocr_page' id='page_1' title='image "./orationesetepist00sanduoft_0107.png"; bbox 0 0 2704 3770; ppageno 0'>
   <div class='ocr_carea' id='block_1_1' title="bbox 640 325 1814 393">
    <p class='ocr_par' dir='ltr' id='par_1_1' title="bbox 640 325 1814 393">
     <span class='ocr_line' id='line_1_1' title="bbox 640 325 1814 393; baseline 0.001 -19"><span class='ocrx_word' id='word_1_1' title='bbox 640 326 783 393; x_wconf 80' lang='lat' dir='ltr'><em>solzn</em></span> <span class='ocrx_word' id='word_1_2' title='bbox 818 325 994 388; x_wconf 83' lang='lat' dir='ltr'>Lloyd.</span> <span class='ocrx_word' id='word_1_3' title='bbox 1082 325 1153 373; x_wconf 88' lang='lat' dir='ltr'><em>W</em></span> <span class='ocrx_word' id='word_1_4' title='bbox 1147 325 1314 373; x_wconf 69' lang='lat' dir='ltr'>illium</span> <span class='ocrx_word' id='word_1_5' title='bbox 1355 325 1400 374; x_wconf 85' lang='lat' dir='ltr'><em>C</em></span> <span class='ocrx_word' id='word_1_6' title='bbox 1398 326 1602 374; x_wconf 78' lang='lat' dir='ltr'>roswell</span> <span class='ocrx_word' id='word_1_7' title='bbox 1629 326 1814 375; x_wconf 78' lang='lat' dir='ltr'>Boane.</span> 
     </span>
    </p>
   </div>
   <div class='ocr_carea' id='block_1_2' title="bbox 1978 431 2245 437">
    <p class='ocr_par' dir='ltr' id='par_1_2' title="bbox 1978 431 2245 437">
     <span class='ocr_line' id='line_1_2' title="bbox 1978 431 2245 437; baseline 0 0"><span class='ocrx_word' id='word_1_8' title='bbox 1978 431 2245 437; x_wconf 95' lang='lat' dir='ltr'> </span> 
     </span>
    </p>
   </div>
   <div class='ocr_carea' id='block_1_3' title="bbox 223 472 2264 1395">
    <p class='ocr_par' dir='ltr' id='par_1_3' title="bbox 223 472 2264 1395">
     <span class='ocr_line' id='line_1_3' title="bbox 223 472 2252 523; baseline -0.001 -8"><span class='ocrx_word' id='word_1_9' title='bbox 223 486 387 516; x_wconf 86' lang='lat' dir='ltr'>suorum</span> <span class='ocrx_word' id='word_1_10' title='bbox 420 485 514 513; x_wconf 91' lang='lat' dir='ltr'>cum</span> <span class='ocrx_word' id='word_1_11' title='bbox 546 473 687 521; x_wconf 88' lang='lat' dir='ltr'>fructu,</span> <span class='ocrx_word' id='word_1_12' title='bbox 724 478 874 523; x_wconf 89' lang='lat' dir='ltr'>quanta</span> <span class='ocrx_word' id='word_1_13' title='bbox 903 472 1145 523; x_wconf 90' lang='lat' dir='ltr'>collegarum</span> <span class='ocrx_word' id='word_1_14' title='bbox 1179 483 1342 510; x_wconf 93' lang='lat' dir='ltr'>suorum</span> <span class='ocrx_word' id='word_1_15' title='bbox 1376 483 1470 510; x_wconf 90' lang='lat' dir='ltr'>cum</span> <span class='ocrx_word' id='word_1_16' title='bbox 1510 472 1714 522; x_wconf 88' lang='lat' dir='ltr'>voluptate</span> <span class='ocrx_word' id='word_1_17' title='bbox 1746 472 1907 511; x_wconf 88' lang='lat' dir='ltr'>functus</span> <span class='ocrx_word' id='word_1_18' title='bbox 1944 479 2004 512; x_wconf 89' lang='lat' dir='ltr'>est</span> <span class='ocrx_word' id='word_1_19' title='bbox 2017 488 2028 522; x_wconf 92' lang='lat'>;</span> <span class='ocrx_word' id='word_1_20' title='bbox 2066 472 2252 513; x_wconf 86' lang='lat' dir='ltr'>historiae</span> 
     </span>
     <span class='ocr_line' id='line_1_4' title="bbox 223 528 2253 588; baseline -0.001 -10"><span class='ocrx_word' id='word_1_21' title='bbox 223 535 518 578; x_wconf 86' lang='lat' dir='ltr'>ecclesiasticae</span> <span class='ocrx_word' id='word_1_22' title='bbox 545 528 792 588; x_wconf 88' lang='lat' dir='ltr'>provinciam</span> <span class='ocrx_word' id='word_1_23' title='bbox 819 534 895 575; x_wconf 90' lang='lat' dir='ltr'>sibi</span> <span class='ocrx_word' id='word_1_24' title='bbox 920 534 1125 583; x_wconf 89' lang='lat' dir='ltr'><strong>creditam,</strong></span> <span class='ocrx_word' id='word_1_25' title='bbox 1151 541 1302 586; x_wconf 88' lang='lat' dir='ltr'>quanta</span> <span class='ocrx_word' id='word_1_26' title='bbox 1330 547 1423 574; x_wconf 90' lang='lat' dir='ltr'>curn</span> <span class='ocrx_word' id='word_1_27' title='bbox 1452 535 1544 583; x_wconf 87' lang='lat' dir='ltr'>fide,</span> <span class='ocrx_word' id='word_1_28' title='bbox 1566 540 1716 584; x_wconf 90' lang='lat' dir='ltr'>quanta</span> <span class='ocrx_word' id='word_1_29' title='bbox 1744 547 1837 573; x_wconf 91' lang='lat' dir='ltr'>cum</span> <span class='ocrx_word' id='word_1_30' title='bbox 1867 534 2059 586; x_wconf 85' lang='lat' dir='ltr'>dignitate</span> <span class='ocrx_word' id='word_1_31' title='bbox 2087 535 2253 575; x_wconf 91' lang='lat' dir='ltr'>admini-</span> 
     </span>
     <span class='ocr_line' id='line_1_5' title="bbox 223 596 2252 651; baseline -0.001 -11"><span class='ocrx_word' id='word_1_32' title='bbox 223 598 371 640; x_wconf 87' lang='lat' dir='ltr'>stravit.</span> <span class='ocrx_word' id='word_1_33' title='bbox 431 600 628 640; x_wconf 90' lang='lat' dir='ltr'>Dolemus</span> <span class='ocrx_word' id='word_1_34' title='bbox 658 612 754 639; x_wconf 88' lang='lat' dir='ltr'>sane</span> <span class='ocrx_word' id='word_1_35' title='bbox 782 612 885 651; x_wconf 90' lang='lat' dir='ltr'>opus</span> <span class='ocrx_word' id='word_1_36' title='bbox 914 598 1013 638; x_wconf 91' lang='lat' dir='ltr'>illud</span> <span class='ocrx_word' id='word_1_37' title='bbox 1041 598 1192 650; x_wconf 87' lang='lat' dir='ltr'>ingens,</span> <span class='ocrx_word' id='word_1_38' title='bbox 1215 598 1327 649; x_wconf 92' lang='lat' dir='ltr'>quod</span> <span class='ocrx_word' id='word_1_39' title='bbox 1353 598 1463 637; x_wconf 90' lang='lat' dir='ltr'>haud</span> <span class='ocrx_word' id='word_1_40' title='bbox 1485 597 1540 637; x_wconf 90' lang='lat' dir='ltr'>ita</span> <span class='ocrx_word' id='word_1_41' title='bbox 1562 596 1718 648; x_wconf 89' lang='lat' dir='ltr'>pridem</span> <span class='ocrx_word' id='word_1_42' title='bbox 1744 605 1804 637; x_wconf 92' lang='lat' dir='ltr'>est</span> <span class='ocrx_word' id='word_1_43' title='bbox 1832 611 2048 650; x_wconf 84' lang='lat' dir='ltr'>aggressus,</span> <span class='ocrx_word' id='word_1_44' title='bbox 2071 600 2252 638; x_wconf 92' lang='lat' dir='ltr'>nondum</span> 
     </span>
     <span class='ocr_line' id='line_1_6' title="bbox 225 660 2255 716; baseline -0.001 -12"><span class='ocrx_word' id='word_1_45' title='bbox 225 676 388 716; x_wconf 90' lang='lat' dir='ltr'>prorsus</span> <span class='ocrx_word' id='word_1_46' title='bbox 406 664 460 704; x_wconf 88' lang='lat' dir='ltr'>ad</span> <span class='ocrx_word' id='word_1_47' title='bbox 478 663 715 704; x_wconf 85' lang='lat' dir='ltr'>umbilicum</span> <span class='ocrx_word' id='word_1_48' title='bbox 736 675 823 703; x_wconf 91' lang='lat' dir='ltr'>esse</span> <span class='ocrx_word' id='word_1_49' title='bbox 841 663 1081 714; x_wconf 91' lang='lat' dir='ltr'>perductum</span> <span class='ocrx_word' id='word_1_50' title='bbox 1095 676 1106 711; x_wconf 83' lang='lat'>3</span> <span class='ocrx_word' id='word_1_51' title='bbox 1135 660 1285 701; x_wconf 87' lang='lat' dir='ltr'>etenim</span> <span class='ocrx_word' id='word_1_52' title='bbox 1306 660 1450 701; x_wconf 90' lang='lat' dir='ltr'>nostris</span> <span class='ocrx_word' id='word_1_53' title='bbox 1470 668 1576 701; x_wconf 92' lang='lat' dir='ltr'>certe</span> <span class='ocrx_word' id='word_1_54' title='bbox 1596 660 1844 712; x_wconf 89' lang='lat' dir='ltr'>temporibus</span> <span class='ocrx_word' id='word_1_55' title='bbox 1868 674 2000 712; x_wconf 89' lang='lat' dir='ltr'>neque</span> <span class='ocrx_word' id='word_1_56' title='bbox 2024 661 2255 713; x_wconf 89' lang='lat' dir='ltr'>professoris</span> 
     </span>
     <span class='ocr_line' id='line_1_7' title="bbox 225 722 2253 778; baseline -0.001 -12"><span class='ocrx_word' id='word_1_57' title='bbox 225 738 358 778; x_wconf 89' lang='lat' dir='ltr'>neque</span> <span class='ocrx_word' id='word_1_58' title='bbox 370 724 550 778; x_wconf 91' lang='lat' dir='ltr'>episcopi</span> <span class='ocrx_word' id='word_1_59' title='bbox 564 724 605 765; x_wconf 93' lang='lat' dir='ltr'>in</span> <span class='ocrx_word' id='word_1_60' title='bbox 617 725 808 765; x_wconf 82' lang='lat' dir='ltr'>cathedra</span> <span class='ocrx_word' id='word_1_61' title='bbox 823 726 924 764; x_wconf 89' lang='lat' dir='ltr'>solet</span> <span class='ocrx_word' id='word_1_62' title='bbox 938 737 1096 775; x_wconf 87' lang='lat' dir='ltr'>semper</span> <span class='ocrx_word' id='word_1_63' title='bbox 1110 722 1299 775; x_wconf 89' lang='lat' dir='ltr'>coniungi</span> <span class='ocrx_word' id='word_1_64' title='bbox 1314 726 1423 763; x_wconf 92' lang='lat' dir='ltr'>‘cum</span> <span class='ocrx_word' id='word_1_65' title='bbox 1439 723 1633 775; x_wconf 88' lang='lat' dir='ltr'>dignitate</span> <span class='ocrx_word' id='word_1_66' title='bbox 1647 723 1822 763; x_wconf 85' lang='lat' dir='ltr'>otium’1.</span> <span class='ocrx_word' id='word_1_67' title='bbox 1878 724 2091 774; x_wconf 90' lang='lat' dir='ltr'>Speramus</span> <span class='ocrx_word' id='word_1_68' title='bbox 2106 731 2253 772; x_wconf 89' lang='lat' dir='ltr'>tamen,</span> 
     </span>
     <span class='ocr_line' id='line_1_8' title="bbox 226 786 2255 839; baseline -0.001 -9"><span class='ocrx_word' id='word_1_69' title='bbox 226 788 347 830; x_wconf 76' lang='lat' dir='ltr'>etiam</span> <span class='ocrx_word' id='word_1_70' title='bbox 381 789 422 829; x_wconf 89' lang='lat' dir='ltr'>in</span> <span class='ocrx_word' id='word_1_71' title='bbox 449 802 555 829; x_wconf 85' lang='lat' dir='ltr'>nova</span> <span class='ocrx_word' id='word_1_72' title='bbox 581 787 729 828; x_wconf 88' lang='lat' dir='ltr'>laboris</span> <span class='ocrx_word' id='word_1_73' title='bbox 759 787 976 839; x_wconf 89' lang='lat' dir='ltr'>provincia,</span> <span class='ocrx_word' id='word_1_74' title='bbox 998 788 1082 828; x_wconf 89' lang='lat' dir='ltr'>fore</span> <span class='ocrx_word' id='word_1_75' title='bbox 1110 794 1154 826; x_wconf 92' lang='lat' dir='ltr'>ut</span> <span class='ocrx_word' id='word_1_76' title='bbox 1185 786 1373 827; x_wconf 87' lang='lat' dir='ltr'>historiae</span> <span class='ocrx_word' id='word_1_77' title='bbox 1403 788 1566 826; x_wconf 90' lang='lat' dir='ltr'>Musam</span> <span class='ocrx_word' id='word_1_78' title='bbox 1595 786 1823 838; x_wconf 89' lang='lat' dir='ltr'>benignam,</span> <span class='ocrx_word' id='word_1_79' title='bbox 1854 800 2043 835; x_wconf 90' lang='lat' dir='ltr'>severam,</span> <span class='ocrx_word' id='word_1_80' title='bbox 2074 800 2255 827; x_wconf 89' lang='lat' dir='ltr'>veracem</span> 
     </span>
     <span class='ocr_line' id='line_1_9' title="bbox 226 848 2258 903; baseline -0.001 -11"><span class='ocrx_word' id='word_1_81' title='bbox 226 853 359 892; x_wconf 81' lang='lat' dir='ltr'>colere</span> <span class='ocrx_word' id='word_1_82' title='bbox 377 863 599 903; x_wconf 87' lang='lat' dir='ltr'>numquam</span> <span class='ocrx_word' id='word_1_83' title='bbox 619 850 785 898; x_wconf 88' lang='lat' dir='ltr'>desinat,</span> <span class='ocrx_word' id='word_1_84' title='bbox 808 851 880 890; x_wconf 92' lang='lat' dir='ltr'>sed</span> <span class='ocrx_word' id='word_1_85' title='bbox 899 850 952 890; x_wconf 88' lang='lat' dir='ltr'>ab</span> <span class='ocrx_word' id='word_1_86' title='bbox 970 849 1059 901; x_wconf 94' lang='lat' dir='ltr'>ipso</span> <span class='ocrx_word' id='word_1_87' title='bbox 1080 848 1185 890; x_wconf 90' lang='lat' dir='ltr'>sedis</span> <span class='ocrx_word' id='word_1_88' title='bbox 1200 848 1277 889; x_wconf 92' lang='lat' dir='ltr'>sibi</span> <span class='ocrx_word' id='word_1_89' title='bbox 1297 848 1518 889; x_wconf 89' lang='lat' dir='ltr'>destinatae</span> <span class='ocrx_word' id='word_1_90' title='bbox 1538 849 1703 889; x_wconf 91' lang='lat' dir='ltr'>nomine</span> <span class='ocrx_word' id='word_1_91' title='bbox 1723 849 1947 890; x_wconf 91' lang='lat' dir='ltr'>studiorum</span> <span class='ocrx_word' id='word_1_92' title='bbox 1967 862 2131 889; x_wconf 91' lang='lat' dir='ltr'>suorum</span> <span class='ocrx_word' id='word_1_93' title='bbox 2150 851 2258 889; x_wconf 90' lang='lat' dir='ltr'>velut</span> 
     </span>
     <span class='ocr_line' id='line_1_10' title="bbox 226 910 2258 965; baseline -0.002 -11"><span class='ocrx_word' id='word_1_94' title='bbox 226 926 350 954; x_wconf 88' lang='lat' dir='ltr'>omen</span> <span class='ocrx_word' id='word_1_95' title='bbox 386 913 428 953; x_wconf 90' lang='lat' dir='ltr'>in</span> <span class='ocrx_word' id='word_1_96' title='bbox 466 919 671 965; x_wconf 92' lang='lat' dir='ltr'>posterum</span> <span class='ocrx_word' id='word_1_97' title='bbox 709 913 842 952; x_wconf 87' lang='lat' dir='ltr'>ducat.</span> <span class='ocrx_word' id='word_1_98' title='bbox 902 912 1234 953; x_wconf 88' lang='lat' dir='ltr'>Consentaneum</span> <span class='ocrx_word' id='word_1_99' title='bbox 1272 911 1460 951; x_wconf 90' lang='lat' dir='ltr'>nimirum</span> <span class='ocrx_word' id='word_1_100' title='bbox 1499 910 1534 951; x_wconf 90' lang='lat' dir='ltr'>ei</span> <span class='ocrx_word' id='word_1_101' title='bbox 1574 910 1827 963; x_wconf 91' lang='lat' dir='ltr'>potissimum</span> <span class='ocrx_word' id='word_1_102' title='bbox 1870 912 1940 964; x_wconf 93' lang='lat' dir='ltr'>qui</span> <span class='ocrx_word' id='word_1_103' title='bbox 1978 911 2114 952; x_wconf 89' lang='lat' dir='ltr'>Sancti</span> <span class='ocrx_word' id='word_1_104' title='bbox 2152 911 2258 951; x_wconf 92' lang='lat' dir='ltr'>Petri</span> 
     </span>
     <span class='ocr_line' id='line_1_11' title="bbox 226 974 2258 1027; baseline -0.001 -11"><span class='ocrx_word' id='word_1_105' title='bbox 226 976 459 1016; x_wconf 73' lang='lat' dir='ltr'>cathedram</span> <span class='ocrx_word' id='word_1_106' title='bbox 478 974 771 1027; x_wconf 91' lang='lat' dir='ltr'>pontificesque</span> <span class='ocrx_word' id='word_1_107' title='bbox 792 976 1002 1014; x_wconf 88' lang='lat' dir='ltr'>Romanos</span> <span class='ocrx_word' id='word_1_108' title='bbox 1022 974 1153 1026; x_wconf 90' lang='lat' dir='ltr'>operis</span> <span class='ocrx_word' id='word_1_109' title='bbox 1174 974 1308 1026; x_wconf 88' lang='lat' dir='ltr'>magni</span> <span class='ocrx_word' id='word_1_110' title='bbox 1327 980 1606 1026; x_wconf 88' lang='lat' dir='ltr'>argumentum</span> <span class='ocrx_word' id='word_1_111' title='bbox 1627 974 1703 1014; x_wconf 91' lang='lat' dir='ltr'>sibi</span> <span class='ocrx_word' id='word_1_112' title='bbox 1723 977 1902 1027; x_wconf 84' lang='lat' dir='ltr'>sumpsit,</span> <span class='ocrx_word' id='word_1_113' title='bbox 1926 975 2062 1016; x_wconf 90' lang='lat' dir='ltr'>Sancti</span> <span class='ocrx_word' id='word_1_114' title='bbox 2086 975 2192 1015; x_wconf 90' lang='lat' dir='ltr'>Petri</span> <span class='ocrx_word' id='word_1_115' title='bbox 2218 975 2258 1014; x_wconf 93' lang='lat' dir='ltr'>in</span> 
     </span>
     <span class='ocr_line' id='line_1_12' title="bbox 226 1035 2260 1090; baseline 0 -12"><span class='ocrx_word' id='word_1_116' title='bbox 226 1036 380 1090; x_wconf 86' lang='lat' dir='ltr'>oppido</span> <span class='ocrx_word' id='word_1_117' title='bbox 406 1037 545 1078; x_wconf 90' lang='lat' dir='ltr'>sedem</span> <span class='ocrx_word' id='word_1_118' title='bbox 571 1035 842 1088; x_wconf 90' lang='lat' dir='ltr'>episcopalem</span> <span class='ocrx_word' id='word_1_119' title='bbox 867 1049 954 1076; x_wconf 93' lang='lat' dir='ltr'>esse</span> <span class='ocrx_word' id='word_1_120' title='bbox 979 1036 1222 1076; x_wconf 88' lang='lat' dir='ltr'>attributam.</span> <span class='ocrx_word' id='word_1_121' title='bbox 1283 1038 1343 1076; x_wconf 89' lang='lat' dir='ltr'>Ex</span> <span class='ocrx_word' id='word_1_122' title='bbox 1369 1036 1541 1076; x_wconf 90' lang='lat' dir='ltr'>alumnis</span> <span class='ocrx_word' id='word_1_123' title='bbox 1567 1036 1712 1076; x_wconf 89' lang='lat' dir='ltr'>nostris</span> <span class='ocrx_word' id='word_1_124' title='bbox 1738 1051 1852 1087; x_wconf 90' lang='lat' dir='ltr'>unus,</span> <span class='ocrx_word' id='word_1_125' title='bbox 1881 1045 2022 1090; x_wconf 87' lang='lat' dir='ltr'>postea</span> <span class='ocrx_word' id='word_1_126' title='bbox 2047 1038 2260 1090; x_wconf 88' lang='lat' dir='ltr'>episcopus</span> 
     </span>
     <span class='ocr_line' id='line_1_13' title="bbox 228 1099 2260 1153; baseline -0 -11"><span class='ocrx_word' id='word_1_127' title='bbox 228 1100 557 1153; x_wconf 86' lang='lat' dir='ltr'>Petroburgensis</span> <span class='ocrx_word' id='word_1_128' title='bbox 585 1107 854 1149; x_wconf 90' lang='lat' dir='ltr'>consecratus,</span> <span class='ocrx_word' id='word_1_129' title='bbox 885 1099 1082 1140; x_wconf 90' lang='lat' dir='ltr'>historicis</span> <span class='ocrx_word' id='word_1_130' title='bbox 1111 1100 1151 1140; x_wconf 92' lang='lat' dir='ltr'>in</span> <span class='ocrx_word' id='word_1_131' title='bbox 1186 1099 1327 1140; x_wconf 91' lang='lat' dir='ltr'>studiis</span> <span class='ocrx_word' id='word_1_132' title='bbox 1361 1099 1620 1152; x_wconf 86' lang='lat' dir='ltr'>principissae</span> <span class='ocrx_word' id='word_1_133' title='bbox 1649 1100 1851 1141; x_wconf 89' lang='lat' dir='ltr'>Victoriae</span> <span class='ocrx_word' id='word_1_134' title='bbox 1882 1109 2116 1153; x_wconf 89' lang='lat' dir='ltr'>praeceptor</span> <span class='ocrx_word' id='word_1_135' title='bbox 2144 1102 2260 1141; x_wconf 89' lang='lat' dir='ltr'>datus</span> 
     </span>
     <span class='ocr_line' id='line_1_14' title="bbox 227 1162 2261 1216; baseline 0 -12"><span class='ocrx_word' id='word_1_136' title='bbox 227 1163 331 1204; x_wconf 80' lang='lat' dir='ltr'>est²:</span> <span class='ocrx_word' id='word_1_137' title='bbox 360 1164 527 1204; x_wconf 87' lang='lat' dir='ltr'>fortasse</span> <span class='ocrx_word' id='word_1_138' title='bbox 552 1162 654 1202; x_wconf 90' lang='lat' dir='ltr'>alius</span> <span class='ocrx_word' id='word_1_139' title='bbox 680 1162 786 1203; x_wconf 90' lang='lat' dir='ltr'>sedis</span> <span class='ocrx_word' id='word_1_140' title='bbox 812 1162 995 1202; x_wconf 87' lang='lat' dir='ltr'>eiusdem</span> <span class='ocrx_word' id='word_1_141' title='bbox 1024 1162 1248 1215; x_wconf 90' lang='lat' dir='ltr'>episcopus,</span> <span class='ocrx_word' id='word_1_142' title='bbox 1271 1163 1341 1214; x_wconf 93' lang='lat' dir='ltr'>qui</span> <span class='ocrx_word' id='word_1_143' title='bbox 1365 1162 1493 1203; x_wconf 90' lang='lat' dir='ltr'>isdem</span> <span class='ocrx_word' id='word_1_144' title='bbox 1517 1176 1540 1203; x_wconf 93' lang='lat' dir='ltr'>e</span> <span class='ocrx_word' id='word_1_145' title='bbox 1569 1162 1711 1203; x_wconf 89' lang='lat' dir='ltr'>studiis</span> <span class='ocrx_word' id='word_1_146' title='bbox 1731 1164 1879 1203; x_wconf 87' lang='lat' dir='ltr'>famam</span> <span class='ocrx_word' id='word_1_147' title='bbox 1899 1166 2081 1216; x_wconf 89' lang='lat' dir='ltr'>adeptus,</span> <span class='ocrx_word' id='word_1_148' title='bbox 2103 1163 2261 1216; x_wconf 91' lang='lat' dir='ltr'>reginae</span> 
     </span>
     <span class='ocr_line' id='line_1_15' title="bbox 229 1226 2262 1279; baseline -0 -11"><span class='ocrx_word' id='word_1_149' title='bbox 229 1227 383 1268; x_wconf 86' lang='lat' dir='ltr'>Elissae</span> <span class='ocrx_word' id='word_1_150' title='bbox 409 1240 575 1279; x_wconf 87' lang='lat' dir='ltr'>regnum</span> <span class='ocrx_word' id='word_1_151' title='bbox 602 1226 786 1271; x_wconf 90' lang='lat' dir='ltr'>doctrina</span> <span class='ocrx_word' id='word_1_152' title='bbox 811 1226 918 1266; x_wconf 88' lang='lat' dir='ltr'>varia</span> <span class='ocrx_word' id='word_1_153' title='bbox 943 1226 1161 1276; x_wconf 89' lang='lat' dir='ltr'>illustravit,</span> <span class='ocrx_word' id='word_1_154' title='bbox 1183 1240 1305 1278; x_wconf 93' lang='lat' dir='ltr'>opere</span> <span class='ocrx_word' id='word_1_155' title='bbox 1329 1240 1402 1267; x_wconf 94' lang='lat' dir='ltr'>suo</span> <span class='ocrx_word' id='word_1_156' title='bbox 1426 1240 1573 1279; x_wconf 88' lang='lat' dir='ltr'>magno</span> <span class='ocrx_word' id='word_1_157' title='bbox 1598 1227 1651 1267; x_wconf 89' lang='lat' dir='ltr'>ad</span> <span class='ocrx_word' id='word_1_158' title='bbox 1678 1226 1827 1267; x_wconf 88' lang='lat' dir='ltr'>exitum</span> <span class='ocrx_word' id='word_1_159' title='bbox 1857 1227 2015 1279; x_wconf 85' lang='lat' dir='ltr'>felicem</span> <span class='ocrx_word' id='word_1_160' title='bbox 2043 1227 2262 1279; x_wconf 90' lang='lat' dir='ltr'>aliquando</span> 
     </span>
     <span class='ocr_line' id='line_1_16' title="bbox 227 1290 2264 1345; baseline -0 -12"><span class='ocrx_word' id='word_1_161' title='bbox 227 1292 455 1345; x_wconf 78' lang='lat' dir='ltr'>perducto³,</span> <span class='ocrx_word' id='word_1_162' title='bbox 472 1291 690 1332; x_wconf 90' lang='lat' dir='ltr'>litterarum</span> <span class='ocrx_word' id='word_1_163' title='bbox 709 1291 751 1331; x_wconf 93' lang='lat' dir='ltr'>in</span> <span class='ocrx_word' id='word_1_164' title='bbox 771 1290 977 1343; x_wconf 89' lang='lat' dir='ltr'>republica</span> <span class='ocrx_word' id='word_1_165' title='bbox 996 1305 1079 1331; x_wconf 92' lang='lat' dir='ltr'>non</span> <span class='ocrx_word' id='word_1_166' title='bbox 1100 1291 1232 1331; x_wconf 91' lang='lat' dir='ltr'>minus</span> <span class='ocrx_word' id='word_1_167' title='bbox 1248 1304 1369 1342; x_wconf 90' lang='lat' dir='ltr'>quam</span> <span class='ocrx_word' id='word_1_168' title='bbox 1390 1290 1431 1330; x_wconf 92' lang='lat' dir='ltr'>in</span> <span class='ocrx_word' id='word_1_169' title='bbox 1446 1290 1533 1343; x_wconf 90' lang='lat' dir='ltr'>ipsa</span> <span class='ocrx_word' id='word_1_170' title='bbox 1552 1290 1732 1340; x_wconf 90' lang='lat' dir='ltr'>ecelesia,</span> <span class='ocrx_word' id='word_1_171' title='bbox 1750 1290 1898 1331; x_wconf 91' lang='lat' dir='ltr'>saeculi</span> <span class='ocrx_word' id='word_1_172' title='bbox 1921 1290 2141 1332; x_wconf 89' lang='lat' dir='ltr'>Victoriani</span> <span class='ocrx_word' id='word_1_173' title='bbox 2162 1291 2264 1332; x_wconf 91' lang='lat' dir='ltr'>inter</span> 
     </span>
     <span class='ocr_line' id='line_1_17' title="bbox 228 1354 801 1395; baseline -0.002 0"><span class='ocrx_word' id='word_1_174' title='bbox 228 1354 382 1395; x_wconf 86' lang='lat' dir='ltr'>lumina</span> <span class='ocrx_word' id='word_1_175' title='bbox 400 1354 498 1395; x_wconf 89' lang='lat' dir='ltr'>olim</span> <span class='ocrx_word' id='word_1_176' title='bbox 518 1354 801 1395; x_wconf 90' lang='lat' dir='ltr'>nominabitur.</span> 
     </span>
    </p>
   </div>
   <div class='ocr_carea' id='block_1_4' title="bbox 230 1415 2262 1532">
    <p class='ocr_par' dir='ltr' id='par_1_4' title="bbox 230 1415 2262 1532">
     <span class='ocr_line' id='line_1_18' title="bbox 340 1415 2262 1469; baseline 0.001 -13"><span class='ocrx_word' id='word_1_177' title='bbox 340 1418 460 1457; x_wconf 91' lang='lat' dir='ltr'>Duco</span> <span class='ocrx_word' id='word_1_178' title='bbox 477 1418 531 1458; x_wconf 88' lang='lat' dir='ltr'>ad</span> <span class='ocrx_word' id='word_1_179' title='bbox 549 1430 621 1457; x_wconf 90' lang='lat' dir='ltr'>vos</span> <span class='ocrx_word' id='word_1_180' title='bbox 636 1417 763 1457; x_wconf 91' lang='lat' dir='ltr'>virum</span> <span class='ocrx_word' id='word_1_181' title='bbox 779 1416 1000 1457; x_wconf 93' lang='lat' dir='ltr'>honoribus</span> <span class='ocrx_word' id='word_1_182' title='bbox 1015 1415 1196 1468; x_wconf 87' lang='lat' dir='ltr'>plurimis</span> <span class='ocrx_word' id='word_1_183' title='bbox 1211 1415 1354 1456; x_wconf 92' lang='lat' dir='ltr'>merito</span> <span class='ocrx_word' id='word_1_184' title='bbox 1367 1417 1626 1464; x_wconf 87' lang='lat' dir='ltr'>cumulatum,</span> <span class='ocrx_word' id='word_1_185' title='bbox 1645 1415 1882 1468; x_wconf 91' lang='lat' dir='ltr'>episcopum</span> <span class='ocrx_word' id='word_1_186' title='bbox 1904 1417 2262 1469; x_wconf 89' lang='lat' dir='ltr'>Petroburgensem</span> 
     </span>
     <span class='ocr_line' id='line_1_19' title="bbox 230 1478 1082 1532; baseline -0.004 -12"><span class='ocrx_word' id='word_1_187' title='bbox 230 1478 495 1532; x_wconf 85' lang='lat' dir='ltr'>designatum,</span> <span class='ocrx_word' id='word_1_188' title='bbox 518 1482 789 1520; x_wconf 90' lang='lat' dir='ltr'>Professorem</span> <span class='ocrx_word' id='word_1_189' title='bbox 811 1481 1082 1520; x_wconf 80' lang='lat' dir='ltr'>CREIGHTON.</span> 
     </span>
    </p>
   </div>
   <div class='ocr_carea' id='block_1_5' title="bbox 1056 1604 1444 1669">
    <p class='ocr_par' dir='ltr' id='par_1_5' title="bbox 1056 1604 1444 1669">
     <span class='ocr_line' id='line_1_20' title="bbox 1056 1604 1444 1669; baseline 0 -17"><span class='ocrx_word' id='word_1_190' title='bbox 1056 1620 1114 1665; x_wconf 88' lang='lat'>14</span> <span class='ocrx_word' id='word_1_191' title='bbox 1151 1604 1282 1669; x_wconf 86' lang='lat' dir='ltr'>May</span> <span class='ocrx_word' id='word_1_192' title='bbox 1327 1606 1444 1665; x_wconf 87' lang='lat'>1891</span> 
     </span>
    </p>
   </div>
   <div class='ocr_carea' id='block_1_6' title="bbox 230 1699 2270 2632">
    <p class='ocr_par' dir='ltr' id='par_1_6' title="bbox 230 1699 2270 2632">
     <span class='ocr_line' id='line_1_21' title="bbox 343 1699 2265 1753; baseline 0.002 -14"><span class='ocrx_word' id='word_1_193' title='bbox 343 1699 456 1753; x_wconf 90' lang='lat'><em>(171)</em></span> <span class='ocrx_word' id='word_1_194' title='bbox 489 1702 716 1752; x_wconf 79' lang='lat' dir='ltr'>Quo&#39;mENs</span> <span class='ocrx_word' id='word_1_195' title='bbox 749 1701 935 1740; x_wconf 92' lang='lat' dir='ltr'>alumnos</span> <span class='ocrx_word' id='word_1_196' title='bbox 966 1708 1124 1740; x_wconf 90' lang='lat' dir='ltr'>nostros</span> <span class='ocrx_word' id='word_1_197' title='bbox 1158 1707 1249 1752; x_wconf 90' lang='lat' dir='ltr'>post</span> <span class='ocrx_word' id='word_1_198' title='bbox 1282 1712 1480 1739; x_wconf 89' lang='lat' dir='ltr'>annorum</span> <span class='ocrx_word' id='word_1_199' title='bbox 1511 1700 1778 1752; x_wconf 90' lang='lat' dir='ltr'>complurium</span> <span class='ocrx_word' id='word_1_200' title='bbox 1811 1700 2035 1740; x_wconf 89' lang='lat' dir='ltr'>absentiam</span> <span class='ocrx_word' id='word_1_201' title='bbox 2067 1700 2265 1742; x_wconf 88' lang='lat' dir='ltr'>Academi</span> 
     </span>
     <span class='ocr_line' id='line_1_22' title="bbox 233 1763 2266 1818; baseline -0 -12"><span class='ocrx_word' id='word_1_202' title='bbox 233 1765 340 1806; x_wconf 85' lang='lat' dir='ltr'>silvis</span> <span class='ocrx_word' id='word_1_203' title='bbox 360 1764 562 1818; x_wconf 87' lang='lat' dir='ltr'>paulisper</span> <span class='ocrx_word' id='word_1_204' title='bbox 580 1765 758 1806; x_wconf 90' lang='lat' dir='ltr'>redditos</span> <span class='ocrx_word' id='word_1_205' title='bbox 779 1764 1060 1805; x_wconf 87' lang='lat' dir='ltr'>salutavimus!</span> <span class='ocrx_word' id='word_1_206' title='bbox 1119 1763 1318 1814; x_wconf 88' lang='lat' dir='ltr'>Quotiens</span> <span class='ocrx_word' id='word_1_207' title='bbox 1344 1764 1510 1804; x_wconf 89' lang='lat' dir='ltr'>eosdem</span> <span class='ocrx_word' id='word_1_208' title='bbox 1534 1763 1575 1803; x_wconf 92' lang='lat' dir='ltr'>in</span> <span class='ocrx_word' id='word_1_209' title='bbox 1602 1763 1826 1815; x_wconf 87' lang='lat' dir='ltr'>provincias</span> <span class='ocrx_word' id='word_1_210' title='bbox 1850 1777 1942 1803; x_wconf 92' lang='lat' dir='ltr'>suas</span> <span class='ocrx_word' id='word_1_211' title='bbox 1967 1764 2266 1816; x_wconf 88' lang='lat' dir='ltr'>proficiscentes</span> 
     </span>
     <span class='ocr_line' id='line_1_23' title="bbox 231 1826 2267 1879; baseline 0 -11"><span class='ocrx_word' id='word_1_212' title='bbox 231 1827 335 1868; x_wconf 88' lang='lat' dir='ltr'>votis</span> <span class='ocrx_word' id='word_1_213' title='bbox 354 1826 517 1879; x_wconf 91' lang='lat' dir='ltr'>optimis</span> <span class='ocrx_word' id='word_1_214' title='bbox 539 1826 741 1879; x_wconf 91' lang='lat' dir='ltr'>prosecuti</span> <span class='ocrx_word' id='word_1_215' title='bbox 767 1830 929 1867; x_wconf 80' lang='lat' dir='ltr'>sumus!</span> <span class='ocrx_word' id='word_1_216' title='bbox 988 1826 1127 1867; x_wconf 93' lang='lat' dir='ltr'>Hodie</span> <span class='ocrx_word' id='word_1_217' title='bbox 1153 1834 1288 1866; x_wconf 90' lang='lat' dir='ltr'>tamen</span> <span class='ocrx_word' id='word_1_218' title='bbox 1317 1833 1483 1866; x_wconf 90' lang='lat' dir='ltr'>eatenus</span> <span class='ocrx_word' id='word_1_219' title='bbox 1509 1839 1659 1866; x_wconf 90' lang='lat' dir='ltr'>novum</span> <span class='ocrx_word' id='word_1_220' title='bbox 1687 1834 1966 1878; x_wconf 87' lang='lat' dir='ltr'>argumentum</span> <span class='ocrx_word' id='word_1_221' title='bbox 1995 1833 2132 1876; x_wconf 90' lang='lat' dir='ltr'>tracto,</span> <span class='ocrx_word' id='word_1_222' title='bbox 2155 1829 2267 1879; x_wconf 92' lang='lat' dir='ltr'>quod</span> 
     </span>
     <span class='ocr_line' id='line_1_24' title="bbox 232 1889 2265 1943; baseline -0 -12"><span class='ocrx_word' id='word_1_223' title='bbox 232 1889 399 1932; x_wconf 84' lang='lat' dir='ltr'>oratoris</span> <span class='ocrx_word' id='word_1_224' title='bbox 424 1890 467 1930; x_wconf 89' lang='lat' dir='ltr'>in</span> <span class='ocrx_word' id='word_1_225' title='bbox 495 1890 628 1931; x_wconf 88' lang='lat' dir='ltr'>officio</span> <span class='ocrx_word' id='word_1_226' title='bbox 651 1898 821 1931; x_wconf 90' lang='lat' dir='ltr'>vestram</span> <span class='ocrx_word' id='word_1_227' title='bbox 851 1890 1141 1942; x_wconf 88' lang='lat' dir='ltr'>indulgentiam</span> <span class='ocrx_word' id='word_1_228' title='bbox 1164 1903 1294 1930; x_wconf 91' lang='lat' dir='ltr'>annos</span> <span class='ocrx_word' id='word_1_229' title='bbox 1322 1902 1448 1942; x_wconf 90' lang='lat' dir='ltr'>prope</span> <span class='ocrx_word' id='word_1_230' title='bbox 1476 1889 1708 1941; x_wconf 86' lang='lat' dir='ltr'>quindecim</span> <span class='ocrx_word' id='word_1_231' title='bbox 1738 1897 1934 1941; x_wconf 89' lang='lat' dir='ltr'>expertus,</span> <span class='ocrx_word' id='word_1_232' title='bbox 1956 1903 2065 1930; x_wconf 91' lang='lat' dir='ltr'>nunc</span> <span class='ocrx_word' id='word_1_233' title='bbox 2093 1890 2265 1943; x_wconf 90' lang='lat' dir='ltr'>primum</span> 
     </span>
     <span class='ocr_line' id='line_1_25' title="bbox 234 1952 2268 2008; baseline -0 -13"><span class='ocrx_word' id='word_1_234' title='bbox 234 1954 364 2008; x_wconf 87' lang='lat' dir='ltr'>(quod</span> <span class='ocrx_word' id='word_1_235' title='bbox 397 1954 491 1996; x_wconf 86' lang='lat' dir='ltr'>felix</span> <span class='ocrx_word' id='word_1_236' title='bbox 523 1956 779 2007; x_wconf 89' lang='lat' dir='ltr'>faustumque</span> <span class='ocrx_word' id='word_1_237' title='bbox 808 1954 876 2008; x_wconf 91' lang='lat' dir='ltr'>sit)</span> <span class='ocrx_word' id='word_1_238' title='bbox 910 1954 1080 2006; x_wconf 91' lang='lat' dir='ltr'>Collegii</span> <span class='ocrx_word' id='word_1_239' title='bbox 1113 1953 1320 1994; x_wconf 89' lang='lat' dir='ltr'>Sidneiani</span> <span class='ocrx_word' id='word_1_240' title='bbox 1354 1953 1597 2006; x_wconf 91' lang='lat' dir='ltr'>discipulum</span> <span class='ocrx_word' id='word_1_241' title='bbox 1630 1952 1877 1993; x_wconf 86' lang='lat' dir='ltr'>Academiae</span> <span class='ocrx_word' id='word_1_242' title='bbox 1910 1961 2132 2005; x_wconf 88' lang='lat' dir='ltr'>praesento.</span> <span class='ocrx_word' id='word_1_243' title='bbox 2193 1956 2268 1994; x_wconf 84' lang='lat' dir='ltr'>Illa</span> 
     </span>
     <span class='ocr_line' id='line_1_26' title="bbox 231 2015 2268 2067; baseline -0.001 -9"><span class='ocrx_word' id='word_1_244' title='bbox 231 2030 326 2058; x_wconf 84' lang='lat' dir='ltr'>vero</span> <span class='ocrx_word' id='word_1_245' title='bbox 359 2016 566 2058; x_wconf 85' lang='lat' dir='ltr'>doctrinae</span> <span class='ocrx_word' id='word_1_246' title='bbox 594 2019 751 2066; x_wconf 91' lang='lat' dir='ltr'>domus,</span> <span class='ocrx_word' id='word_1_247' title='bbox 782 2018 946 2057; x_wconf 89' lang='lat' dir='ltr'>fratrum</span> <span class='ocrx_word' id='word_1_248' title='bbox 977 2015 1334 2056; x_wconf 88' lang='lat' dir='ltr'>Franciscanorum</span> <span class='ocrx_word' id='word_1_249' title='bbox 1366 2015 1407 2055; x_wconf 91' lang='lat' dir='ltr'>in</span> <span class='ocrx_word' id='word_1_250' title='bbox 1438 2017 1534 2056; x_wconf 89' lang='lat' dir='ltr'>sede</span> <span class='ocrx_word' id='word_1_251' title='bbox 1563 2015 1729 2067; x_wconf 91' lang='lat' dir='ltr'>antiqua</span> <span class='ocrx_word' id='word_1_252' title='bbox 1759 2016 1967 2066; x_wconf 81' lang='lat' dir='ltr'>collocata,</span> <span class='ocrx_word' id='word_1_253' title='bbox 2000 2025 2039 2057; x_wconf 92' lang='lat' dir='ltr'>et</span> <span class='ocrx_word' id='word_1_254' title='bbox 2067 2030 2091 2057; x_wconf 90' lang='lat' dir='ltr'>a</span> <span class='ocrx_word' id='word_1_255' title='bbox 2120 2017 2268 2057; x_wconf 90' lang='lat' dir='ltr'>femina</span> 
     </span>
     <span class='ocr_line' id='line_1_27' title="bbox 232 2079 2266 2133; baseline 0 -13"><span class='ocrx_word' id='word_1_256' title='bbox 232 2079 534 2133; x_wconf 84' lang='lat' dir='ltr'>spectatissima,</span> <span class='ocrx_word' id='word_1_257' title='bbox 555 2081 621 2121; x_wconf 90' lang='lat' dir='ltr'>cui</span> <span class='ocrx_word' id='word_1_258' title='bbox 649 2094 797 2121; x_wconf 90' lang='lat' dir='ltr'>nomen</span> <span class='ocrx_word' id='word_1_259' title='bbox 826 2079 1062 2119; x_wconf 90' lang='lat' dir='ltr'>Franciscae</span> <span class='ocrx_word' id='word_1_260' title='bbox 1090 2086 1183 2128; x_wconf 88' lang='lat' dir='ltr'>erat,</span> <span class='ocrx_word' id='word_1_261' title='bbox 1207 2079 1303 2119; x_wconf 92' lang='lat' dir='ltr'>olim</span> <span class='ocrx_word' id='word_1_262' title='bbox 1331 2080 1508 2127; x_wconf 90' lang='lat' dir='ltr'>fundata,</span> <span class='ocrx_word' id='word_1_263' title='bbox 1538 2092 1620 2119; x_wconf 93' lang='lat' dir='ltr'>non</span> <span class='ocrx_word' id='word_1_264' title='bbox 1649 2079 1773 2119; x_wconf 90' lang='lat' dir='ltr'>modo</span> <span class='ocrx_word' id='word_1_265' title='bbox 1798 2079 2024 2119; x_wconf 88' lang='lat' dir='ltr'>Cromwelli</span> <span class='ocrx_word' id='word_1_266' title='bbox 2053 2081 2266 2132; x_wconf 86' lang='lat' dir='ltr'>imaginem</span> 
     </span>
     <span class='ocr_line' id='line_1_28' title="bbox 231 2140 2269 2196; baseline 0 -14"><span class='ocrx_word' id='word_1_267' title='bbox 231 2141 381 2196; x_wconf 86' lang='lat' dir='ltr'>pictam</span> <span class='ocrx_word' id='word_1_268' title='bbox 408 2141 450 2182; x_wconf 93' lang='lat' dir='ltr'>in</span> <span class='ocrx_word' id='word_1_269' title='bbox 476 2141 746 2195; x_wconf 89' lang='lat' dir='ltr'>penetralibus</span> <span class='ocrx_word' id='word_1_270' title='bbox 773 2141 854 2182; x_wconf 92' lang='lat' dir='ltr'>suis</span> <span class='ocrx_word' id='word_1_271' title='bbox 881 2148 1101 2190; x_wconf 87' lang='lat' dir='ltr'>conservat,</span> <span class='ocrx_word' id='word_1_272' title='bbox 1123 2142 1196 2181; x_wconf 89' lang='lat' dir='ltr'>sed</span> <span class='ocrx_word' id='word_1_273' title='bbox 1223 2140 1343 2181; x_wconf 90' lang='lat' dir='ltr'>etiam</span> <span class='ocrx_word' id='word_1_274' title='bbox 1372 2141 1577 2181; x_wconf 90' lang='lat' dir='ltr'>Ecclesiae</span> <span class='ocrx_word' id='word_1_275' title='bbox 1603 2140 1851 2192; x_wconf 91' lang='lat' dir='ltr'>Anglicanae</span> <span class='ocrx_word' id='word_1_276' title='bbox 1880 2140 1982 2181; x_wconf 90' lang='lat' dir='ltr'>inter</span> <span class='ocrx_word' id='word_1_277' title='bbox 2007 2143 2154 2182; x_wconf 90' lang='lat' dir='ltr'>decora</span> <span class='ocrx_word' id='word_1_278' title='bbox 2179 2144 2269 2194; x_wconf 90' lang='lat' dir='ltr'>plus</span> 
     </span>
     <span class='ocr_line' id='line_1_29' title="bbox 230 2203 2269 2257; baseline 0 -13"><span class='ocrx_word' id='word_1_279' title='bbox 230 2217 353 2257; x_wconf 87' lang='lat' dir='ltr'>quam</span> <span class='ocrx_word' id='word_1_280' title='bbox 376 2217 503 2244; x_wconf 92' lang='lat' dir='ltr'>unum</span> <span class='ocrx_word' id='word_1_281' title='bbox 530 2205 741 2253; x_wconf 90' lang='lat' dir='ltr'>decanum,</span> <span class='ocrx_word' id='word_1_282' title='bbox 763 2206 853 2256; x_wconf 92' lang='lat' dir='ltr'>plus</span> <span class='ocrx_word' id='word_1_283' title='bbox 880 2217 1002 2256; x_wconf 88' lang='lat' dir='ltr'>quam</span> <span class='ocrx_word' id='word_1_284' title='bbox 1023 2216 1149 2244; x_wconf 90' lang='lat' dir='ltr'>unum</span> <span class='ocrx_word' id='word_1_285' title='bbox 1169 2203 1437 2256; x_wconf 85' lang='lat' dir='ltr'>episcopum⁴,</span> <span class='ocrx_word' id='word_1_286' title='bbox 1459 2203 1535 2244; x_wconf 92' lang='lat' dir='ltr'>sibi</span> <span class='ocrx_word' id='word_1_287' title='bbox 1555 2203 1781 2243; x_wconf 87' lang='lat' dir='ltr'>vindicavit.</span> <span class='ocrx_word' id='word_1_288' title='bbox 1843 2203 1925 2244; x_wconf 93' lang='lat' dir='ltr'>Hic</span> <span class='ocrx_word' id='word_1_289' title='bbox 1950 2211 2098 2254; x_wconf 90' lang='lat' dir='ltr'>autern,</span> <span class='ocrx_word' id='word_1_290' title='bbox 2119 2205 2269 2245; x_wconf 91' lang='lat' dir='ltr'>abhinc</span> 
     </span>
     <span class='ocr_line' id='line_1_30' title="bbox 233 2267 2270 2320; baseline 0 -12"><span class='ocrx_word' id='word_1_291' title='bbox 233 2281 364 2319; x_wconf 82' lang='lat' dir='ltr'>annos</span> <span class='ocrx_word' id='word_1_292' title='bbox 379 2268 612 2320; x_wconf 91' lang='lat' dir='ltr'>quindecim</span> <span class='ocrx_word' id='word_1_293' title='bbox 629 2267 928 2308; x_wconf 88' lang='lat' dir='ltr'>Mathematicis</span> <span class='ocrx_word' id='word_1_294' title='bbox 943 2267 983 2307; x_wconf 92' lang='lat' dir='ltr'>in</span> <span class='ocrx_word' id='word_1_295' title='bbox 1006 2267 1147 2308; x_wconf 92' lang='lat' dir='ltr'>studiis</span> <span class='ocrx_word' id='word_1_296' title='bbox 1162 2268 1338 2308; x_wconf 90' lang='lat' dir='ltr'>lauream</span> <span class='ocrx_word' id='word_1_297' title='bbox 1355 2275 1531 2307; x_wconf 90' lang='lat' dir='ltr'>nostram</span> <span class='ocrx_word' id='word_1_298' title='bbox 1551 2269 1733 2320; x_wconf 90' lang='lat' dir='ltr'>adeptus,</span> <span class='ocrx_word' id='word_1_299' title='bbox 1752 2275 1902 2319; x_wconf 89' lang='lat' dir='ltr'>postea,</span> <span class='ocrx_word' id='word_1_300' title='bbox 1921 2269 2152 2320; x_wconf 91' lang='lat' dir='ltr'>praesertim</span> <span class='ocrx_word' id='word_1_301' title='bbox 2168 2269 2270 2309; x_wconf 90' lang='lat' dir='ltr'>inter</span> 
     </span>
     <span class='ocr_line' id='line_1_31' title="bbox 234 2329 2270 2383; baseline -0 -12"><span class='ocrx_word' id='word_1_302' title='bbox 234 2330 382 2372; x_wconf 90' lang='lat' dir='ltr'>Silures</span> <span class='ocrx_word' id='word_1_303' title='bbox 414 2343 520 2379; x_wconf 85' lang='lat' dir='ltr'>suos,</span> <span class='ocrx_word' id='word_1_304' title='bbox 550 2329 755 2370; x_wconf 87' lang='lat' dir='ltr'>laboribus</span> <span class='ocrx_word' id='word_1_305' title='bbox 786 2329 907 2370; x_wconf 90' lang='lat' dir='ltr'>sacris</span> <span class='ocrx_word' id='word_1_306' title='bbox 938 2329 1108 2370; x_wconf 85' lang='lat' dir='ltr'>fideliter</span> <span class='ocrx_word' id='word_1_307' title='bbox 1141 2330 1340 2370; x_wconf 91' lang='lat' dir='ltr'>obeundis</span> <span class='ocrx_word' id='word_1_308' title='bbox 1374 2330 1568 2370; x_wconf 90' lang='lat' dir='ltr'>incubuit.</span> <span class='ocrx_word' id='word_1_309' title='bbox 1629 2330 1693 2370; x_wconf 91' lang='lat' dir='ltr'>Ibi</span> <span class='ocrx_word' id='word_1_310' title='bbox 1726 2343 1854 2382; x_wconf 93' lang='lat' dir='ltr'>nuper</span> <span class='ocrx_word' id='word_1_311' title='bbox 1887 2331 1957 2370; x_wconf 91' lang='lat' dir='ltr'>uni</span> <span class='ocrx_word' id='word_1_312' title='bbox 1990 2345 2038 2371; x_wconf 90' lang='lat' dir='ltr'>ex</span> <span class='ocrx_word' id='word_1_313' title='bbox 2071 2331 2270 2383; x_wconf 91' lang='lat' dir='ltr'>episcopis</span> 
     </span>
     <span class='ocr_line' id='line_1_32' title="bbox 233 2391 2269 2444; baseline 0 -11"><span class='ocrx_word' id='word_1_314' title='bbox 233 2391 393 2433; x_wconf 87' lang='lat' dir='ltr'>adiutor</span> <span class='ocrx_word' id='word_1_315' title='bbox 421 2393 550 2443; x_wconf 89' lang='lat' dir='ltr'>datus,</span> <span class='ocrx_word' id='word_1_316' title='bbox 572 2392 658 2444; x_wconf 93' lang='lat' dir='ltr'>ipse</span> <span class='ocrx_word' id='word_1_317' title='bbox 687 2392 848 2432; x_wconf 92' lang='lat' dir='ltr'>titulum</span> <span class='ocrx_word' id='word_1_318' title='bbox 877 2392 1148 2444; x_wconf 89' lang='lat' dir='ltr'>episcopalem</span> <span class='ocrx_word' id='word_1_319' title='bbox 1177 2392 1318 2444; x_wconf 92' lang='lat' dir='ltr'>oppidi</span> <span class='ocrx_word' id='word_1_320' title='bbox 1349 2393 1481 2444; x_wconf 89' lang='lat' dir='ltr'>magni</span> <span class='ocrx_word' id='word_1_321' title='bbox 1510 2406 1533 2433; x_wconf 91' lang='lat' dir='ltr'>e</span> <span class='ocrx_word' id='word_1_322' title='bbox 1562 2392 1727 2432; x_wconf 89' lang='lat' dir='ltr'>nomine</span> <span class='ocrx_word' id='word_1_323' title='bbox 1751 2392 1876 2441; x_wconf 87' lang='lat' dir='ltr'>traxit,</span> <span class='ocrx_word' id='word_1_324' title='bbox 1906 2393 1976 2433; x_wconf 92' lang='lat' dir='ltr'>ubi</span> <span class='ocrx_word' id='word_1_325' title='bbox 2005 2393 2104 2434; x_wconf 87' lang='lat' dir='ltr'>caeli</span> <span class='ocrx_word' id='word_1_326' title='bbox 2133 2395 2269 2433; x_wconf 92' lang='lat' dir='ltr'>lumen</span> 
     </span>
     <span class='ocr_line' id='line_1_33' title="bbox 234 2454 2270 2508; baseline 0 -12"><span class='ocrx_word' id='word_1_327' title='bbox 234 2455 387 2508; x_wconf 87' lang='lat' dir='ltr'>ignium</span> <span class='ocrx_word' id='word_1_328' title='bbox 408 2457 648 2496; x_wconf 91' lang='lat' dir='ltr'>fumantium</span> <span class='ocrx_word' id='word_1_329' title='bbox 669 2455 837 2508; x_wconf 89' lang='lat' dir='ltr'>caligine</span> <span class='ocrx_word' id='word_1_330' title='bbox 857 2457 967 2496; x_wconf 91' lang='lat' dir='ltr'>haud</span> <span class='ocrx_word' id='word_1_331' title='bbox 990 2469 1077 2495; x_wconf 90' lang='lat' dir='ltr'>raro</span> <span class='ocrx_word' id='word_1_332' title='bbox 1098 2454 1192 2508; x_wconf 90' lang='lat' dir='ltr'>(nisi</span> <span class='ocrx_word' id='word_1_333' title='bbox 1211 2456 1342 2508; x_wconf 87' lang='lat' dir='ltr'>fallor)</span> <span class='ocrx_word' id='word_1_334' title='bbox 1362 2456 1607 2496; x_wconf 90' lang='lat' dir='ltr'>obscuratur.</span> <span class='ocrx_word' id='word_1_335' title='bbox 1669 2457 1776 2507; x_wconf 89' lang='lat' dir='ltr'>Ergo</span> <span class='ocrx_word' id='word_1_336' title='bbox 1802 2456 1988 2496; x_wconf 89' lang='lat' dir='ltr'>tenebras</span> <span class='ocrx_word' id='word_1_337' title='bbox 2012 2456 2115 2497; x_wconf 90' lang='lat' dir='ltr'>inter</span> <span class='ocrx_word' id='word_1_338' title='bbox 2139 2464 2270 2497; x_wconf 90' lang='lat' dir='ltr'>tantas</span> 
     </span>
     <span class='ocr_line' id='line_1_34' title="bbox 235 2517 2270 2570; baseline 0 -12"><span class='ocrx_word' id='word_1_339' title='bbox 235 2517 337 2558; x_wconf 87' lang='lat' dir='ltr'>lueis</span> <span class='ocrx_word' id='word_1_340' title='bbox 369 2517 529 2558; x_wconf 89' lang='lat' dir='ltr'>divinae</span> <span class='ocrx_word' id='word_1_341' title='bbox 560 2517 740 2558; x_wconf 90' lang='lat' dir='ltr'>minister</span> <span class='ocrx_word' id='word_1_342' title='bbox 770 2517 1024 2566; x_wconf 86' lang='lat' dir='ltr'>constitutus,</span> <span class='ocrx_word' id='word_1_343' title='bbox 1059 2518 1180 2557; x_wconf 89' lang='lat' dir='ltr'>etiarn</span> <span class='ocrx_word' id='word_1_344' title='bbox 1211 2518 1332 2557; x_wconf 90' lang='lat' dir='ltr'>sacris</span> <span class='ocrx_word' id='word_1_345' title='bbox 1366 2518 1407 2557; x_wconf 89' lang='lat' dir='ltr'>in</span> <span class='ocrx_word' id='word_1_346' title='bbox 1441 2518 1560 2558; x_wconf 91' lang='lat' dir='ltr'>rebus</span> <span class='ocrx_word' id='word_1_347' title='bbox 1594 2525 1708 2558; x_wconf 90' lang='lat' dir='ltr'>vetus</span> <span class='ocrx_word' id='word_1_348' title='bbox 1746 2517 1845 2557; x_wconf 93' lang='lat' dir='ltr'>illud</span> <span class='ocrx_word' id='word_1_349' title='bbox 1877 2526 2136 2570; x_wconf 89' lang='lat' dir='ltr'>praeceptum</span> <span class='ocrx_word' id='word_1_350' title='bbox 2176 2527 2270 2559; x_wconf 89' lang='lat' dir='ltr'>ante</span> 
     </span>
     <span class='ocr_line' id='line_1_35' title="bbox 237 2579 2075 2632; baseline 0.001 -12"><span class='ocrx_word' id='word_1_351' title='bbox 237 2581 377 2620; x_wconf 93' lang='lat' dir='ltr'>oculos</span> <span class='ocrx_word' id='word_1_352' title='bbox 405 2579 628 2621; x_wconf 91' lang='lat' dir='ltr'>identidem</span> <span class='ocrx_word' id='word_1_353' title='bbox 658 2580 823 2620; x_wconf 90' lang='lat' dir='ltr'>habebit</span> <span class='ocrx_word' id='word_1_354' title='bbox 839 2585 914 2620; x_wconf 83' lang='lat'>:—‘</span> <span class='ocrx_word' id='word_1_355' title='bbox 930 2595 1011 2620; x_wconf 92' lang='lat' dir='ltr'>non</span> <span class='ocrx_word' id='word_1_356' title='bbox 1042 2582 1196 2620; x_wconf 88' lang='lat' dir='ltr'>fumum</span> <span class='ocrx_word' id='word_1_357' title='bbox 1226 2595 1249 2620; x_wconf 93' lang='lat' dir='ltr'>e</span> <span class='ocrx_word' id='word_1_358' title='bbox 1278 2582 1441 2632; x_wconf 88' lang='lat' dir='ltr'>fulgore,</span> <span class='ocrx_word' id='word_1_359' title='bbox 1474 2582 1546 2621; x_wconf 91' lang='lat' dir='ltr'>sed</span> <span class='ocrx_word' id='word_1_360' title='bbox 1575 2595 1597 2621; x_wconf 92' lang='lat' dir='ltr'>e</span> <span class='ocrx_word' id='word_1_361' title='bbox 1626 2582 1738 2620; x_wconf 88' lang='lat' dir='ltr'>furno</span> <span class='ocrx_word' id='word_1_362' title='bbox 1768 2582 1863 2621; x_wconf 93' lang='lat' dir='ltr'>dare</span> <span class='ocrx_word' id='word_1_363' title='bbox 1891 2583 2075 2621; x_wconf 83' lang='lat' dir='ltr'>lucem&#39;⁵.</span> 
     </span>
    </p>
   </div>
   <div class='ocr_carea' id='block_1_7' title="bbox 238 2642 2271 2746">
    <p class='ocr_par' dir='ltr' id='par_1_7' title="bbox 238 2642 2271 2746">
     <span class='ocr_line' id='line_1_36' title="bbox 345 2642 2271 2696; baseline 0.002 -14"><span class='ocrx_word' id='word_1_364' title='bbox 345 2642 475 2683; x_wconf 92' lang='lat' dir='ltr'>Vobis</span> <span class='ocrx_word' id='word_1_365' title='bbox 512 2651 724 2696; x_wconf 90' lang='lat' dir='ltr'>praesento</span> <span class='ocrx_word' id='word_1_366' title='bbox 762 2643 889 2683; x_wconf 89' lang='lat' dir='ltr'>virum</span> <span class='ocrx_word' id='word_1_367' title='bbox 928 2644 1162 2684; x_wconf 87' lang='lat' dir='ltr'>admodum</span> <span class='ocrx_word' id='word_1_368' title='bbox 1191 2645 1466 2692; x_wconf 89' lang='lat' dir='ltr'>reverendum,</span> <span class='ocrx_word' id='word_1_369' title='bbox 1505 2645 1711 2683; x_wconf 80' lang='lat' dir='ltr'>IOANNEM</span> <span class='ocrx_word' id='word_1_370' title='bbox 1751 2645 1909 2691; x_wconf 81' lang='lat' dir='ltr'>LLOYD,</span> <span class='ocrx_word' id='word_1_371' title='bbox 1945 2644 2181 2696; x_wconf 90' lang='lat' dir='ltr'>episcopum</span> <span class='ocrx_word' id='word_1_372' title='bbox 2219 2646 2271 2685; x_wconf 92' lang='lat' dir='ltr'>de</span> 
     </span>
     <span class='ocr_line' id='line_1_37' title="bbox 238 2705 434 2746; baseline -0.005 0"><span class='ocrx_word' id='word_1_373' title='bbox 238 2705 434 2746; x_wconf 85' lang='lat' dir='ltr'>Swansea.</span> 
     </span>
    </p>
   </div>
   <div class='ocr_carea' id='block_1_8' title="bbox 1055 2807 1451 2871">
    <p class='ocr_par' dir='ltr' id='par_1_8' title="bbox 1055 2807 1451 2871">
     <span class='ocr_line' id='line_1_38' title="bbox 1055 2807 1451 2871; baseline -0.003 -16"><span class='ocrx_word' id='word_1_374' title='bbox 1055 2823 1109 2855; x_wconf 91' lang='lat'>21</span> <span class='ocrx_word' id='word_1_375' title='bbox 1153 2807 1284 2871; x_wconf 88' lang='lat' dir='ltr'>May</span> <span class='ocrx_word' id='word_1_376' title='bbox 1333 2809 1451 2868; x_wconf 88' lang='lat'>1891</span> 
     </span>
    </p>
   </div>
   <div class='ocr_carea' id='block_1_9' title="bbox 237 2901 2273 3019">
    <p class='ocr_par' dir='ltr' id='par_1_9' title="bbox 237 2901 2273 3019">
     <span class='ocr_line' id='line_1_39' title="bbox 346 2901 2272 2954; baseline 0.003 -14"><span class='ocrx_word' id='word_1_377' title='bbox 346 2901 462 2954; x_wconf 87' lang='lat'>(172)</span> <span class='ocrx_word' id='word_1_378' title='bbox 492 2902 626 2952; x_wconf 83' lang='lat' dir='ltr'><strong>QUEM</strong></span> <span class='ocrx_word' id='word_1_379' title='bbox 661 2909 755 2943; x_wconf 91' lang='lat' dir='ltr'>ante</span> <span class='ocrx_word' id='word_1_380' title='bbox 783 2903 858 2942; x_wconf 91' lang='lat' dir='ltr'>hos</span> <span class='ocrx_word' id='word_1_381' title='bbox 889 2909 967 2942; x_wconf 94' lang='lat' dir='ltr'>tres</span> <span class='ocrx_word' id='word_1_382' title='bbox 1001 2915 1129 2942; x_wconf 92' lang='lat' dir='ltr'>annos</span> <span class='ocrx_word' id='word_1_383' title='bbox 1164 2902 1204 2942; x_wconf 95' lang='lat' dir='ltr'>in</span> <span class='ocrx_word' id='word_1_384' title='bbox 1234 2902 1434 2954; x_wconf 91' lang='lat' dir='ltr'>episcopis</span> <span class='ocrx_word' id='word_1_385' title='bbox 1468 2902 1672 2942; x_wconf 89' lang='lat' dir='ltr'>nonnullis</span> <span class='ocrx_word' id='word_1_386' title='bbox 1706 2902 1822 2943; x_wconf 91' lang='lat' dir='ltr'>titulo</span> <span class='ocrx_word' id='word_1_387' title='bbox 1856 2911 1993 2944; x_wconf 92' lang='lat' dir='ltr'>nostro</span> <span class='ocrx_word' id='word_1_388' title='bbox 2032 2905 2272 2946; x_wconf 89' lang='lat' dir='ltr'>decorandis</span> 
     </span>
     <span class='ocr_line' id='line_1_40' title="bbox 237 2962 2273 3019; baseline 0.003 -17"><span class='ocrx_word' id='word_1_389' title='bbox 237 2962 512 3015; x_wconf 88' lang='lat' dir='ltr'>imprudentes</span> <span class='ocrx_word' id='word_1_390' title='bbox 550 2963 898 3016; x_wconf 89' lang='lat' dir='ltr'>praetermisimus,</span> <span class='ocrx_word' id='word_1_391' title='bbox 932 2977 1024 3004; x_wconf 91' lang='lat' dir='ltr'>eum</span> <span class='ocrx_word' id='word_1_392' title='bbox 1063 2965 1186 3004; x_wconf 87' lang='lat' dir='ltr'>hodie</span> <span class='ocrx_word' id='word_1_393' title='bbox 1223 2966 1275 3005; x_wconf 92' lang='lat' dir='ltr'>ad</span> <span class='ocrx_word' id='word_1_394' title='bbox 1314 2978 1388 3004; x_wconf 90' lang='lat' dir='ltr'>nos</span> <span class='ocrx_word' id='word_1_395' title='bbox 1427 2963 1591 3005; x_wconf 91' lang='lat' dir='ltr'>feliciter</span> <span class='ocrx_word' id='word_1_396' title='bbox 1627 2965 1841 3005; x_wconf 89' lang='lat' dir='ltr'>advectum</span> <span class='ocrx_word' id='word_1_397' title='bbox 1881 2979 1963 3006; x_wconf 92' lang='lat' dir='ltr'>non</span> <span class='ocrx_word' id='word_1_398' title='bbox 2002 2967 2088 3007; x_wconf 91' lang='lat' dir='ltr'>sine</span> <span class='ocrx_word' id='word_1_399' title='bbox 2125 2967 2273 3019; x_wconf 89' lang='lat' dir='ltr'>gaudio</span> 
     </span>
    </p>
   </div>
   <div class='ocr_carea' id='block_1_10' title="bbox 240 3053 2278 3217">
    <p class='ocr_par' dir='ltr' id='par_1_10' title="bbox 240 3053 2278 3217">
     <span class='ocr_line' id='line_1_41' title="bbox 326 3053 2274 3100; baseline 0.003 -12"><span class='ocrx_word' id='word_1_400' title='bbox 326 3053 338 3074; x_wconf 81' lang='lat'>²</span> <span class='ocrx_word' id='word_1_401' title='bbox 361 3054 491 3094; x_wconf 88' lang='lat' dir='ltr'>Cicero,</span> <span class='ocrx_word' id='word_1_402' title='bbox 506 3061 571 3098; x_wconf 87' lang='lat' dir='ltr'>pro</span> <span class='ocrx_word' id='word_1_403' title='bbox 587 3056 701 3095; x_wconf 86' lang='lat' dir='ltr'>Sestio,</span> <span class='ocrx_word' id='word_1_404' title='bbox 719 3057 774 3098; x_wconf 86' lang='lat'>98.</span> <span class='ocrx_word' id='word_1_405' title='bbox 941 3055 956 3076; x_wconf 81' lang='lat'>²</span> <span class='ocrx_word' id='word_1_406' title='bbox 978 3057 1112 3100; x_wconf 86' lang='lat' dir='ltr'>George</span> <span class='ocrx_word' id='word_1_407' title='bbox 1129 3057 1245 3099; x_wconf 91' lang='lat' dir='ltr'>Davys</span> <span class='ocrx_word' id='word_1_408' title='bbox 1262 3056 1500 3100; x_wconf 89' lang='lat'>(1780-1864)‚</span> <span class='ocrx_word' id='word_1_409' title='bbox 1523 3057 1651 3090; x_wconf 89' lang='lat' dir='ltr'>Fellow</span> <span class='ocrx_word' id='word_1_410' title='bbox 1668 3058 1707 3090; x_wconf 86' lang='lat' dir='ltr'>os</span> <span class='ocrx_word' id='word_1_411' title='bbox 1718 3058 1873 3096; x_wconf 84' lang='lat' dir='ltr'>Christ’s‚</span> <span class='ocrx_word' id='word_1_412' title='bbox 1890 3063 1980 3092; x_wconf 80' lang='lat' dir='ltr'>tutor</span> <span class='ocrx_word' id='word_1_413' title='bbox 1995 3064 2031 3091; x_wconf 83' lang='lat' dir='ltr'>to</span> <span class='ocrx_word' id='word_1_414' title='bbox 2048 3059 2105 3092; x_wconf 91' lang='lat' dir='ltr'>the</span> <span class='ocrx_word' id='word_1_415' title='bbox 2122 3060 2274 3093; x_wconf 90' lang='lat' dir='ltr'>Princess</span> 
     </span>
     <span class='ocr_line' id='line_1_42' title="bbox 241 3097 2278 3147; baseline 0.003 -17"><span class='ocrx_word' id='word_1_416' title='bbox 241 3097 404 3137; x_wconf 82' lang='lat' dir='ltr'>Victoria,</span> <span class='ocrx_word' id='word_1_417' title='bbox 420 3100 582 3143; x_wconf 76' lang='lat'>1827-29,</span> <span class='ocrx_word' id='word_1_418' title='bbox 594 3100 662 3132; x_wconf 91' lang='lat' dir='ltr'>and</span> <span class='ocrx_word' id='word_1_419' title='bbox 678 3100 806 3143; x_wconf 87' lang='lat' dir='ltr'>Bishop</span> <span class='ocrx_word' id='word_1_420' title='bbox 823 3100 861 3132; x_wconf 86' lang='lat' dir='ltr'>of</span> <span class='ocrx_word' id='word_1_421' title='bbox 874 3101 1136 3143; x_wconf 79' lang='lat' dir='ltr'>Peterborough,</span> <span class='ocrx_word' id='word_1_422' title='bbox 1153 3101 1320 3144; x_wconf 82' lang='lat'><strong>1839—64;</strong></span> <span class='ocrx_word' id='word_1_423' title='bbox 1346 3102 1466 3133; x_wconf 90' lang='lat' dir='ltr'>author</span> <span class='ocrx_word' id='word_1_424' title='bbox 1483 3101 1521 3133; x_wconf 84' lang='lat' dir='ltr'>of</span> <span class='ocrx_word' id='word_1_425' title='bbox 1532 3104 1564 3134; x_wconf 88' lang='lat' dir='ltr'><em>A</em></span> <span class='ocrx_word' id='word_1_426' title='bbox 1583 3102 1688 3134; x_wconf 82' lang='lat' dir='ltr'>Plain</span> <span class='ocrx_word' id='word_1_427' title='bbox 1704 3103 1777 3134; x_wconf 84' lang='lat' dir='ltr'>and</span> <span class='ocrx_word' id='word_1_428' title='bbox 1789 3103 1890 3135; x_wconf 80' lang='lat' dir='ltr'><em>Short</em></span> <span class='ocrx_word' id='word_1_429' title='bbox 1905 3104 2048 3145; x_wconf 65' lang='lat' dir='ltr'>Histomae</span> <span class='ocrx_word' id='word_1_430' title='bbox 2062 3103 2278 3147; x_wconf 77' lang='lat' dir='ltr'>qungland</span> 
     </span>
     <span class='ocr_line' id='line_1_43' title="bbox 240 3140 2273 3217; baseline 0.003 -43"><span class='ocrx_word' id='word_1_431' title='bbox 240 3140 346 3217; x_wconf 60' lang='lat' dir='ltr'>gmbl.</span> <span class='ocrx_word' id='word_1_432' title='bbox 368 3142 476 3184; x_wconf 87' lang='lat'>1870).</span> <span class='ocrx_word' id='word_1_433' title='bbox 584 3142 598 3163; x_wconf 80' lang='lat'>³</span> <span class='ocrx_word' id='word_1_434' title='bbox 621 3143 762 3184; x_wconf 84' lang='lat' dir='ltr'>History</span> <span class='ocrx_word' id='word_1_435' title='bbox 776 3144 817 3186; x_wconf 87' lang='lat' dir='ltr'>of</span> <span class='ocrx_word' id='word_1_436' title='bbox 824 3144 878 3176; x_wconf 75' lang='lat' dir='ltr'>the</span> <span class='ocrx_word' id='word_1_437' title='bbox 891 3145 1023 3186; x_wconf 84' lang='lat' dir='ltr'>Papacy</span> <span class='ocrx_word' id='word_1_438' title='bbox 1038 3145 1170 3187; x_wconf 81' lang='lat' dir='ltr'>during</span> <span class='ocrx_word' id='word_1_439' title='bbox 1180 3146 1234 3177; x_wconf 61' lang='lat' dir='ltr'>tlte</span> <span class='ocrx_word' id='word_1_440' title='bbox 1247 3145 1371 3177; x_wconf 79' lang='lat' dir='ltr'>Pm‘od</span> <span class='ocrx_word' id='word_1_441' title='bbox 1381 3146 1422 3187; x_wconf 85' lang='lat' dir='ltr'>of</span> <span class='ocrx_word' id='word_1_442' title='bbox 1429 3145 1483 3177; x_wconf 80' lang='lat' dir='ltr'>the</span> <span class='ocrx_word' id='word_1_443' title='bbox 1498 3145 1740 3188; x_wconf 84' lang='lat' dir='ltr'>Reformation,</span> <span class='ocrx_word' id='word_1_444' title='bbox 1764 3148 1923 3190; x_wconf 84' lang='lat'>1882—94.</span> <span class='ocrx_word' id='word_1_445' title='bbox 2028 3146 2042 3167; x_wconf 80' lang='lat'><strong>⁴</strong></span> <span class='ocrx_word' id='word_1_446' title='bbox 2063 3158 2122 3189; x_wconf 68' lang='lat' dir='ltr'>eg.</span> <span class='ocrx_word' id='word_1_447' title='bbox 2140 3148 2273 3190; x_wconf 87' lang='lat' dir='ltr'>George</span> 
     </span>
    </p>
   </div>
   <div class='ocr_carea' id='block_1_11' title="bbox 237 3186 2269 3272">
    <p class='ocr_par' dir='ltr' id='par_1_11' title="bbox 237 3186 2269 3272">
     <span class='ocr_line' id='line_1_44' title="bbox 269 3186 2269 3234; baseline 0.003 -16"><span class='ocrx_word' id='word_1_448' title='bbox 269 3186 366 3225; x_wconf 85' lang='lat' dir='ltr'>utler,</span> <span class='ocrx_word' id='word_1_449' title='bbox 394 3186 491 3219; x_wconf 78' lang='lat' dir='ltr'>Dean</span> <span class='ocrx_word' id='word_1_450' title='bbox 512 3186 551 3218; x_wconf 86' lang='lat' dir='ltr'>of</span> <span class='ocrx_word' id='word_1_451' title='bbox 572 3187 834 3229; x_wconf 72' lang='lat' dir='ltr'>Peterbmough,</span> <span class='ocrx_word' id='word_1_452' title='bbox 858 3187 943 3219; x_wconf 87' lang='lat' dir='ltr'>from</span> <span class='ocrx_word' id='word_1_453' title='bbox 971 3190 1074 3229; x_wconf 76' lang='lat'>18423</span> <span class='ocrx_word' id='word_1_454' title='bbox 1108 3189 1173 3220; x_wconf 85' lang='lat' dir='ltr'>and</span> <span class='ocrx_word' id='word_1_455' title='bbox 1200 3189 1325 3221; x_wconf 85' lang='lat' dir='ltr'>Robert</span> <span class='ocrx_word' id='word_1_456' title='bbox 1350 3189 1522 3231; x_wconf 82' lang='lat' dir='ltr'>Machray,</span> <span class='ocrx_word' id='word_1_457' title='bbox 1550 3189 1677 3232; x_wconf 82' lang='lat' dir='ltr'>Bishop</span> <span class='ocrx_word' id='word_1_458' title='bbox 1697 3190 1735 3222; x_wconf 78' lang='lat' dir='ltr'>os</span> <span class='ocrx_word' id='word_1_459' title='bbox 1754 3190 1911 3234; x_wconf 88' lang='lat' dir='ltr'>Rupert&#39;s</span> <span class='ocrx_word' id='word_1_460' title='bbox 1936 3190 2044 3230; x_wconf 80' lang='lat' dir='ltr'>Land,</span> <span class='ocrx_word' id='word_1_461' title='bbox 2064 3191 2149 3223; x_wconf 92' lang='lat' dir='ltr'>from</span> <span class='ocrx_word' id='word_1_462' title='bbox 2178 3191 2269 3233; x_wconf 84' lang='lat'>1865.</span> 
     </span>
     <span class='ocr_line' id='line_1_45' title="bbox 237 3228 760 3272; baseline 0.002 -10"><span class='ocrx_word' id='word_1_463' title='bbox 237 3228 252 3249; x_wconf 78' lang='lat'>⁵</span> <span class='ocrx_word' id='word_1_464' title='bbox 276 3230 422 3269; x_wconf 84' lang='lat' dir='ltr'>Horace,</span> <span class='ocrx_word' id='word_1_465' title='bbox 441 3232 512 3262; x_wconf 86' lang='lat' dir='ltr'>Ars</span> <span class='ocrx_word' id='word_1_466' title='bbox 531 3231 670 3268; x_wconf 63' lang='lat' dir='ltr'>Pok&#39;tz‘ca,</span> <span class='ocrx_word' id='word_1_467' title='bbox 691 3241 760 3272; x_wconf 82' lang='lat'>143.</span> 
     </span>
    </p>
   </div>
   <div class='ocr_carea' id='block_1_12' title="bbox 1232 3308 1281 3357">
    <p class='ocr_par' dir='ltr' id='par_1_12' title="bbox 1232 3308 1281 3357">
     <span class='ocr_line' id='line_1_46' title="bbox 1232 3308 1281 3357; baseline 0 0"><span class='ocrx_word' id='word_1_468' title='bbox 1232 3308 1281 3357; x_wconf 85' lang='lat'>87</span> 
     </span>
    </p>
   </div>
  </div>
 </body>
</html>
