2704 3770
500 306 552 355 T
544 305 604 355 lte
639 303 960 369 Maharajalz
994 302 1061 367 of
1081 302 1405 367 Bhaonagar.
1478 302 1630 351 Lord
1656 303 1939 352 Hersclzell.

195 451 373 505 insignis,
402 451 474 492 uni
503 463 552 492 ex
581 450 754 491 alumnis
785 449 931 491 nostris
963 449 1122 490 oblatus
1156 455 1227 496 est,
1257 447 1342 488 viro
1373 446 1585 499 disciplina
1616 447 1899 488 mathematica
1930 448 2026 488 olim
2055 451 2225 498 exculto,

196 515 283 557 viro
303 522 446 568 postea
469 514 512 555 in
537 514 742 555 laboribus
769 513 890 554 sacris
913 512 983 554 diu
1010 511 1191 565 probato.
1251 510 1392 561 Qualis
1418 517 1552 550 autem
1573 511 1614 549 in
1635 522 1800 550 munere
1820 523 1933 550 sacro
1955 510 2031 550 sibi
2054 511 2226 562 primum

197 578 351 620 credito
376 577 624 630 perficiendo
649 577 778 625 fuerit,
806 583 1002 618 testantur
1026 574 1211 616 aedificia
1235 573 1406 625 plurima
1430 573 1535 613 intra
1559 572 1698 624 viginti
1720 585 1917 613 annorum
1938 573 2123 625 spatium,
2145 573 2227 613 sive

197 639 323 682 cultui
349 640 488 682 divino
513 640 769 688 celebrando,
791 639 874 680 sive
896 637 1089 692 pueritiae
1109 636 1365 684 erudiendae,
1387 635 1470 676 sive
1492 635 1592 676 alios
1617 634 1659 675 in
1681 647 1777 675 usus
1803 636 1990 686 optimos,
2012 635 2228 675 dedicata1.

199 704 318 744 Haec
349 717 445 744 vero
477 703 626 753 omnia,
657 716 762 755 quae
794 701 941 743 totiens
971 707 1132 753 rogatus
1164 701 1346 740 deserere
1379 699 1554 747 nolebat,
1585 711 1695 738 nune
1728 699 1907 747 tandem,
1936 698 2079 749 synodi
2108 697 2231 738 totius

197 765 392 819 suffragiis
422 764 623 806 unanimis
655 772 763 805 trans
801 777 1000 805 oceanum
1033 769 1211 812 vocatus,
1247 774 1330 801 non
1361 760 1448 801 sine
1481 760 1682 802 desiderio
1720 760 1889 812 reliquit.
1950 762 1985 799 E
2018 759 2231 812 praeterito

197 834 335 868 tamen
367 827 472 868 vitae
501 840 620 867 cursu
646 826 745 866 illud
776 827 917 866 saltem
940 825 1033 866 licet
1061 825 1313 865 confidenter
1344 824 1538 875 augurari,
1568 822 1679 862 illum
1710 821 1781 874 qui
1811 835 1930 874 super
1958 835 2087 874 pauca
2115 821 2231 862 fuerit

198 888 342 938 fidelis,
356 888 477 930 etiam
498 902 618 941 super
637 889 763 928 multa
781 885 1055 940 praepositum
1075 885 1161 926 sine
1181 885 1308 926 dubio
1326 897 1410 925 non
1432 884 1564 924 minus
1584 884 1747 924 fidelem
1766 883 1860 924 fore.
1922 885 2028 935 Ergo
2048 896 2131 923 non
2144 882 2230 924 sine

197 951 387 1004 auspiciis
411 951 585 1004 optimis,
607 951 711 991 inter
735 950 957 991 amicorum
981 949 1164 990 omnium
1189 955 1293 997 vota,
1314 949 1524 989 alumnum
1547 955 1728 988 nostrum
1752 947 1794 987 in
1812 946 2059 1000 provinciam
2083 959 2229 987 novam

197 1014 419 1056 rediturum
438 1022 479 1055 et
497 1016 648 1055 salvere
666 1013 789 1054 hodie
809 1021 849 1054 et
867 1014 998 1061 valere
1017 1026 1066 1053 ex
1084 1011 1222 1052 animo
1240 1011 1437 1052 iubemus.

307 1079 428 1119 Duoo
459 1078 513 1119 ad
545 1090 617 1118 vos
647 1076 838 1129 Corporis
871 1075 1022 1118 Christi
1052 1074 1223 1128 Collegii
1253 1076 1461 1127 quondam
1496 1075 1740 1124 Scholarem,
1774 1075 1997 1114 ANDREAM
2037 1074 2231 1113 HUNTER

200 1140 349 1190 Dmm,
378 1139 616 1194 episcopum
645 1140 698 1181 de
727 1139 908 1190 Quebec.

1021 1312 1077 1359 13
1103 1297 1247 1362 June
1287 1298 1412 1358 1893

307 1416 422 1472 (210)
457 1417 672 1457 FLufflms
698 1415 793 1457 Indi
818 1417 921 1456 ultra
946 1415 1058 1464 ostia,
1082 1415 1237 1456 Oceani
1261 1414 1394 1456 Indici
1412 1414 1454 1454 in
1474 1416 1622 1467 angulo
1642 1422 1811 1465 remoto,
1831 1414 1954 1467 surgit
1973 1414 2076 1456 inter
2100 1416 2232 1457 undas

199 1480 310 1534 regio
333 1487 394 1521 ter
415 1478 520 1528 felix,
547 1492 631 1519 non
662 1479 787 1519 modo
815 1478 966 1518 viarum
996 1477 1111 1529 quasi
1136 1477 1287 1518 catenis
1316 1476 1450 1518 ferreis
1478 1490 1571 1517 cum
1600 1477 1769 1530 imperio
1797 1484 1935 1518 nostro
1965 1477 2110 1518 Indico
2138 1490 2232 1518 con-

201 1545 352 1594 iuncta,
389 1543 463 1584 sed
500 1542 622 1583 etiam
658 1541 859 1582 amicitiae
895 1541 1064 1582 vinculis
1101 1540 1338 1581 firmissimis
1375 1540 1588 1581 nobiscum
1630 1540 1873 1581 consociata.
1944 1541 2073 1581 Adest
2110 1540 2233 1582 hodie

201 1605 375 1660 regionis
393 1605 500 1646 illius
518 1619 585 1646 rex
604 1604 904 1654 illustrissimus,
925 1604 983 1644 vir
1001 1603 1170 1656 imperio
1189 1611 1327 1644 nostro
1352 1603 1454 1644 inter
1480 1604 1607 1644 Indos
1630 1603 1898 1654 fidelissimus,
1919 1604 2000 1656 qui,
2022 1617 2105 1645 non
2125 1603 2234 1644 bello

203 1676 360 1710 tantum
379 1675 554 1721 paratus,
574 1674 756 1708 nostrum
776 1666 818 1707 in
838 1680 954 1707 usum
975 1666 1112 1719 copias
1130 1665 1338 1706 auxiliares
1357 1667 1462 1707 ultro
1482 1665 1751 1718 comparavit3
1780 1668 1851 1707 sed
1871 1666 1980 1718 pacis
2003 1679 2166 1718 quoque
2191 1665 2234 1706 in

202 1730 355 1772 artibus
378 1729 556 1782 insignis,
578 1743 652 1770 suo
677 1728 720 1769 in
742 1741 867 1781 regno
889 1727 975 1768 iura
993 1735 1034 1769 et
1052 1729 1159 1780 leges
1178 1728 1220 1767 in
1239 1729 1394 1768 honore
1413 1741 1501 1768 esse
1520 1727 1658 1777 iussit;
1685 1728 1975 1779 aegrotantium
1995 1729 2048 1768 ad
2073 1729 2233 1769 dolores

201 1793 396 1835 levandos
420 1793 530 1833 velut
561 1791 638 1845 ipsi
666 1790 792 1832 Saluti
820 1791 1016 1843 templum
1050 1790 1275 1840 dedicavit;
1312 1790 1450 1843 populi
1485 1789 1608 1831 totius
1640 1789 1682 1829 in
1720 1791 1982 1830 commodum
2013 1790 2232 1831 litterarum

204 1854 338 1897 studia
355 1854 508 1908 ubique
530 1853 629 1896 fovit
641 1869 653 1905 ;
680 1853 825 1895 artium
851 1854 1028 1906 denique
1051 1861 1091 1894 et
1117 1854 1371 1894 scientiarum
1398 1853 1660 1894 Academiam
1686 1853 1903 1902 constituit,
1925 1867 2059 1905 quam,
2081 1854 2237 1907 imperii

201 1917 334 1968 nostri
351 1931 446 1959 cum
474 1917 746 1960 Universitate
771 1916 902 1957 vicina
930 1917 1092 1957 foedere
1117 1918 1295 1969 quodam
1318 1916 1603 1966 consociatam,
1626 1919 1734 1958 velut
1756 1917 1901 1958 sororis
1927 1924 2086 1958 nostrae
2111 1917 2232 1958 filiam

199 1979 372 2023 libenter
389 1981 637 2022 salutamus2.
697 1981 815 2020 Iuvat
837 1993 971 2032 regem
995 1981 1046 2020 de
1065 1982 1218 2032 populo
1242 1993 1316 2021 suo
1335 1980 1559 2021 erudiendo
1582 1988 1664 2021 tam
1688 1983 1888 2034 praeclare
1911 1981 2097 2022 meritum
2117 1981 2235 2022 titulo

199 2043 450 2093 Academico
482 2042 605 2084 hodie
638 2044 840 2084 decorare.
898 2043 1016 2082 Iuvat
1049 2042 1170 2082 etiam
1204 2056 1330 2083 unum
1359 2057 1382 2083 e
1410 2042 1671 2096 popularibus
1699 2043 1785 2084 eius
1814 2043 1856 2084 in
1889 2045 1987 2084 ludo
2020 2044 2235 2097 campestri

201 2106 399 2160 insignem
428 2105 533 2148 inter
559 2108 746 2147 alumnos
774 2113 932 2146 nostros
961 2107 1203 2147 numerare³.

310 2171 430 2211 Duco
467 2170 521 2211 ad
556 2183 629 2210 vos
666 2170 805 2210 stellae
843 2169 1010 2210 Indicae
1048 2169 1200 2210 ordinis
1238 2169 1355 2222 primi
1398 2143 1576 2223 equitem
1618 2170 1938 2221 illustrissimum,
1981 2173 2135 2223 Regem
2183 2172 2235 2212 de

203 2234 489 2274 Ennomon.

311 2385 426 2440 (211)
468 2387 639 2440 Angliae
676 2387 798 2428 totius
837 2387 1143 2437 CanceIIarium,
1176 2388 1303 2428 virum
1342 2388 1436 2429 iuris
1474 2389 1770 2442 peritissimum,
1806 2392 1977 2432 Senatus
2016 2390 2236 2431 Britannici

202 2448 335 2491 ordini
372 2449 567 2502 superiori
598 2449 884 2502 praepositum,
915 2450 1031 2490 titulo
1063 2450 1252 2490 Doctoris
1281 2451 1323 2490 in
1353 2452 1446 2492 Iure
1479 2466 1567 2493 esse
1601 2452 1880 2505 dignissimum
1910 2467 2032 2494 nemo
2060 2453 2234 2505 negabit.

204 2512 375 2553 Gratum
394 2510 653 2560 Academiae,
676 2512 788 2563 quod
808 2511 880 2551 viri
899 2513 1065 2552 huiusce
1085 2512 1316 2563 praesertim
1337 2526 1459 2565 opera
1478 2527 1587 2555 anno
1606 2514 1788 2566 proximo
1807 2517 1870 2556 lex
1889 2517 2040 2568 perlata
2065 2522 2135 2564 est,
2158 2528 2238 2567 qua

202 2575 389 2617 iuventus
407 2582 544 2616 nostra
561 2577 856 2617 faeneratorum
875 2576 928 2616 ab
947 2576 1103 2616 insidiis
1123 2576 1266 2617 melius
1286 2578 1452 2617 defensa
1471 2578 1561 2618 est⁴.
1620 2579 1789 2619 Gratum
1809 2579 1970 2631 patriae,
1988 2580 2099 2631 quod
2113 2578 2235 2626 idem,

203 2651 288 2679 non
307 2638 433 2678 modo
451 2637 622 2691 Angliae
640 2638 796 2691 legibus
815 2638 988 2679 ferendis
1008 2652 1081 2690 pro
1099 2638 1200 2678 virili
1219 2646 1331 2691 parte
1353 2639 1541 2691 invigilat,
1563 2641 1636 2680 sed
1660 2642 1781 2681 etiam
1808 2647 1915 2681 trans
1941 2640 2065 2681 maria
2091 2654 2236 2693 magna

202 2699 282 2741 late
309 2699 557 2753 prospiciens
586 2700 742 2753 imperii
769 2700 891 2741 totius
920 2701 1147 2741 commodis
1176 2700 1347 2741 inservit.
1407 2703 1558 2754 Nuper,
1589 2702 1631 2741 in
1660 2703 1759 2743 urbe
1787 2704 1899 2755 quod
1927 2702 2082 2755 imperii
2111 2703 2236 2743 nostri

203 2770 325 2816 oeput
361 2770 432 2813 est,
467 2763 520 2804 ab
557 2763 645 2816 ipsa
678 2763 835 2816 Regina
868 2765 1063 2816 templum
1098 2765 1305 2816 quoddam
1339 2765 1571 2805 dedicatum
1604 2774 1674 2815 est,
1711 2768 1822 2819 quod
1855 2766 1897 2806 in
1929 2774 2135 2818 posterum
2174 2768 2236 2818 (ut

203 2824 427 2879 speramus)
447 2832 488 2866 et
517 2827 660 2867 Indiae
688 2833 827 2878 gentes
854 2833 894 2866 et
921 2826 1106 2866 coloniae
1133 2834 1292 2866 nostrae
1321 2826 1610 2868 remotissimae
1634 2829 1742 2868 velut
1767 2827 1921 2880 imperii
1947 2828 2070 2868 totius
2098 2829 2234 2869 focum

202 2886 445 2939 respicient&
516 2889 566 2928 In
608 2890 761 2940 templo
807 2888 876 2928 illo
919 2887 1115 2940 Principis
1157 2888 1280 2929 nostri
1323 2889 1512 2941 auspiciis
1554 2890 1820 2938 aedificando,
1860 2899 2002 2931 notum
2045 2891 2235 2932 omnibus

203 2956 402 3001 quantum
432 2949 629 2990 valuerint
658 2958 745 2990 tum
777 2949 947 2991 aliorum
981 2950 1196 3003 insignium
1229 2950 1404 2991 virorum
1437 2951 1615 3001 consilia,
1650 2966 1822 3004 quorum
1855 2966 1878 2993 e
1911 2966 2080 2993 numero
2108 2966 2235 2993 unum

289 3053 303 3075 ²
325 3054 426 3089 Vicat
441 3054 480 3088 of
491 3055 551 3088 All
567 3055 692 3096 saints,
711 3055 748 3089 S.
764 3056 888 3096 Acton,
912 3057 1072 3100 ¹87²-92·
1325 3054 1341 3076 ²
1362 3056 1420 3089 An
1437 3057 1519 3089 Arts
1535 3057 1674 3100 College
1689 3057 1848 3091 affiliated
1864 3062 1900 3090 to
1916 3058 1974 3090 the
1991 3058 2185 3100 University
2200 3057 2238 3090 of

201 3097 367 3141 Bombay.
483 3097 498 3119 ⁸
522 3099 639 3133 Prince
655 3099 870 3142 Ranjitsinhj
861 3111 884 3134 ι.
1001 3098 1015 3120 ⁴
1038 3100 1113 3133 The
1129 3101 1195 3133 Act
1211 3099 1304 3133 of818
1329 3103 1373 3132 ἰ’
1386 3106 1420 3133 to
1436 3101 1555 3134 render
1567 3101 1666 3144 penal
1683 3102 1740 3135 the
1756 3102 1896 3145 inciting
1912 3102 2035 3135 infants
2050 3108 2086 3135 to
2102 3102 2233 3144 betting

204 3152 244 3175 or
258 3142 431 3185 wagering
445 3153 484 3175 or
499 3143 691 3186 borrowing
705 3144 857 3186 money'.
990 3143 1004 3164 ⁶
1026 3144 1100 3177 The
1119 3144 1279 3186 Imperial
1315 3144 1462 3177 nstitute.

315 3224 346 3253 s.
369 3226 400 3254 s.
1181 3228 1254 3270 105
2077 3233 2125 3267 14
