2704 3770
557 330 708 384 Lord
734 330 948 383 Milner.
1021 329 1172 382 Lord
1203 327 1413 381 Curzon.
1488 326 1586 380 Sz‘r
1617 325 1855 380 Edward
1883 324 2004 394 Fry.

378 478 494 533 (446)
521 482 648 521 Adest
676 480 797 521 etiarn
825 482 924 520 alter
952 479 1133 519 eiusdem
1163 476 1455 525 Universitatis,
1484 476 1665 516 eiusdem
1695 474 1876 526 Collegii,
1903 476 2088 514 alumnus
2117 474 2294 526 insignis,

270 541 340 594 qui
364 541 477 583 domi
502 542 599 582 olim
626 550 828 595 spectatus
854 549 894 582 et
922 541 1126 594 probatus,
1147 539 1321 592 primum
1348 538 1390 578 in
1414 540 1599 590 Aegypto
1622 536 1773 577 aerario
1796 535 1959 588 publico
1979 536 2296 576 administrando

269 617 343 656 per
357 603 574 645 triennium
594 604 794 654 interfuit,
822 603 982 653 deinde,
1004 603 1045 642 in
1065 602 1232 655 patriam
1253 614 1443 649 reversus,
1464 599 1646 652 pecuniis
1666 599 1838 651 publicis
1858 598 2062 650 exigendis
2081 611 2151 650 per
2169 611 2298 638 annos

269 665 450 718 quinque
467 666 636 719 praefuit
650 681 662 717 3
689 666 876 718 denique,
893 666 1042 706 abhinc
1060 678 1190 705 annos
1204 665 1348 705 decem
1367 664 1420 703 ad
1435 662 1613 702 Africam
1629 662 1855 701 Australem
1871 667 2049 708 vocatus,
2066 659 2298 700 muneribus

270 727 437 780 magnis,
458 728 614 780 imperii
636 727 759 768 totius
786 727 1006 768 Britannici
1030 740 1178 778 magno
1201 739 1295 766 cum
1321 726 1462 773 fructu,
1490 737 1574 764 non
1601 723 1734 763 minus
1760 723 1977 774 prudenter
2003 735 2125 773 quam
2148 720 2299 761 fortiter

269 790 430 830 functus
448 797 520 831 est.
578 789 650 829 Vir
669 789 900 829 Britanniae
920 789 1042 829 totius
1060 788 1275 840 gratiarum
1290 787 1543 840 publicarum
1558 787 1712 825 honore
1728 784 1995 837 dignissimus,
2010 790 2110 834 quot
2124 782 2298 822 virorum

269 851 469 893 bonorum
489 851 630 892 merita
647 850 733 891 eius
751 851 1067 891 collaudantium
1082 850 1321 891 testimoniis
1336 848 1497 902 privatis
1512 847 1799 900 comprobatus
1814 854 1874 887 est
1890 845 1915 886 1¹
1966 847 2094 894 Idem,
2110 845 2151 884 in
2164 844 2299 884 libello

269 915 491 956 luculenter
513 916 753 966 conscripto,
774 914 947 966 Aegypti
972 914 1024 954 ab
1050 913 1192 966 Anglis
1221 912 1374 965 optime
1399 911 1739 952 administrandae
1765 909 1980 962 imaginem
2004 921 2127 960 quam
2153 921 2299 956 veram,

265 989 388 1030 quam
402 976 588 1025 vividam,
603 976 819 1017 delineavit
834 977 863 1016 1⁹
910 975 1191 1017 Universitatis
1205 975 1323 1027 igitur
1338 975 1460 1015 totius
1477 973 1652 1022 nomine,
1670 973 1799 1013 virum
1815 973 1867 1013 de
1881 971 2052 1024 imperio
2069 970 2300 1010 Britannico

267 1041 469 1093 praeclare
491 1040 689 1089 meritum,
711 1040 943 1092 Scipionem
966 1046 1149 1080 nostrum
1174 1038 1418 1087 Africanum,
1441 1039 1671 1085 salutamus,
1693 1036 1764 1089 qui
1789 1048 1873 1076 non
1897 1035 1977 1076 iam
2000 1033 2176 1075 ‘domita
2189 1034 2209 1082 ’,
2230 1033 2302 1073 sed

268 1102 374 1144 bene
391 1102 669 1143 administrata
690 1105 863 1143 ‘nomen
882 1103 934 1142 ab
954 1101 1090 1142 Africa
1107 1103 1283 1142 lucratus
1303 1100 1420 1141 rediit
1433 1101 1474 1139 ’³.

379 1167 498 1207 Duco
516 1167 570 1207 ad
588 1179 660 1207 vos
678 1165 807 1207 virum
826 1166 1051 1207 admodum
1072 1164 1362 1213 honorabilem,
1385 1165 1692 1204 Vrcsscom‘rEM
1715 1163 1909 1202 Mamm.

375 1271 491 1326 (447)
537 1273 721 1326 Assurgit
766 1274 972 1326 proximus
1020 1271 1302 1314 Universitatis
1349 1269 1603 1319 Oxoniensis,
1653 1267 1798 1309 sororis
1846 1275 2006 1308 nostrae
2052 1264 2301 1314 venerabilis,

268 1336 553 1387 cancellarius,
602 1337 672 1390 qui
718 1337 894 1390 primum
941 1337 1045 1377 inter
1092 1337 1320 1376 Etonenses
1367 1335 1577 1383 educatus,
1622 1332 1771 1374 deinde
1818 1331 2004 1383 praemiis
2051 1330 2093 1370 in
2139 1328 2304 1369 historia

267 1400 524 1441 Academicis
552 1408 728 1450 omatus,
757 1408 898 1453 postea
926 1413 1009 1441 non
1040 1401 1165 1440 modo
1194 1398 1338 1439 Indiae
1367 1399 1439 1438 sed
1467 1397 1588 1438 etiam
1618 1410 1749 1437 rerum
1779 1402 1999 1436 exterarum
2029 1394 2070 1434 in
2100 1392 2305 1446 provincia

267 1463 584 1505 administranda
614 1463 727 1504 domi
757 1471 971 1516 spectatus,
1004 1463 1125 1503 Asiae
1158 1470 1266 1502 trans
1300 1469 1454 1514 partem
1489 1474 1675 1513 magnam
1706 1460 1760 1500 ab
1787 1459 1956 1511 imperio
1985 1457 2146 1499 Persico
2175 1469 2304 1508 usque

268 1527 322 1567 ad
340 1525 497 1579 imperii
523 1525 701 1566 Sinensis
726 1527 826 1566 fines
852 1525 1016 1566 ultimos
1039 1524 1180 1565 itinera
1199 1537 1345 1576 magna
1371 1522 1555 1572 confecit,
1577 1523 1763 1563 confecta
1787 1521 2004 1561 litterarum
2032 1517 2304 1560 monumentis

269 1589 361 1630 stilo
397 1589 535 1630 lucido
572 1589 748 1630 conditis
779 1589 1111 1630 commendavit⁴.
1170 1589 1247 1628 Per
1276 1600 1406 1628 annos
1439 1585 1658 1627 duodecim
1691 1586 1794 1625 inter
1833 1583 2063 1624 Britanniae
2100 1590 2304 1623 senatores

268 1654 431 1702 electus,
462 1652 655 1704 deinceps
687 1666 758 1705 per
790 1652 1047 1705 septennium
1080 1652 1328 1704 praeclarum
1365 1650 1486 1703 Regis
1519 1649 1645 1690 nostri
1673 1648 1840 1689 vicarius
1869 1648 2029 1688 illustris
2060 1647 2203 1687 Indiae
2231 1646 2305 1686 toti

267 1716 553 1768 gubernandae
572 1729 666 1756 cum
686 1717 806 1756 laude
825 1715 995 1767 plurima
1014 1714 1194 1767 praefuit.
1254 1714 1335 1764 Qui
1357 1713 1500 1754 Indiae
1514 1712 1902 1753 administrationem
1923 1725 2036 1752 suam
2056 1709 2304 1751 orationibus

268 1779 449 1832 plurimis
485 1787 526 1820 et
556 1778 722 1820 feliciter
753 1779 961 1819 illustravit
993 1786 1034 1819 et
1066 1778 1219 1818 fortiter
1251 1777 1497 1825 vindicavit⁵,
1532 1777 1644 1816 nullo
1676 1776 1756 1816 alio
1789 1789 1911 1828 quarn
1942 1774 2108 1816 oratoris
2142 1772 2304 1813 maximi

270 1841 448 1882 Romani
469 1841 686 1893 praeconio
709 1840 854 1893 dignus
877 1848 948 1881 est.
1011 1843 1020 1861 ‘
1033 1839 1144 1890 Quid
1166 1847 1303 1880 autem
1316 1841 1325 1858 ’
1346 1839 1407 1892 (ut
1426 1838 1594 1879 oratoris
1613 1837 1718 1878 illius
1738 1837 1868 1878 verbis
1888 1837 1992 1890 utar)
2015 1835 2197 1888 ‘reperiri
2221 1843 2303 1875 tam

269 1903 460 1945 eximium
505 1911 575 1944 aut
621 1911 704 1943 tam
751 1904 1023 1956 expetendum
1070 1910 1214 1955 potest,
1254 1916 1376 1954 quam
1414 1902 1532 1942 istam
1570 1901 1768 1950 virtutem,
1811 1900 2128 1941 moderationem
2166 1898 2301 1948 animi,

269 1965 574 2018 temperantiam
608 1978 692 2005 non
721 1966 843 2006 latere
871 1965 913 2005 in
942 1965 1119 2005 tenebris
1152 1977 1285 2016 neque
1313 1977 1402 2004 esse
1434 1963 1626 2012 abditam,
1658 1964 1730 2003 sed
1758 1962 1801 2002 in
1829 1964 1919 2003 luce
1945 1962 2076 2011 Asiae,
2107 1961 2149 2001 in
2178 1960 2305 2001 oculis

267 2029 508 2070 clarissimae
534 2029 763 2082 provinciae
791 2037 913 2081 atque
941 2028 983 2068 in
1011 2028 1174 2069 auribus
1204 2027 1388 2068 omnium
1415 2027 1597 2080 gentium
1625 2041 1673 2067 ac
1702 2027 1913 2067 nationum
1942 2040 2030 2066 esse
2059 2025 2305 2078 positam?’⁶

269 2092 420 2134 ‘Simul
438 2092 560 2134 etiam
579 2093 701 2133 illud'
722 2092 841 2133 India
862 2092 1043 2144 ‘cogitet‚
1065 2093 1218 2132 nullam
1237 2091 1290 2131 ab
1313 2105 1356 2131 se
1380 2104 1513 2143 neque
1537 2090 1631 2131 belli
1654 2090 1806 2131 externi
1832 2103 1965 2142 neque
1991 2088 2303 2130 domesticarum

268 2155 558 2197 discordiarum
578 2155 848 2196 calamitatem
867 2157 1066 2196 afuturam
1086 2155 1219 2203 fuisse,
1241 2154 1274 2195 si
1293 2156 1373 2195 hoc
1392 2154 1561 2207 imperio
1582 2168 1665 2194 non
1685 2162 1887 2194 teneretur
1899 2155 1938 2194 ’⁷.

379 2221 500 2261 Duco
517 2221 571 2261 ad
590 2234 662 2260 vos
682 2219 810 2260 virum
829 2220 1052 2260 admodum
1073 2218 1364 2267 honorabilem,
1387 2219 1605 2258 BARONEM
1627 2219 1819 2259 CURzoN.

378 2336 494 2390 (448)
531 2337 674 2377 Virum
707 2350 842 2377 revera
874 2337 1143 2377 venerabilem
1177 2336 1300 2377 hodie
1333 2349 1475 2376 omnes
1513 2335 1770 2376 veneratione
1803 2334 1999 2387 imprimis
2036 2334 2174 2375 debita
2211 2347 2306 2374 con-

269 2400 522 2452 templamur.
580 2400 807 2439 Salutamus
830 2406 870 2438 et
895 2398 1175 2439 Universitatis
1203 2397 1489 2438 Londiniensis
1512 2404 1552 2437 et
1579 2397 1730 2449 Regiae
1755 2397 1966 2438 Societatis
1992 2404 2032 2437 et
2058 2396 2305 2437 Academiae

271 2462 526 2504 Britannicae
554 2464 709 2503 socium
738 2462 948 2514 insignem,
979 2475 1051 2514 per
1079 2475 1209 2502 annos
1242 2461 1475 2513 quindecim
1505 2462 1602 2501 olim
1631 2460 1807 2501 iudicem
1836 2460 2146 2512 integerrimum,
2176 2459 2303 2499 virum

269 2527 312 2568 in
338 2526 526 2567 historiae
553 2526 808 2567 Britannicae
833 2525 1012 2566 fontibus
1035 2524 1263 2577 aperiendis
1289 2524 1358 2565 diu
1384 2531 1595 2572 versatum,
1620 2523 1843 2563 Hiberniae
1871 2524 1924 2563 de
1949 2522 2103 2574 legibus
2131 2523 2303 2574 agrariis,

271 2590 494 2631 Hiberniae
522 2591 575 2630 de
604 2589 745 2631 studiis
774 2588 1030 2630 Academicis
1059 2587 1383 2640 investigatorem
1412 2587 1731 2639 aequissimum⁸,
1761 2586 1830 2638 qui
1859 2594 1919 2626 tot
1947 2585 2305 2627 deliberationibus

269 2652 531 2706 praepositus,
552 2652 752 2693 comitatis
773 2665 954 2692 summae
974 2664 1132 2704 semper
1151 2651 1353 2702 exemplar
1372 2649 1531 2699 exstitit,
1553 2663 1636 2690 rem
1656 2662 1732 2689 acu
1753 2649 1976 2690 identidem
1996 2648 2136 2701 tetigit,
2156 2655 2305 2688 tactam

269 2716 401 2758 verbis
438 2715 541 2769 aptis
578 2723 619 2756 et
655 2715 800 2767 pressis
838 2715 1071 2756 enucleavit.
1132 2715 1250 2755 Idem
1288 2714 1468 2766 gentium
1508 2715 1695 2765 Europae
1735 2713 1838 2754 inter
1879 2713 2048 2754 arbitros
2090 2719 2306 2765 perpetuos

271 2785 515 2826 numeratus,
551 2791 680 2831 nuper
712 2777 829 2818 titulo
862 2790 970 2817 novo
1003 2778 1216 2817 decoratus
1249 2776 1388 2828 legatis
1419 2775 1564 2816 nostris
1593 2775 1756 2816 additus
1785 2782 1859 2825 est,
1887 2775 1969 2828 qui,
2000 2788 2093 2815 cum
2124 2774 2304 2826 gentium

358 2875 372 2896 ¹
396 2876 436 2908 In
457 2876 515 2908 the
537 2874 692 2918 previous
710 2885 856 2907 summer
879 2874 971 2907 Lord
994 2874 1119 2907 Milner
1137 2874 1205 2907 had
1227 2873 1392 2917 privately
1410 2874 1563 2907 received
1584 2874 1669 2906 from
1685 2884 1778 2906 more
1794 2873 1875 2906 than
1892 2882 2038 2915 37o,000
2054 2872 2093 2904 of
2109 2871 2162 2904 his
2177 2871 2303 2904 fellow·

271 2924 490 2962 countrymen
506 2930 526 2952 a
541 2918 746 2952 testimonial
762 2919 938 2961 recording
954 2919 1042 2951 their
1061 2918 1157 2961 ‘high
1174 2918 1404 2961 appreciation
1420 2918 1461 2950 os
1478 2918 1536 2951 the
1551 2918 1694 2951 services
1715 2916 1891 2950 rendered'
1909 2917 1953 2959 by
1969 2917 2039 2949 him
2058 2917 2108 2948 ‘in
2126 2915 2251 2953 Africa,
2268 2920 2304 2948 to

271 2964 329 2997 the
344 2963 467 2997 Crown
482 2963 549 2996 and
566 2963 623 2996 the
641 2963 794 3006 Empire’
813 2962 899 3003 (The
918 2963 1039 3002 Times,
1058 2972 1079 3006 9
1097 2963 1185 3004 Aug.
1207 2961 1315 3004 1906).
1458 2959 1472 2980 ²
1495 2962 1663 3004 England
1675 2962 1713 2994 in
1730 2960 1854 3003 Egypt,
1876 2963 1968 3003 1892.
2115 2959 2129 2979 ⁸
2153 2960 2302 2999 Horace,

274 3008 390 3041 Carm-
406 3007 439 3039 iv
456 3008 488 3047 8,
511 3016 561 3050 19.
663 3007 678 3027 ⁴
700 3006 827 3039 Russia
843 3007 882 3038 in
901 3007 1043 3038 Central
1056 3007 1142 3038 Asia
1159 3005 1286 3048 (1889),
1302 3006 1418 3038 Persia
1433 3006 1507 3037 and
1518 3006 1571 3037 tlte
1590 3005 1727 3038 Persian
1747 3005 1903 3046 Question
1915 3005 2041 3047 (1892),
2055 3003 2121 3035 and
2140 3003 2304 3035 Problems

271 3052 311 3084 in
328 3051 381 3084 the
395 3051 469 3084 Far
482 3051 572 3083 East
587 3048 713 3094 (1894).
900 3048 915 3071 ⁵
936 3051 1033 3083 Lord
1046 3051 1176 3083 Curzon
1195 3051 1232 3081 in
1247 3050 1350 3082 India
1369 3052 1401 3086 (a
1418 3049 1597 3082 collection
1614 3049 1652 3082 of
1664 3050 1728 3081 less
1744 3049 1825 3081 than
1842 3047 1885 3081 60
1901 3054 1958 3081 out
1975 3047 2013 3080 os
2024 3059 2044 3080 a
2061 3048 2144 3080 total
2160 3047 2199 3079 of
2210 3057 2304 3079 more

271 3095 353 3128 than
369 3105 435 3137 ‘²50
449 3094 610 3137 speeches
625 3094 796 3127 delivered
811 3094 846 3126 in
867 3093 1107 3137 1899—1905).
1284 3092 1298 3113 ⁶
1321 3093 1454 3133 Cicero,
1473 3094 1521 3125 ad
1535 3093 1703 3134 Quintum
1710 3092 1870 3135 fratrem,
1891 3100 1902 3124 1
1918 3092 1929 3124 i
1946 3101 1977 3135 9.
2148 3089 2163 3111 ⁷
2185 3091 2229 3123 ib.
2250 3101 2303 3132 34.

270 3136 286 3159 ⁸
308 3139 465 3172 Member
488 3138 527 3171 os
545 3138 602 3171 the
627 3138 810 3171 Historical
837 3138 929 3171 MSS
954 3137 1192 3176 Commission,
1217 3137 1284 3169 and
1310 3137 1492 3170 Chairman
1519 3136 1558 3169 of
1576 3136 1634 3170 the
1660 3137 1768 3179 Royal
1796 3136 2039 3169 Commissions
2064 3145 2109 3168 on
2136 3135 2193 3168 the
2218 3134 2305 3167 Irish

272 3182 370 3216 Laud
385 3183 479 3223 Acts,
498 3182 566 3215 and
581 3192 626 3214 on
643 3182 730 3214 Irish
748 3181 942 3224 University
958 3181 1158 3214 Education.

1251 3267 1328 3305 203
2064 3255 2194 3292 26——2
