2704 3770
1266 324 1407 374 Lora
1441 324 1704 390 Raylezsglz.

993 487 1084 526 Viro
1110 488 1427 527 Honorattksimo
1453 488 1602 526 Ioanni
1639 487 1826 526 W‘llelmo
1855 486 1991 525 Strutt

1207 559 1422 600 BARONJ
1463 558 1755 599 RAYl-ElGH

1114 624 1344 663 Academiae
1376 624 1616 663 Cancellario
1643 624 1839 674 designato

875 690 915 729 S.
946 690 994 728 P.
1025 690 1080 728 D.
1112 689 1443 728 Procancellan‘us
1472 689 1709 739 senatusque
1742 689 2082 739 Cantabrzgienszk.

586 768 702 822 (583)
732 771 1074 811 CANCELLARmM
1098 770 1308 822 optimum,
1329 771 1455 811 civem
1480 770 1629 822 patriae
1651 770 1979 821 amantissimum,
2002 771 2243 812 Academiae
2265 770 2487 823 praesidem

478 831 842 883 prudentissimum,
871 846 954 873 non
988 833 1072 873 sine
1101 835 1239 873 dolore
1271 841 1311 873 et
1341 833 1539 873 desiderio
1568 847 1695 885 nuper
1723 833 1939 884 amisimus,
1972 834 2042 885 qui
2072 835 2241 874 Senatus
2270 831 2488 874 Britannici

477 893 579 934 inter
615 894 718 935 viros
754 896 960 946 primarios
998 896 1067 936 diu
1105 896 1319 944 eminebat,
1358 895 1427 946 qui
1465 909 1622 936 summa
1658 896 1781 936 animi
1822 897 2046 937 constantia
2087 897 2300 949 praeditus,
2339 895 2488 948 patriae

478 955 684 996 universae
717 957 832 997 saluti
865 965 904 997 et
937 957 1091 1009 imperii
1124 957 1245 997 totius
1279 957 1502 998 commodis
1536 960 1735 1009 praeclare
1768 959 2014 1008 consulebat,
2047 959 2116 1010 qui
2148 959 2190 999 in
2227 957 2488 998 Academiam

479 1018 654 1069 denique
672 1018 756 1070 ipse
780 1019 1086 1068 liberalissimus,
1108 1019 1275 1060 aliorum
1298 1020 1339 1059 in
1364 1021 1495 1061 studia
1519 1028 1654 1061 nostra
1671 1021 1946 1062 liberalitatem
1970 1022 2238 1064 sollertissime
2261 1021 2491 1062 excitabat¹.

481 1081 606 1121 Ducis
639 1089 677 1121 et
707 1082 863 1133 patroni
895 1082 994 1122 tanti
1027 1083 1225 1133 praesidio
1258 1082 1409 1134 privati,
1441 1085 1493 1123 ad
1527 1091 1566 1123 te
1595 1084 1848 1135 potissimum
1878 1086 2141 1138 confugimus,
2172 1085 2298 1125 virum
2327 1090 2490 1136 propter

478 1142 674 1195 insignem
706 1144 829 1183 animi
862 1144 1137 1185 liberalitatem
1170 1152 1404 1196 spectatum,
1436 1146 1562 1185 virum
1600 1146 1853 1187 scientiarum
1890 1148 1931 1188 in
1969 1149 2174 1201 republica
2210 1146 2486 1199 conspicuum,

479 1205 605 1245 virum
625 1207 868 1247 Academiae
887 1207 1128 1259 experientia
1147 1208 1372 1259 probatum,
1393 1208 1461 1259 qui
1481 1208 1521 1247 in
1542 1208 1683 1249 studiis
1703 1210 1994 1251 mathematicis
2013 1213 2186 1252 honores
2201 1222 2378 1250 summos
2392 1208 2489 1249 olim

478 1268 658 1319 adeptus,
694 1276 833 1320 postea
872 1269 1106 1309 Professoris
1144 1269 1186 1309 in
1222 1283 1388 1309 munere
1425 1270 1616 1310 obeundo
1653 1284 1723 1322 per
1756 1271 2075 1323 quinquennium
2113 1272 2204 1312 felix
2236 1285 2324 1312 eam
2360 1270 2489 1322 ipsam

479 1327 666 1369 scientiae
685 1329 930 1380 provinciam
950 1330 1051 1370 inter
1073 1338 1231 1370 nosmet
1254 1330 1362 1381 ipsos
1386 1332 1606 1379 excolebas,
1629 1344 1731 1382 quae
1756 1323 2113 1373 Ducis‘Devoniae
2136 1332 2304 1383 septimi,
2326 1332 2491 1372 Cancel-

479 1389 563 1429 larii
582 1392 787 1441 quondam
807 1391 942 1439 nostri,
964 1405 1056 1431 cum
1076 1391 1311 1431 liberalitate
1330 1391 1402 1431 erit
1423 1391 1465 1430 in
1485 1399 1721 1443 perpetuum
1745 1393 2003 1433 consociata⁵¹.
2063 1395 2178 1444 Ergo,
2200 1407 2320 1444 quem
2342 1391 2490 1433 abhinc

479 1464 606 1491 annos
625 1465 749 1503 prope
768 1452 906 1503 viginti
925 1453 980 1492 ob
999 1452 1168 1503 insignia
1186 1452 1227 1492 in
1249 1452 1509 1493 Academiam
1530 1453 1669 1492 merita
1687 1453 1728 1492 in
1749 1453 1932 1494 Scientiis
1953 1456 2171 1494 Doctorem
2192 1453 2353 1494 honoris
2372 1466 2492 1494 causa.

480 1513 727 1562 creavimus³‚
760 1527 851 1553 eum
889 1514 1020 1565 ipsum
1059 1515 1181 1554 hodie
1220 1515 1345 1555 Ducis
1380 1515 1587 1555 Devoniae
1620 1516 1760 1565 octavi,
1794 1516 1865 1556 viri
1899 1517 2233 1566 desideratissimi,
2268 1517 2310 1556 in
2342 1519 2488 1564 locum,

480 1576 670 1628 suffragiis
689 1576 888 1617 unanimis
909 1577 1201 1618 Cancellarium
1221 1585 1401 1617 nostrum
1421 1577 1623 1629 elegimus.
1683 1579 1807 1619 Cuius
1827 1580 1883 1619 rei
1901 1580 1942 1619 in
1962 1581 2234 1621 testimonium
2253 1582 2325 1620 has
2343 1580 2491 1621 litteras

480 1637 639 1688 publice
672 1637 900 1689 scripsimus
934 1645 973 1678 et
1005 1652 1029 1678 a
1062 1638 1146 1678 viro
1180 1638 1351 1678 maxime
1383 1639 1532 1679 idoneo
1565 1641 1617 1679 ad
1655 1647 1694 1680 te
1728 1642 1981 1692 perferendas
2018 1642 2239 1682 tradimus⁴.
2299 1642 2423 1692 Quod
2458 1641 2492 1681 si

480 1698 722 1739 Academiae
745 1700 919 1739 officium
944 1713 1145 1740 summum
1171 1714 1195 1739 a
1220 1708 1280 1740 tot
1303 1700 1393 1740 viris
1419 1700 1634 1741 illustribus
1661 1710 1856 1752 ornatum,
1884 1702 1968 1753 ipse
1996 1716 2020 1743 a
2046 1703 2163 1743 nobis
2188 1703 2350 1743 honoris
2373 1715 2492 1744 causa

480 1761 659 1802 oblatum
695 1763 876 1814 accipere
914 1762 989 1802 eris
1027 1763 1222 1815 dignatus,
1258 1777 1341 1803 rem
1379 1766 1558 1816 profecto
1596 1765 1716 1805 facies
1755 1773 1794 1805 et
1826 1766 1943 1806 nobis
1976 1766 2163 1807 omnibus
2200 1773 2419 1819 pergratam
2451 1773 2491 1806 et

479 1824 724 1865 Academiae
751 1824 825 1865 toti
854 1824 1046 1875 imprimis
1075 1826 1332 1876 profuturam.
1390 1827 1501 1866 Vale.

587 1903 744 1942 Datum
762 1904 804 1942 in
826 1903 1012 1942 Senaculo

695 1958 835 1996 mensis
852 1958 1009 2008 Aprilis
1026 1958 1087 1996 die
1100 1958 1239 1997 decimo

802 2011 854 2049 A.
877 2013 919 2051 S.
942 2018 1143 2050 MCMV1110.

905 2146 941 2181 4,
978 2134 1140 2173 Carlton
1174 2135 1365 2183 Gardens,
1397 2135 1569 2183 Lamon,
1602 2136 1641 2174 S.
1658 2136 1729 2184 W,
1765 2149 1781 2174 1
1813 2137 1917 2187 May
1949 2139 2061 2187 1908.

787 2204 1012 2243 Admission
1041 2205 1089 2255 of
1108 2206 1170 2243 the
1196 2206 1324 2255 Right
1349 2207 1457 2245 Hon.
1487 2207 1628 2245 Baron
1659 2208 1850 2258 Rayleigh
1877 2221 1922 2246 as
1955 2207 2184 2248 Chancellor.

591 2285 850 2324 DIGleSIME
871 2284 1058 2333 Domine,
1082 2284 1258 2324 Domine
1279 2285 1524 2326 Cancellarie
1537 2300 1601 2324 :—

591 2356 704 2410 (584)
744 2360 969 2398 KALENDIS
1003 2359 1133 2407 Maiis,
1170 2359 1384 2399 Floralium
1423 2368 1647 2400 nostrorum
1686 2362 1788 2401 festo
1821 2368 1860 2401 et
1894 2361 2076 2402 sollemni
2109 2360 2185 2409 die,
2220 2361 2356 2401 animo
2387 2362 2492 2402 laeto

480 2418 734 2470 agnoscimus
764 2420 949 2471 auspiciis
981 2433 1100 2471 quam
1134 2420 1260 2470 bonis,
1301 2424 1403 2472 ‘quo
1433 2422 1650 2472 praebente
1685 2421 1906 2471 domum'⁵,
1942 2436 2024 2462 non
2058 2422 2136 2462 iam
2169 2421 2364 2462 Academi
2392 2421 2495 2463 inter

483 2481 644 2521 umbras
670 2483 742 2522 sed
767 2482 875 2522 urbis
900 2496 1067 2534 magnae
1087 2482 1127 2522 in
1147 2484 1247 2530 luce,
1271 2484 1506 2524 Cancellarii
1526 2484 1619 2524 novi
1638 2484 1679 2524 in
1703 2486 1897 2525 honorem
1918 2498 2089 2537 purpura
2111 2491 2246 2524 nostra
2267 2484 2406 2534 vestiti,
2427 2485 2494 2526 hic

480 2543 731 2594 potissimum
762 2545 884 2585 simus
913 2546 1151 2597 congregati.
1208 2546 1302 2586 Tibi
1330 2560 1434 2596 vero,
1465 2547 1522 2586 vir
1550 2547 1866 2596 honoratissime,
1897 2549 2008 2600 quod
2041 2547 2285 2588 Academiae
2317 2547 2493 2588 officium

482 2620 682 2647 summum
705 2622 730 2648 a
752 2609 868 2649 nobis
895 2609 1064 2650 libenter
1088 2609 1268 2649 oblatum
1294 2616 1376 2649 tam
1405 2610 1577 2661 benigne
1603 2610 1802 2662 accepisti,
1825 2612 1993 2651 Senatus
2016 2610 2138 2650 totius
2163 2609 2327 2650 nomine
2351 2609 2493 2662 gratias

481 2676 689 2720 propterea
726 2677 765 2710 et
798 2670 951 2722 agimus
984 2678 1023 2711 et
1057 2671 1252 2711 habemus
1286 2671 1486 2711 maximas.
1560 2673 1608 2711 In
1643 2672 1863 2712 honoribus
1897 2672 2060 2724 quidem
2097 2670 2349 2711 Academicis
2389 2669 2494 2711 Duci

483 2730 689 2770 Devoniae
717 2731 898 2782 septimo,
930 2733 1135 2783 quondam
1165 2733 1413 2773 Cancellario
1442 2740 1589 2780 nostro,
1615 2734 1918 2784 comparandus,
1943 2733 2045 2773 inter
2071 2739 2228 2773 nosmet
2254 2732 2362 2784 ipsos
2384 2731 2493 2772 illam

481 2791 608 2842 ipsam
635 2792 887 2833 scientiarum
914 2794 1158 2845 provinciam
1184 2808 1254 2846 per
1279 2795 1599 2846 quinquennium
1627 2795 1839 2844 illustrasti,
1868 2808 1970 2847 quae
2000 2794 2224 2835 Henricum
2250 2793 2491 2843 Cavendish,

568 2883 581 2903 ¹
605 2884 753 2926 Spencer
775 2884 946 2926 Compton
971 2885 1172 2925 Cavendish,
1197 2885 1313 2928 eighth
1337 2886 1438 2918 Duke
1462 2887 1500 2919 of
1524 2887 1743 2924 Devonshire,
1772 2887 1901 2919 elected
1929 2886 2131 2920 Chancellor
2156 2886 2191 2919 in
2222 2887 2303 2929 1892
2334 2884 2401 2929 (no.
2430 2893 2491 2927 545

483 2926 610 2969 supra).
728 2926 743 2947 ²
765 2928 833 2960 No.
854 2938 914 2969 533
931 2933 1044 2970 supra.
1164 2928 1179 2949 ³
1202 2930 1268 2961 No.
1294 2940 1354 2973 ¹39
1369 2935 1483 2972 supra.
1585 2930 1600 2950 ⁴
1621 2930 1738 2962 Alfred
1757 2931 1859 2972 Paget
1876 2930 2067 2972 Humphry,
2088 2930 2198 2966 M.A.,
2217 2930 2337 2962 Senior
2352 2928 2493 2971 Esquire

484 2970 612 3003 Bedell.
700 2969 713 2990 ⁵
737 2971 882 3010 Horace,
906 2972 1017 3004 Carm.
1038 2972 1073 3004 iii
1093 2982 1141 3015 19,
1163 2981 1191 3014 7.
1240 2972 1314 3004 The
1330 2983 1507 3015 ceremony
1522 2973 1603 3005 took
1614 2973 1710 3015 place
1725 2978 1759 3006 at
1775 2987 1806 3015 4,
1822 2973 1962 3007 Carlton
1978 2973 2142 3010 Gardens,
2156 2972 2262 3012 S.W.‚
2274 2972 2331 3005 the
2348 2972 2492 3004 London

484 3013 653 3046 residence
668 3014 707 3046 of
724 3014 780 3046 the
805 3015 1032 3047 Chancellor’s
1055 3015 1331 3053 brother-in-law‚
1355 3016 1412 3048 the
1437 3016 1540 3058 Right
1563 3017 1656 3048 Hon.
1679 3018 1721 3049 A.
1772 3040 1779 3047 .
1804 3017 1951 3056 Balfour,
1977 3017 2088 3054 M.A.,
2112 3017 2204 3048 Hon.
2228 3015 2363 3055 LL.D.,
2383 3015 2490 3055 M.P.,

485 3057 664 3099 Honorary
681 3057 808 3090 Fellow
823 3058 861 3090 of
873 3058 1004 3100 Trinity
1019 3059 1166 3101 College.
1207 3060 1270 3101 Cp.
1287 3060 1456 3102 Reporter,
1474 3069 1490 3100 5
1509 3060 1591 3102 May
1610 3061 1702 3102 1908,
1716 3061 1735 3092 8
1760 3060 1832 3102 3-6.
1875 3061 1949 3092 The
1964 3060 2072 3092 above
2085 3059 2234 3091 Address
2247 3069 2314 3091 was
2323 3058 2492 3091 delivered

483 3099 710 3142 immediately
725 3101 809 3133 aster
824 3101 881 3133 the
898 3102 1090 3134 Admission
1109 3103 1148 3134 of
1158 3102 1214 3135 the
1230 3103 1441 3135 Chaneellor.
1488 3103 1518 3135 A
1531 3103 1791 3146 portrait-group
1802 3103 1839 3136 of
1851 3104 1907 3136 the
1918 3103 2118 3136 Chancellor
2130 3103 2196 3135 and
2211 3102 2263 3135 his
2277 3103 2377 3145 Page,
2391 3101 2494 3134 taken

481 3142 565 3176 after
581 3143 638 3176 the
653 3154 841 3187 ceremony,
859 3146 1027 3187 appeared
1044 3145 1079 3178 in
1095 3145 1153 3178 the
1168 3147 1275 3188 Daily
1294 3147 1450 3189 Graphic,
1471 3157 1488 3178 2
1507 3147 1598 3188 May,
1621 3157 1654 3189 p.
1672 3148 1703 3179 8.

1452 3218 1529 3256 270
