2704 3770
1048 331 1256 381 Charles
1303 333 1353 381 V
1347 332 1510 382 illiers
1543 333 1805 398 Stanford.

423 475 464 514 in
481 474 701 516 Caledonia
719 474 1008 515 vetustissimae
1027 475 1261 527 praesidem,
1278 483 1337 517 tot
1350 477 1630 529 episcoporum
1647 478 1958 519 Lismorensium
1976 480 2175 529 heredem,
2193 480 2437 522 Academiae

423 537 587 578 nomine
614 537 735 578 hodie
763 539 990 577 salutamus.
1048 540 1272 578 Salutamus
1301 539 1516 579 insularum
1546 541 1913 592 septentrionalium
1943 544 2186 594 episcopum,
2209 556 2312 595 quae
2340 543 2434 584 fidei

424 600 672 640 Christianae
709 601 843 640 focum
879 600 1100 651 antiquum,
1139 603 1263 642 Ionae
1295 601 1476 651 insulam,
1508 603 1642 643 Sancti
1680 605 1903 645 Columbae
1940 613 2144 657 tamquam
2178 606 2360 647 nidulum
2393 607 2434 646 in

422 662 645 713 asperrimis
665 662 808 701 saxulis
831 664 1018 711 adfixum,
1042 676 1123 702 non
1147 665 1270 703 modo
1295 664 1452 715 rupium
1478 672 1774 716 praeruptarum
1801 667 1900 707 serie
1925 674 2115 718 perpetua
2138 675 2341 717 coronant,
2363 669 2435 709 sed

422 723 542 763 etiam
579 724 758 764 laborum
797 724 953 775 piorum
991 739 1139 765 corona
1175 727 1349 777 quadam
1387 726 1598 767 immortali
1637 728 1811 779 cingunt.
1870 730 2061 781 Episcopi
2097 737 2231 770 autem
2269 731 2434 771 huiusce

421 787 606 838 auspiciis
636 787 704 839 (ne
736 790 848 839 plura
880 789 1210 840 commemorem)
1239 789 1483 829 Caledoniae
1515 791 1649 830 fauces
1682 790 1771 831 illae
1801 791 2094 840 formidulosae,
2128 794 2253 832 caede
2283 792 2435 833 crudeli

423 851 628 899 quondam
657 850 853 899 infames1,
884 850 1082 902 religionis
1113 851 1344 892 mitissimae
1372 852 1566 903 mysteria,
1597 853 1814 894 adsistente
1846 855 2127 895 venerabunda
2159 855 2434 907 indigenarum

423 912 687 961 multitudine,
709 913 836 964 patrio
855 913 896 952 in
917 927 1099 953 sermone
1118 927 1405 965 saepenumero
1424 915 1622 955 celebrata
1641 916 1832 956 viderunt.
1892 917 2084 957 Eiusdem
2107 931 2130 957 e
2148 917 2352 958 domicilio
2372 917 2434 971 (ut

422 975 657 1015 meministis
687 975 780 1027 ipsi>
806 977 952 1027 hospes
977 977 1122 1016 exierat
1154 977 1357 1028 presbyter
1385 976 1450 1017 ille
1475 978 1719 1029 Anglicanus
1745 979 1814 1030 qui
1842 979 1882 1018 in
1909 979 1988 1019 vita
2014 979 2182 1031 plurima
2209 993 2431 1032 perpessus,

423 1034 554 1076 hieme
579 1038 758 1089 proxima
783 1038 956 1077 nemoris
985 1038 1125 1077 remoti
1154 1038 1256 1078 inter
1283 1039 1393 1078 nives
1422 1040 1575 1090 quietas
1601 1040 1738 1079 mortis
1764 1053 1904 1092 pacem
1934 1042 2111 1081 defessus
2137 1041 2297 1082 invenit.
2356 1043 2434 1082 1110

421 1112 514 1138 vero
534 1101 599 1140 die
618 1100 735 1149 fatali,
758 1100 828 1140 viri
848 1101 975 1141 fidelis
995 1100 1191 1151 reliquias,
1205 1101 1257 1140 ab
1276 1101 1466 1153 episcopo
1486 1101 1594 1141 fideli
1613 1115 1683 1153 per
1703 1110 1863 1142 noctem
1879 1103 2019 1142 frustra
2037 1103 2245 1154 quaesitas,
2268 1103 2362 1144 solis
2380 1105 2433 1144 ad

421 1169 562 1211 ortum,
581 1163 734 1203 domini
754 1163 876 1215 ipsius
895 1164 937 1203 in
951 1165 1178 1211 adventum,
1197 1164 1278 1203 fida
1293 1176 1438 1203 canum
1453 1164 1635 1204 custodia
1650 1165 1817 1204 fideliter
1835 1164 2082 1204 conservavit
2089 1166 2110 1203 ².
2171 1165 2284 1206 Fidei
2297 1173 2432 1206 autem

421 1230 555 1263 tantae
587 1226 684 1264 dum
719 1227 899 1276 exempla
931 1225 1033 1264 inter
1063 1224 1245 1264 homines
1275 1227 1539 1273 recordamur,
1575 1233 1808 1276 mentesque
1841 1239 1865 1265 a
1894 1226 2140 1267 terrestribus
2167 1229 2220 1268 ad
2248 1228 2433 1268 caelestia

420 1285 619 1338 paulisper
637 1301 879 1335 revocamus,
894 1287 1014 1327 verba
1033 1287 1220 1326 divinitus
1240 1287 1347 1327 dicta
1366 1289 1503 1339 procul
1518 1289 1655 1328 audire
1671 1288 1787 1328 nobis
1802 1289 2005 1329 videmur:
2037 1292 2047 1311 ‘
2059 1290 2158 1330 haec
2172 1289 2270 1331 dicit
2282 1290 2433 1342 primus

421 1353 460 1385 et
492 1348 742 1395 novissimus,
772 1348 841 1400 qui
866 1348 939 1387 fuit
967 1356 1146 1388 mortuus
1173 1356 1212 1388 et
1238 1349 1393 1388 vivit...
1453 1351 1552 1389 Esto
1578 1349 1706 1390 fidelis
1735 1363 1861 1401 usque
1886 1352 1939 1390 ad
1962 1358 2130 1391 mortem
2161 1358 2200 1392 et
2224 1352 2332 1392 dabo
2360 1352 2433 1392 tibi

420 1422 609 1450 coronam
639 1410 793 1451 vitae'3.

530 1474 647 1512 Duco
665 1474 717 1513 ad
736 1485 807 1512 vos
826 1472 1059 1524 episcopum
1079 1472 1364 1522 fidelissimum,
1382 1473 1508 1512 virum
1528 1474 1570 1512 in
1589 1474 1791 1514 laboribus
1810 1473 1885 1525 piis
1900 1473 2098 1514 obeundis
2117 1474 2374 1524 indefessum,
2389 1475 2432 1515 in

419 1535 536 1575 donis
555 1536 733 1588 plurimis
754 1535 943 1575 ecclesiae
963 1535 1106 1576 dandis
1122 1535 1370 1585 munificum,
1384 1537 1576 1576 IACOBUM
1594 1538 1836 1576 ROBERTUM
1857 1538 2165 1577 ALEXANDRUM
2183 1538 2433 1578 Cnmnmw-

421 1601 648 1639 HALDANE.

527 1697 641 1750 (152)
689 1699 723 1737 E
763 1698 1006 1738 Caledoniae
1049 1697 1185 1737 insulis
1224 1697 1538 1737 occidentalibus
1575 1698 1627 1737 ad
1666 1696 1887 1737 Hiberniae
1923 1697 2037 1736 litora
2074 1696 2204 1736 vicina
2240 1697 2427 1749 provecti,

420 1759 595 1799 Musices
617 1759 851 1799 Professoris
872 1760 995 1799 nostri
1014 1758 1180 1810 patriam
1200 1758 1369 1798 libenter
1388 1759 1596 1810 tangimus.
1655 1759 1778 1808 Quod
1794 1758 1826 1798 si
1845 1758 1930 1810 ipse
1945 1759 2073 1798 solum
2089 1758 2187 1799 illud
2202 1759 2333 1798 natale
2347 1771 2430 1797 non

417 1822 614 1862 immerito
634 1822 752 1862 iactat
771 1835 944 1872 cumque
965 1821 1168 1861 Britannia
1186 1822 1319 1861 adhuc
1338 1834 1424 1860 esse
1444 1821 1703 1861 coniunctum
1723 1822 1880 1872 gaudet,
1903 1834 1976 1861 nos
1996 1820 2167 1861 invicem
2186 1828 2322 1861 nostro
2336 1834 2429 1860 cum

416 1887 580 1924 alumno
607 1884 827 1924 consociari
851 1884 1064 1935 gloriamur
1090 1885 1316 1935 famamque
1339 1883 1512 1923 nominis
1539 1883 1623 1923 eius
1649 1897 1731 1923 non
1758 1885 1836 1923 iam
1865 1883 2085 1923 Hiberniae
2110 1883 2334 1923 invidemus
2357 1883 2430 1923 sed

417 1955 575 1987 nostrae
594 1960 755 1998 quoque
775 1946 1016 1986 Academiae
1036 1946 1137 1986 inter
1155 1947 1293 1986 laudes
1312 1945 1570 1986 vindicamus.
1631 1946 1828 1996 Quotiens
1853 1946 2011 1985 fabulae
2033 1945 2220 1997 antiquae
2243 1959 2428 1986 scaenam

417 2017 590 2049 nostram
638 2009 788 2058 ineunt,
834 2008 977 2048 totiens
1023 2008 1093 2047 viri
1139 2008 1305 2047 huiusce
1349 2007 1401 2047 ab
1447 2007 1608 2058 ingenio
1644 2008 1833 2048 auxilium
1871 2006 2119 2058 quaerimus:
2167 2006 2249 2047 sive
2286 2020 2427 2047 senum

416 2072 702 2111 Thebanorum
732 2071 812 2110 sive
843 2070 1112 2110 Eumenidum
1142 2071 1286 2109 chorus
1315 2069 1445 2109 modis
1475 2069 1635 2109 musicis
1663 2070 1861 2120 aptandus
1890 2076 1983 2118 erat,
2009 2076 2243 2120 argumento
2271 2068 2427 2120 utrique

417 2147 562 2185 parem,
584 2142 704 2185 atque
732 2135 834 2173 adeo
862 2135 951 2185 plus
980 2146 1099 2184 quam
1129 2146 1274 2183 parem,
1297 2145 1383 2172 sese
1411 2132 1614 2183 praestitit.
1671 2132 1712 2172 Si
1738 2132 1912 2172 carmina
1937 2132 2066 2171 cultus
2093 2131 2216 2171 divini
2243 2131 2284 2171 in
2310 2145 2426 2171 usum

417 2197 631 2236 condenda
656 2202 757 2244 sunt,
780 2195 812 2234 si
838 2195 1015 2246 gentium
1042 2202 1260 2235 exterarum
1286 2202 1394 2234 vates
1423 2193 1680 2242 celebrandi⁴,
1703 2193 1735 2233 si
1763 2193 1998 2234 nostratium
2023 2206 2158 2233 versus
2186 2192 2428 2233 immortales

415 2267 497 2299 arte
518 2259 668 2299 musica
687 2258 974 2306 consociandi⁵,
992 2258 1157 2297 aliorum
1173 2264 1405 2308 argumenta
1419 2270 1501 2296 non
1518 2258 1640 2296 modo
1660 2255 1827 2296 fideliter
1841 2255 2127 2307 interpretatur,
2145 2255 2217 2295 sed
2231 2253 2350 2294 etiam
2366 2254 2428 2294 sui

416 2322 563 2373 ingenii
582 2321 732 2361 lumine
751 2320 914 2360 feliciter
932 2320 1106 2360 illustrat.
1167 2319 1295 2371 Regio
1316 2319 1492 2359 Musices
1512 2319 1552 2358 in
1573 2318 1753 2371 Collegio
1769 2320 1971 2359 Professor
1984 2318 2225 2365 nominatus,
2238 2317 2426 2358 dramatis

417 2383 547 2424 melici
584 2385 744 2423 scholae
781 2396 908 2422 novae
938 2382 979 2421 in
1018 2382 1221 2422 Britannia
1257 2381 1561 2422 constituendae
1598 2389 1793 2433 quantum
1830 2380 1986 2421 addidit
2022 2379 2241 2431 impetum!
2308 2379 2424 2419 Idem

416 2446 526 2486 chori
559 2446 699 2486 musici
732 2446 833 2485 inter
866 2445 1157 2485 Londinienses
1190 2452 1319 2485 rector
1348 2452 1387 2484 et
1421 2444 1674 2492 moderator⁶,
1703 2444 1874 2484 musices
1908 2442 2114 2494 magistros
2142 2441 2183 2481 in
2213 2440 2427 2482 Germania

415 2509 600 2560 antiquos
620 2515 768 2559 quanta
787 2507 1004 2547 reverentia
1023 2507 1216 2546 colendos
1236 2519 1322 2546 esse
1341 2505 1538 2545 ostendit!
1597 2500 1707 2555 Quid
1732 2512 1866 2545 autem
1891 2505 1942 2544 de
1967 2503 2165 2556 Apollinis
2193 2504 2426 2555 Musagetae

416 2571 595 2611 ministro
615 2577 750 2609 nostro
770 2576 851 2608 tarn
877 2575 1073 2620 prompto,
1096 2575 1178 2607 tarn
1201 2567 1318 2607 alacri
1344 2567 1489 2616 dicam,
1510 2567 1578 2618 qui
1607 2569 1812 2606 Musarum
1839 2574 1878 2606 et
1902 2566 2126 2606 Gratiarum
2151 2563 2425 2615 comitumque

413 2633 610 2672 vocalium
639 2633 761 2671 choro
790 2631 966 2682 stipatus,
998 2630 1202 2670 maiestate
1231 2643 1372 2669 manus
1402 2630 1523 2669 modo
1553 2628 1752 2668 silentium
1783 2628 1961 2679 imperat,
1992 2628 2116 2667 modo
2148 2624 2423 2666 admirabilem

414 2696 633 2735 carminum
662 2703 903 2734 concentum
933 2693 1038 2733 elicit
1051 2693 1087 2733 ?⁷
1143 2695 1252 2733 Inter
1278 2692 1433 2732 criticos
1459 2692 1621 2742 quidem
1648 2690 1859 2741 ambigitur
1884 2698 2014 2729 utrum
2044 2689 2231 2729 Phoebus
2259 2687 2344 2738 ipse
2371 2686 2424 2726 ab

415 2754 585 2798 Horatio
605 2759 732 2796 doctor
748 2771 798 2796 an
818 2759 952 2795 ductor
968 2761 1130 2806 argutae
1149 2756 1312 2794 Thaliae
1324 2753 1579 2793 nominetur⁸.
1640 2753 1757 2792 Unus
1772 2759 1877 2792 certe
1891 2764 1914 2790 e
1930 2749 2084 2790 Phoebi
2099 2748 2286 2789 ministris
2301 2747 2423 2788 hodie

414 2821 556 2872 dignus
577 2820 739 2860 nomine
757 2827 817 2859 est
837 2826 1132 2870 utroque,-——-tot
1151 2819 1363 2857 chororum
1381 2818 1514 2855 ductor
1531 2815 1782 2866 musicesque
1800 2817 1936 2853 doctor.

523 2884 641 2921 Duco
659 2883 712 2921 ad
731 2895 801 2921 vos
821 2881 947 2920 virum
968 2887 1006 2919 et
1030 2879 1139 2920 domi
1164 2887 1203 2918 et
1228 2892 1389 2931 peregre
1415 2877 1584 2917 musices
1609 2878 1727 2916 laude
1751 2875 1958 2926 insignem,
1980 2875 2193 2915 CAROLUM
2218 2873 2422 2912 V1LL1ERS
2482 2878 2484 2880 ’

415 2946 653 2984 STANFORD.

500 3026 512 3046 ¹
536 3028 608 3059 The
626 3029 704 3060 Pass
720 3029 758 3060 of
769 3028 928 3060 Glencoe.
1179 3023 1192 3044 ²
1215 3025 1270 3057 On
1291 3033 1328 3065 17
1346 3025 1429 3056 Dec.
1451 3025 1544 3065 1887,
1564 3024 1684 3065 during
1698 3034 1718 3054 a
1734 3022 1810 3054 visit
1826 3027 1860 3054 to
1876 3021 1933 3054 the
1950 3020 2076 3063 Bishop
2092 3019 2130 3052 of
2141 3018 2267 3062 Argyle
2282 3017 2349 3050 and
2364 3017 2421 3050 the

415 3071 510 3109 Isles‚
530 3071 721 3103 Alexander
737 3071 858 3103 Heriot
876 3068 1131 3107 Mackonochie‚
1151 3068 1307 3109 formerly
1322 3067 1360 3100 of
1380 3067 1418 3100 St
1435 3066 1586 3105 Alban’s,
1608 3067 1776 3103 Holborn,
1791 3076 1859 3097 was
1875 3065 1978 3097 found
1993 3064 2080 3096 dead
2094 3073 2218 3104 among
2233 3062 2290 3094 the
2311 3071 2421 3093 snows

414 3114 452 3146 of
474 3115 530 3146 the
558 3115 709 3146 Mamore
736 3114 942 3150 decr-forest,
969 3113 1035 3144 NE
1066 3113 1103 3143 of
1128 3112 1361 3150 Ballachulish,
1388 3111 1468 3143 with
1491 3111 1548 3142 the
1572 3108 1723 3152 Bishop's
1746 3109 1829 3151 dogs
1851 3107 2017 3149 faithfully
2038 3106 2202 3149 guarding
2231 3105 2287 3137 the
2317 3104 2418 3146 body.

414 3158 428 3177 ²⁵
451 3158 532 3188 Rev.
550 3157 573 3188 ii
590 3160 621 3195 8,
642 3167 690 3189 xo.
824 3158 836 3176 ⁴
865 3158 896 3188 T
891 3157 930 3188 lae
952 3156 1062 3187 Veiled
1074 3156 1216 3196 Prophe-t
1229 3154 1270 3197 qf
1279 3156 1318 3186 K
1313 3155 1483 3191 horassan,
1496 3153 1563 3185 and
1579 3153 1794 3185 Savonarola.
1925 3150 1939 3171 ⁶
1963 3151 2091 3182 Robert
2108 3148 2301 3190 Browning,
2326 3147 2427 3179 Three

419 3201 575 3232 Cavalier
588 3201 692 3241 Songs
706 3213 713 3238 ;
737 3200 945 3241 Tennyson’s
961 3199 1073 3230 ballad
1089 3198 1127 3230 of
1141 3199 1212 3229 The
1226 3199 1384 3238 Revenge,
1402 3203 1464 3229 etc.
1622 3195 1636 3216 ⁶
1659 3196 1852 3228 Conductor
1868 3195 1905 3226 of
1917 3195 1974 3226 the
1989 3194 2081 3226 Bach
2098 3192 2202 3226 Choir
2217 3191 2306 3224 since
2326 3191 2419 3231 1885.

414 3242 427 3264 ⁷
450 3243 644 3276 Conductor
659 3244 696 3275 of
706 3244 761 3275 the
778 3243 981 3284 Cambridge
999 3241 1190 3283 University
1207 3241 1348 3273 Musical
1366 3241 1509 3282 society,
1533 3241 1690 3282 1873—93.
1866 3236 1879 3257 ⁸
1903 3238 2048 3275 Horace,
2071 3237 2184 3268 Carm.
2201 3235 2233 3266 iv
2250 3233 2282 3271 6,
2299 3242 2350 3274 25.

1393 3314 1442 3362 76
