2704 3770
896 362 1039 430 John
1075 362 1326 412 Robinson
1362 361 1625 412 McClean.

250 509 526 552 aedificiorum
560 523 757 551 novorum
790 511 1006 563 splendore
1038 523 1166 562 nuper
1203 515 1452 555 exornatum,
1487 508 1686 549 invisere¹.
1747 510 1863 549 Iuvat
1901 509 2076 560 denique
2115 510 2283 562 Collegii

251 573 458 626 utriusque
483 580 523 614 et
548 575 734 615 alumnos
757 583 797 615 et
820 576 1064 627 professores
1089 573 1264 626 insignes
1289 572 1499 622 recordari,
1522 572 1604 612 sive
1623 572 1665 612 in
1691 572 1856 612 historia
1878 572 2181 622 conscribenda,
2203 574 2284 613 sive

250 634 294 676 in
326 635 494 677 scientia
524 637 784 690 grammatica
817 638 1064 690 explicanda,
1100 637 1182 678 sive
1216 636 1257 676 in
1290 635 1470 676 versibus
1503 635 1738 688 pangendis,
1761 635 1844 676 sive
1876 635 1917 674 in
1950 635 2088 675 litteris
2122 637 2284 676 Graecis

251 697 507 749 illustrandis,
543 699 626 740 sive
663 707 987 740 astronomorum
1025 699 1067 740 in
1105 713 1223 755 usum
1261 698 1536 738 instrumentis
1574 698 1689 738 novis
1727 697 1989 746 inveniendis,
2025 698 2107 738 sive
2145 698 2286 739 studiis

251 762 546 804 mathematicis
579 763 812 804 excolendis
845 763 1092 804 floruerunt².
1154 764 1207 803 Et
1234 769 1387 802 vestros
1416 768 1456 802 et
1485 769 1644 802 nostros
1671 761 1775 801 inter
1802 761 2045 812 professores
2076 761 2287 801 Maxwellii

251 838 403 866 nomen
427 828 675 878 praeclarum
704 834 935 868 numeratur
947 842 959 877 ς
986 833 1142 867 vosmet
1169 825 1246 878 ipsi
1271 824 1390 866 nobis
1416 826 1526 866 haud
1549 825 1604 865 ita
1626 825 1783 878 pridem
1809 824 1936 864 virum
1959 823 2284 872 eruditissimum,

250 886 410 940 linguae
443 888 640 928 Arabicae
674 889 939 941 professorem
973 895 1013 929 et
1050 887 1297 929 Academiae
1335 887 1699 937 bibliothecarium,
1735 886 1929 936 dedistis;
1966 886 2134 926 dedistis
2167 886 2287 926 etiam

250 948 410 1002 linguae
437 957 478 990 et
506 951 685 991 Graecae
713 957 753 990 et
782 950 1046 991 Sanscriticae
1075 951 1272 990 cultorem
1301 948 1503 998 eximium,
1527 963 1648 1001 quem
1679 956 1808 989 morte
1836 948 2049 988 immatura
2076 948 2287 1000 abreptum

250 1013 487 1055 amisimus&
547 1015 659 1055 Inter
696 1014 805 1055 vivos
844 1027 1008 1066 quoque
1046 1013 1231 1054 nonnulli
1269 1027 1292 1054 e
1330 1012 1656 1065 praeceptoribus
1699 1011 1845 1052 nostris
1889 1011 2051 1052 vinculo
2092 1010 2289 1051 artissimo

249 1075 461 1117 vobiscum
497 1083 592 1116 sunt
624 1073 842 1116 coniuncti.
903 1077 964 1116 Eo
998 1075 1187 1116 libentius
1224 1077 1296 1115 has
1329 1076 1479 1115 litteras
1519 1074 1843 1115 benevolentiam
1882 1081 2060 1114 nostram
2098 1080 2290 1113 testantes

251 1137 392 1190 legatis
417 1137 574 1187 nostris,
595 1137 688 1178 viris
712 1137 885 1178 maxime
908 1137 1078 1184 idoneis,
1101 1137 1305 1184 tradimus,
1328 1136 1397 1188 qui
1422 1144 1602 1177 nostrum
1627 1136 1810 1176 omnium
1835 1135 2001 1175 nomine
2025 1134 2129 1175 feriis
2153 1135 2291 1175 vestris

251 1199 521 1240 saecularibus
550 1199 786 1248 interfuturi,
808 1199 921 1240 vobis
951 1199 1141 1240 omnibus
1170 1198 1307 1239 omnia
1335 1212 1525 1252 prospera
1553 1198 1675 1239 etiam
1703 1198 1745 1238 in
1771 1205 1978 1251 posterum
2008 1198 2286 1250 exoptabunt⁴.

251 1263 404 1303 Valete.

361 1334 519 1374 Datum
544 1335 820 1385 Cantabngz‘ae

471 1389 610 1429 mensis
628 1389 744 1429 Iunii
760 1390 822 1429 die
839 1388 911 1429 vii0

579 1444 631 1483 A.
656 1444 695 1484 S.
719 1451 890 1484 MCMV10.

833 1564 1037 1606 ΙΟΑΝΝΙ
1078 1565 1386 1607 ΒΟΒΙΝὸΟΝ
1429 1564 1706 1606 ΜοΟΙ-ΕΑΝ

879 1628 919 1667 S.
951 1628 998 1667 P.
1032 1628 1088 1667 D.
1121 1628 1290 1668 Senatus
1322 1627 1662 1678 Cantabrtgienstk.

362 1697 479 1751 (576)
517 1699 692 1738 ABfflNC
723 1711 853 1738 annos
884 1697 1118 1749 quindecim
1147 1697 1275 1752 (iuvat
1306 1697 1525 1750 recordari)
1556 1698 1663 1738 Patri
1696 1704 1779 1747 tuo,
1812 1697 1883 1737 viri
1916 1697 2206 1747 liberalissimo,
2238 1697 2293 1738 ob

252 1761 572 1804 munificentiam
601 1761 687 1802 eius
715 1761 926 1813 insignem,
958 1761 1144 1802 Newtoni
1176 1761 1301 1802 nostri
1330 1775 1423 1802 cum
1453 1761 1619 1802 nomine
1648 1761 1933 1809 consociatam,
1964 1761 2102 1802 litteris
2131 1761 2293 1814 publice

254 1824 410 1877 scriptis
428 1823 572 1877 gratias
591 1823 763 1865 libenter
781 1824 965 1876 egimus⁵.
1024 1825 1091 1865 Ab
1111 1826 1257 1865 eodem
1281 1824 1474 1877 deinceps
1497 1825 1619 1865 etiam
1639 1826 1753 1877 plura
1779 1824 1977 1865 beneficia
2002 1824 2147 1865 eximia
2169 1825 2294 1864 animi

252 1888 353 1943 grati
382 1888 425 1928 in
458 1887 615 1929 tabulas
644 1895 811 1940 accepta
843 1888 1079 1928 rettulimus.
1139 1889 1338 1941 Denique,
1370 1889 1669 1929 munificentiae
1702 1897 1837 1930 tantae
1870 1889 1911 1929 in
1944 1888 2178 1929 memoriam
2209 1902 2294 1940 per-

252 1960 428 2006 petuam,
450 1965 601 1992 nomen
621 1951 718 2000 eius,
736 1951 910 1992 virorum
930 1953 982 1993 de
1002 1952 1225 1993 Academia
1243 1953 1445 2005 praeclare
1465 1952 1696 1993 meritorum
1716 1952 1759 1992 in
1779 1965 1958 2001 numero,
1977 1965 2088 1992 more
2108 1951 2293 1992 sollemni

253 2013 472 2068 quotannis
491 2013 714 2055 recitamus.

362 2076 503 2118 Hodie
534 2089 629 2117 vero
662 2083 702 2117 te
735 2076 880 2129 ipsum,
911 2091 995 2118 non
1027 2077 1204 2118 nominis
1230 2079 1361 2118 solum
1395 2079 1467 2118 sed
1497 2078 1617 2118 etiam
1644 2078 1891 2119 liberalitatis
1922 2085 2057 2118 tantae
2088 2079 2290 2125 heredem,

215 2179 217 2182 .
253 2154 338 2182 non
358 2139 491 2180 minus
514 2139 685 2180 libenter
708 2141 939 2180 salutamus.
998 2141 1162 2180 Etenim
1189 2140 1445 2181 Numismata
1471 2142 1636 2188 Graeca,
1659 2154 1763 2193 quae
1789 2140 1854 2181 ille
1880 2140 2029 2180 abhinc
2051 2153 2180 2180 annos
2203 2141 2293 2192 plus

254 2218 377 2259 quam
407 2203 547 2256 viginti
574 2204 756 2256 undique
787 2204 1058 2256 comparabat,
1088 2204 1174 2256 ipse
1206 2218 1365 2244 summo
1392 2204 1528 2244 studio
1559 2205 1599 2244 in
1632 2205 1800 2244 modum
1829 2203 2108 2243 admirabilem
2136 2202 2291 2252 auxisti,

253 2274 376 2320 atque
397 2267 545 2307 Museo
569 2274 708 2307 nostro
731 2280 891 2307 summa
916 2266 1153 2307 liberalitate
1177 2267 1388 2307 donavisti.
1449 2269 1647 2319 Magnum
1671 2267 1852 2318 profecto
1881 2273 1941 2306 est
1969 2267 2126 2314 Museo,
2148 2265 2292 2305 artium

252 2330 297 2371 in
314 2343 460 2383 genere
478 2329 548 2369 illo
567 2329 765 2381 exquisito
785 2329 866 2369 iam
885 2337 1005 2370 antea
1024 2329 1257 2382 conspicuo,
1279 2330 1567 2370 numismatum
1587 2330 1846 2382 antiquorum
1866 2331 1956 2382 plus
1976 2343 2098 2381 quam
2114 2329 2293 2380 quinque

255 2392 366 2434 milia
392 2391 616 2433 donavisse.
676 2392 926 2432 Beneficium
958 2406 1052 2432 vero
1086 2400 1242 2432 tantum
1274 2406 1324 2433 eo
1355 2393 1484 2433 maius
1513 2393 1733 2441 reddidisti,
1765 2395 1876 2445 quod
1911 2401 1970 2433 tot
2003 2393 2292 2433 numismatum

255 2454 376 2496 etiam
411 2453 596 2494 Indicem
627 2453 817 2494 omnibus
851 2455 1027 2494 numeris
1057 2454 1288 2495 absolutum
1322 2455 1585 2501 conscribere,
1618 2463 1657 2495 et
1691 2457 1808 2495 Prelo
1837 2463 1975 2495 nostro
2009 2455 2291 2495 excudendum

257 2518 414 2559 tradere
442 2515 716 2557 constituisti⁶.
776 2517 975 2557 Novimus
999 2517 1040 2557 in
1064 2519 1176 2558 nullo
1202 2518 1282 2558 alio
1310 2518 1454 2558 artium
1483 2518 1739 2570 antiquarum
1765 2532 1910 2571 genere
1931 2533 2062 2559 rerum
2090 2526 2291 2570 gestarum

254 2579 491 2622 memoriam
510 2587 579 2620 aut
593 2578 799 2632 pulchrius
819 2579 1001 2632 conspici
1020 2588 1089 2620 aut
1109 2580 1260 2621 diutius
1274 2582 1512 2621 conservari.
1571 2581 1681 2622 Scito
1695 2589 1844 2630 autem,
1861 2581 1983 2622 etiam
1998 2589 2111 2621 tuum
2126 2594 2288 2630 nomen,

254 2645 314 2684 vir
343 2642 630 2692 liberalissime,
663 2656 755 2683 cum
789 2656 954 2684 munere
988 2651 1070 2684 tam
1099 2646 1247 2695 amplo,
1277 2652 1359 2685 tarn
1391 2646 1560 2697 pulchro
1593 2646 1866 2695 coniunctum,
1902 2645 2042 2686 Matris
2075 2647 2219 2686 Almae
2249 2644 2291 2685 in

253 2705 393 2747 animo
414 2712 527 2758 grato
550 2704 592 2745 in
618 2712 857 2757 perpetuum
882 2719 969 2746 esse
997 2705 1245 2758 inscriptum,
1268 2714 1308 2748 et
1333 2708 1387 2748 ad
1409 2707 1684 2760 posteritatem
1708 2722 1837 2749 seram
1861 2715 1970 2749 certo
1993 2715 2288 2761 perventurum.

255 2770 370 2811 Vale.

364 2842 521 2881 Datum
540 2841 582 2880 in
602 2841 788 2881 Senaculo
807 2846 938 2880 nostro

475 2896 617 2935 mensis
634 2896 867 2935 Novembris
885 2897 945 2935 die
963 2894 1061 2935 xxiio

584 2950 638 2989 A.
661 2950 700 2990 S.
724 2957 894 2990 MCMV10.

345 3042 358 3065 1
382 3038 565 3072 Marischal
581 3039 722 3082 College
740 3038 900 3082 (founded
917 3040 952 3073 in
972 3038 1067 3083 1593)
1085 3040 1119 3073 in
1135 3041 1223 3074 New
1238 3042 1427 3076 Aberdeen.
1575 3043 1589 3064 ²
1612 3045 1744 3079 Gilbert
1761 3047 1898 3086 Burnet,
1913 3046 2064 3079 Thomas
2081 3046 2287 3087 Ruddiman,

258 3083 388 3116 Arthur
400 3083 569 3126 Johnston
584 3083 652 3116 and
669 3083 782 3115 David
800 3083 1048 3123 Wedderbum,
1059 3085 1151 3127 John
1164 3085 1278 3119 Stuart
1296 3087 1435 3120 Blackie
1451 3088 1517 3120 and
1534 3088 1589 3122 Sir
1603 3089 1754 3122 William
1766 3090 1917 3130 Geddes,
1932 3091 1998 3123 and
2010 3090 2124 3132 James
2138 3090 2291 3133 Gregory

259 3127 309 3167 (d.
330 3126 438 3168 1675),
455 3132 520 3160 etc.
673 3126 686 3146 ³
706 3127 822 3170 James
838 3127 941 3160 Clerk
958 3128 1129 3166 Maxwell,
1148 3129 1204 3161 W.
1223 3130 1415 3163 Robertson
1432 3131 1555 3172 Smith,
1575 3133 1642 3165 and
1660 3134 1702 3166 R.
1723 3135 1766 3166 A.
1785 3134 1876 3167 Neil.
2023 3133 2038 3154 ⁴
2061 3135 2112 3166 Dr
2124 3134 2286 3177 Jackson,

260 3170 539 3258 ἓὶἑᾱέωὺῗιιά
556 3171 613 3203 Mr
630 3170 687 3203 W.
705 3171 746 3203 L.
764 3171 938 3204 Mollison.
1081 3171 1096 3192 ⁶
1118 3173 1189 3206 No.
1207 3182 1270 3216 543
1286 3179 1400 3218 supra.
1549 3174 1565 3196 ⁰
1587 3177 1639 3210 Dr
1655 3178 1706 3210 Μ.
1725 3178 1768 3210 R.
1781 3178 1898 3221 James
1913 3178 1947 3212 in
1963 3179 2131 3222 Reporter,
2151 3189 2194 3220 3ο
2210 3178 2288 3212 Oct.

351 3237 360 3253 ‚
403 3236 411 3245 .
496 3237 506 3246 .

371 3285 404 3315 s.
419 3285 451 3314 s.
1235 3279 1312 3331 2⁶5
2131 3296 2183 3336 34
