2704 3770
489 356 744 421 ngz'nald
761 357 943 407 Stuart
966 359 1127 408 Poole.
1200 359 1384 423 Hemy
1408 359 1462 407 E
1463 357 1622 423 nfield
1641 358 1831 406 Roscoe.
1902 356 2089 420 George
2111 356 2259 406 Fred.
2289 355 2461 404 Watts.

580 501 668 555 (73)
707 504 756 543 In
794 505 932 544 tellure
969 505 1035 545 illa
1071 504 1246 556 antiqua,
1277 505 1385 543 unde
1424 503 1703 543 Britannorum
1736 516 1844 542 arma
1881 503 2032 542 laureas
2070 515 2160 542 suas
2193 500 2483 542 recentissimas

472 565 736 614 rettulerunt¹‚
757 565 809 605 ab
833 567 910 605 hoc
934 566 1028 614 viro,
1050 566 1158 618 pacis
1183 565 1333 605 artibus
1355 565 1506 614 illustri,
1528 573 1567 605 et
1594 564 1797 604 doctrinae
1823 564 1951 603 variae
1978 563 2202 604 rudimenta
2226 565 2367 603 hausta
2390 569 2483 602 sunt

472 633 512 665 et
540 627 669 666 famae
699 628 853 667 futurae
883 627 986 667 iacta
1017 635 1108 667 sunt
1142 629 1410 668 fundamenta.
1471 627 1569 675 Illic,
1603 625 1789 678 auspiciis
1822 625 1992 677 optimis,
2021 633 2061 665 et
2093 626 2134 665 in
2167 625 2340 665 Arabica
2371 631 2411 665 et
2440 623 2482 663 in

471 687 777 740 hieroglyphica,
806 702 909 740 quae
938 696 1111 738 vocatur,
1137 689 1270 741 lingua
1298 689 1523 737 instructus,
1553 690 1643 740 plus
1672 701 1792 739 quam
1821 687 1980 739 triginta
2007 687 2197 739 deinceps
2225 700 2352 727 annos
2380 686 2483 727 inter

473 749 606 789 Musei
638 749 857 790 Britannici
890 752 1078 791 custodes
1112 759 1340 791 numeratus
1371 759 1440 800 est,
1474 750 1543 790 ubi
1575 749 1802 802 provinciae
1834 748 2137 789 numismaticae
2173 748 2252 788 iam
2290 747 2481 788 tredecim

470 826 599 853 annos
618 813 877 865 praepositus,
899 814 1125 854 adiutorum
1152 813 1394 866 optimorum
1420 813 1565 853 auxilio
1592 821 1631 853 et
1658 812 1848 853 Graeciae
1873 819 1913 852 et
1937 811 2075 852 Italiae
2098 819 2138 852 et
2163 811 2337 853 Orientis
2359 810 2480 851 totius

472 874 723 915 numismatis
736 875 909 927 antiquis
920 876 1210 925 enumerandis,
1225 875 1508 923 examinandis,
1523 874 1806 924 describendis,
1820 875 1900 914 fere
1911 873 2048 926 viginti
2061 875 2262 914 volumina
2273 872 2482 914 dedicavit.

469 937 627 977 Artium
657 951 749 978 vero
782 939 1035 990 antiquarum
1066 940 1246 991 exempla
1279 938 1356 987 illa,
1387 938 1518 990 specie
1551 938 1715 990 quidem
1749 936 2023 986 minutissima,
2055 938 2196 977 eadem
2229 936 2368 977 ceteris
2400 936 2481 976 fere

469 999 658 1039 omnibus
686 999 835 1040 diutius
861 1001 1047 1040 duratura
1075 1009 1166 1040 sunt
1179 1016 1190 1050 3
1221 1002 1399 1052 dumque
1423 1000 1572 1040 maiora
1594 1001 1723 1039 famae
1748 1006 2010 1039 monumenta
2035 998 2223 1049 temporis
2247 999 2361 1050 lapsu
2389 1011 2483 1038 con-

470 1070 693 1110 senescunt,
709 1070 748 1103 et
764 1077 1068 1115 nonnumquam
1083 1071 1291 1103 auctorum
1307 1077 1469 1103 suorum
1485 1076 1535 1103 ne
1551 1062 1715 1102 nomina
1730 1063 1894 1113 quidem
1909 1069 2154 1108 conservant,
2168 1061 2270 1101 intra
2284 1060 2481 1101 nummuli

470 1125 660 1165 terminos
686 1126 849 1166 artiores
868 1126 991 1166 tutius
1017 1126 1179 1175 inclusa,
1202 1140 1331 1166 rerum
1357 1134 1554 1178 gestarum
1580 1125 1771 1165 memoria
1797 1124 2014 1177 posteritati
2043 1138 2152 1165 serae
2175 1125 2215 1164 in
2243 1132 2479 1177 perpetuum

469 1186 665 1227 traditur2.
726 1190 801 1227 ‘In
830 1188 941 1228 tenui
969 1188 1091 1237 labor,
1122 1196 1162 1228 at
1191 1188 1321 1228 tenuis
1350 1202 1432 1228 non
1459 1188 1632 1240 gloriam.

577 1250 635 1289 Ut
663 1248 789 1289 virum
819 1251 869 1289 de
898 1262 1008 1289 sacra
1035 1250 1265 1301 praesertim
1294 1249 1569 1301 archaeologia
1597 1248 1747 1301 optime
1775 1249 1958 1288 meritum
1987 1256 2027 1289 et
2055 1248 2096 1288 in
2128 1262 2169 1289 re
2202 1248 2480 1289 numismatica

468 1318 690 1362 spectatum
721 1319 760 1352 et
794 1313 1005 1365 probatum
1037 1312 1153 1353 titulo
1183 1321 1320 1353 nostro
1351 1313 1564 1365 signemuS,
1596 1311 1710 1352 vobis
1743 1318 1952 1363 praesento
1984 1313 2278 1352 REG1NALDUM
2310 1313 2480 1353 STUART

470 1374 623 1412 PoorAE.

575 1497 662 1550 (74)
682 1498 926 1538 Academiae
946 1498 1200 1538 Victorianae
1214 1499 1479 1549 professorem
1494 1497 1690 1550 insignem
1706 1498 1949 1538 Academiae
1965 1498 2301 1550 Cantabrigiensis
2311 1501 2478 1542 nomine

466 1557 650 1598 iubemus
670 1560 817 1599 salvere
831 1574 842 1609 ς
871 1559 939 1611 qui
958 1559 1037 1599 iam
1058 1559 1236 1611 quinque
1255 1567 1295 1599 et
1314 1559 1451 1611 viginti
1470 1573 1596 1599 annos
1617 1561 1771 1611 Collegi
1789 1559 2034 1600 celeberrimi
2059 1560 2358 1601 Mancuniensis
2377 1561 2480 1603 inter

466 1623 611 1661 decora
630 1630 872 1670 numeratus,
893 1623 1041 1663 abhinc
1064 1636 1191 1662 annos
1215 1622 1351 1674 viginti
1379 1622 1527 1674 Regiae
1551 1622 1738 1662 Societati
1763 1622 1995 1674 adscriptus,
2017 1622 2164 1662 abhinc
2186 1636 2314 1663 annos
2333 1637 2478 1665 novem

464 1683 517 1723 ab
529 1684 670 1723 eadem
684 1684 882 1727 Societate
894 1684 1002 1736 regio
1015 1684 1254 1724 numismate
1268 1691 1429 1724 ornatus
1443 1692 1513 1724 est.
1563 1686 1867 1735 Praeceptorum
1884 1698 2046 1724 suorum
2063 1684 2476 1737 Heidelbergensium,

465 1745 674 1786 illustrium
700 1748 904 1796 virorum⁴‚
932 1755 972 1787 et
997 1748 1190 1799 interpres
1217 1755 1255 1787 et
1281 1747 1449 1796 adiutor,
1473 1747 1566 1787 solis
1592 1747 1714 1798 ipsius
1737 1747 1868 1787 radios
1894 1749 2060 1787 retexuit
2085 1755 2124 1787 et
2147 1748 2245 1788 lucis
2268 1748 2372 1789 illius
2397 1749 2477 1789 vim

465 1809 687 1849 chemicam
707 1811 932 1861 exploravit.
991 1809 1093 1849 Solis
1112 1823 1136 1848 a
1155 1811 1306 1849 cultore
1326 1817 1437 1848 tanto
1453 1811 1650 1849 elementa
1669 1809 1736 1848 illa
1751 1809 1950 1849 chemices
1964 1809 2006 1848 in
2020 1811 2152 1849 lucem
2172 1809 2289 1859 edita,
2306 1823 2387 1863 quo
2401 1811 2477 1851 sub

465 1873 549 1911 sole
567 1872 703 1923 ignota
722 1880 826 1920 sunt,
844 1880 942 1923 quot
958 1871 999 1911 in
1014 1871 1167 1923 linguas
1183 1871 1338 1911 reddita
1353 1879 1445 1911 sunt
1462 1875 1468 1911 Ξ
1526 1871 1783 1911 Doctioribus
1799 1874 2016 1923 loquuntur
2030 1872 2180 1912 maiora
2194 1872 2260 1912 illa
2274 1874 2477 1914 volumina

464 1933 516 1974 ab
545 1935 623 1974 hoc
648 1935 743 1984 viro,
769 1937 944 1987 collegae
972 1935 1114 1987 optimi
1143 1934 1299 1983 auxilio,
1328 1934 1581 1986 conscripta⁶.
1641 1936 1783 1985 Neque
1808 1948 1901 1974 vero
1931 1935 2039 1974 libris
2069 1942 2223 1975 tanturn
2253 1936 2475 1976 doctrinam

464 2009 577 2035 suam
597 1997 777 2045 credidit,
800 1998 872 2037 sed
892 1996 1109 2047 discipulos
1130 2009 1290 2047 quoque
1309 1996 1501 2047 plurimos
1525 1998 1668 2036 eodem
1692 1996 1814 2035 animi
1836 1997 1976 2036 ardore
1999 1996 2152 2046 imbuit,
2175 1999 2318 2037 eodem
2342 1998 2476 2050 ingeni

463 2059 614 2099 lumine
632 2060 826 2108 accendit,
845 2060 913 2111 qui
933 2073 1074 2099 omnes
1094 2059 1208 2110 quasi
1226 2059 1267 2098 in
1288 2073 1360 2098 suo
1381 2059 1549 2110 quisque
1569 2059 1665 2098 orbe
1684 2058 1814 2110 ipsum
1834 2066 2036 2099 auctorem
2057 2059 2155 2099 lucis
2175 2073 2270 2100 suae
2289 2062 2473 2107 referunt,

466 2128 505 2160 et
524 2120 622 2160 alios
643 2121 814 2161 invicem
835 2134 908 2160 suo
928 2121 1079 2161 lumine
1098 2121 1303 2160 illustrant.

573 2184 699 2224 Vobis
718 2193 929 2236 praesento
949 2184 1075 2224 virum
1096 2191 1135 2224 et
1154 2185 1206 2223 de
1226 2183 1390 2224 scientia
1409 2183 1589 2223 chemica
1609 2190 1648 2223 et
1668 2184 1719 2223 de
1735 2182 1954 2222 Academia
1973 2183 2039 2223 illa
2058 2197 2160 2235 quae
2179 2185 2323 2224 eodem
2337 2198 2385 2226 ac
2400 2198 2474 2225 nos

467 2246 737 2288 Cancellari0⁶
756 2248 953 2299 gloriatur,
975 2246 1126 2299 optime
1146 2246 1343 2293 meritum,
1367 2248 1610 2285 HENRICUM
1632 2247 1826 2285 ENFIELD
1847 2247 2026 2285 Roscoss.

572 2370 659 2423 (75)
693 2371 823 2411 Venio
846 2372 1010 2411 tandem
1035 2372 1087 2410 ad
1114 2383 1262 2410 nomen
1282 2370 1443 2421 pictoris
1465 2369 1720 2417 admirabilis,
1742 2369 1810 2420 qui
1835 2369 1875 2408 in
1902 2369 2090 2409 historico
2114 2383 2258 2422 genere
2284 2370 2474 2423 pingendi

463 2434 637 2472 lauream
674 2446 787 2472 suam
825 2432 994 2484 primam
1031 2434 1211 2483 adeptus,
1251 2445 1380 2471 rerum
1418 2431 1634 2483 antiquitus
1671 2438 1868 2482 gestarum
1903 2431 2134 2471 memoriam
2172 2432 2297 2471 oculis
2330 2433 2473 2473 nostris

463 2496 662 2545 praeclare
687 2502 920 2543 revocasset,
950 2494 1024 2533 nisi
1051 2494 1254 2533 maluisset
1281 2493 1427 2534 saeculi
1453 2493 1576 2533 nostri
1601 2492 1809 2532 illustrium
1840 2493 2012 2532 virorum
2037 2493 2228 2545 imagines
2254 2495 2474 2546 posteritati

463 2557 626 2596 tradere.
686 2557 830 2607 Neque
852 2568 945 2595 vero
974 2563 1176 2595 externam
1204 2563 1356 2595 tantum
1382 2555 1460 2595 oris
1484 2555 1656 2606 speciem
1684 2555 1755 2594 sed
1782 2554 1924 2594 mentis
1953 2568 2114 2607 quoque
2139 2555 2369 2596 liniamenta
2396 2556 2472 2597 sibi

463 2619 632 2670 sumpsit
660 2619 863 2667 imitanda,
889 2618 1012 2658 animi
1041 2618 1209 2670 effigiem
1236 2620 1376 2666 voltus,
1402 2618 1534 2669 ingeni
1560 2617 1712 2657 indices
1740 2618 1877 2656 oculos
1906 2617 2141 2657 arbitratus⁷.
2202 2610 2294 2668 Qua
2320 2618 2361 2658 in
2389 2626 2472 2659 arte

462 2690 612 2734 quanta
643 2684 748 2722 fama
778 2682 918 2722 merito
952 2684 1100 2730 floreat,
1137 2689 1271 2721 nostra
1301 2694 1462 2732 quoque
1492 2679 1711 2720 Academia
1745 2687 1918 2727 testatur,
1954 2693 2056 2731 quae
2094 2693 2220 2731 nuper
2256 2680 2469 2732 imaginem

463 2745 697 2784 Cancellarii
726 2744 786 2784 sui
815 2744 956 2796 optimi
986 2744 1135 2783 nemini
1163 2744 1229 2783 alii
1257 2743 1499 2795 pingendam
1528 2741 1897 2782 commendaverit⁸.

570 2807 684 2846 Idem
704 2806 745 2845 in
765 2805 1034 2857 mythologico
1050 2806 1226 2856 quodam
1241 2804 1432 2856 pingendi
1451 2818 1604 2855 genere,
1623 2811 1794 2854 quantus
1813 2803 1960 2851 artifex,
1983 2811 2155 2854 quantus
2175 2810 2293 2855 poeta
2311 2805 2466 2846 exstitit.

464 2869 625 2917 Quanta
650 2870 828 2908 colorum
854 2868 1070 2908 subtilitate
1095 2875 1327 2919 argumenta
1351 2867 1417 2905 illa
1442 2867 1663 2905 fabularum
1685 2867 1923 2905 Graecarum
1943 2879 1965 2905 e
1985 2866 2160 2906 fontibus
2187 2868 2327 2907 hausta
2352 2868 2469 2907 nobis

461 2929 738 2980 interpretatus
758 2938 826 2970 est.
888 2929 1021 2969 Huius
1040 2929 1147 2981 virga
1165 2928 1337 2968 revocati
1356 2935 1395 2968 et
1416 2928 1600 2979 Orpheus
1620 2934 1659 2966 et
1680 2926 1877 2978 Eurydice
1897 2928 1985 2978 plus
2011 2940 2131 2978 quam
2154 2930 2277 2968 semel
2303 2929 2420 2969 nobis
2445 2943 2469 2969 e

547 3033 560 3053 ²
584 3034 693 3067 Battle
709 3035 747 3066 of
759 3034 1003 3072 Tel-el·Kebir,
1024 3044 1061 3075 13
1079 3033 1172 3076 Sept.
1193 3034 1285 3065 1882.
1425 3031 1439 3052 ²
1462 3033 1565 3074 Pope,
1583 3033 1651 3074 Ep.
1667 3043 1699 3071 v,
1724 3033 1758 3064 T
1751 3043 1769 3064 o
1783 3033 1846 3063 Mr
1859 3033 2021 3071 Addison,
2043 3043 2179 3075 19—24.
2310 3033 2325 3054 ⁸
2346 3034 2466 3077 Virgil‚

464 3076 574 3118 Georg.
592 3077 624 3108 iv
639 3077 669 3110 6.
856 3077 871 3097 ⁴
895 3079 1027 3109 Bunsen
1043 3077 1109 3109 and
1126 3076 1312 3109 Kirehhoff.
1494 3074 1508 3095 ⁶
1532 3076 1662 3108 Roscoe
1678 3076 1744 3107 and
1761 3075 2032 3108 Schorlemmer’s
2055 3077 2088 3107 T
2081 3077 2196 3109 reatise
2208 3088 2250 3109 on
2270 3077 2464 3120 Chemirtry,

462 3119 495 3151 in
514 3130 531 3160 3
549 3120 630 3151 vols.
651 3119 701 3161 (or
715 3131 735 3162 9
753 3119 866 3162 parts),
890 3122 1047 3162 1877-92.
1194 3118 1208 3140 ⁶
1230 3119 1379 3151 William
1396 3118 1598 3159 Cavendish,
1617 3119 1753 3151 seventh
1770 3119 1870 3151 Duke
1887 3119 1925 3151 of
1937 3119 2154 3152 Devonshire.
2297 3119 2311 3140 ⁷
2334 3121 2464 3160 Cicero,

466 3163 598 3200 Orator,
618 3162 669 3195 60.
889 3162 902 3182 ⁸
926 3164 1067 3195 Portrait
1085 3163 1118 3194 in
1134 3163 1190 3195 the
1207 3162 1416 3194 Fitzwilliam
1434 3162 1598 3195 Museum.

1440 3252 1492 3287 40
