2704 3770
526 303 621 351 Dr
652 303 925 359 Schechter,
960 301 1070 351 and
1096 301 1179 351 tlte
1202 300 1402 367 sewz’slz
1441 300 1755 366 Communz'ty
1790 304 1846 350 z‘n
1885 302 1931 351 C
1926 302 2050 352 az‘ro.

276 447 435 489 definiri
454 457 600 502 potest,
622 451 852 502 exemplum
872 448 1055 490 omnium
1078 446 1427 499 antiquissimum3
1455 447 1604 487 deinde
1627 445 1783 486 Veteris
1808 447 2057 487 Testamenti
2082 448 2135 487 ab
2159 450 2307 499 Aquila

274 509 318 550 in
354 510 533 562 linguam
566 512 763 553 Graecam
796 511 966 552 totidem
998 509 1129 551 verbis
1162 508 1306 550 redditi
1344 507 1546 560 reliquiae,
1581 521 1684 560 quae
1717 514 1758 548 et
1791 507 2006 559 Origenem
2040 516 2079 548 et
2113 511 2303 549 Sanctum

275 572 574 626 Hieronymum
602 588 694 616 vera
722 575 926 627 scripsisse
954 580 1149 615 testantur
1159 587 1171 622 5
1205 572 1295 612 libri
1325 571 1502 623 denique
1531 571 1804 612 Ecclesiastici
1831 571 2007 623 capitum
2037 573 2303 625 complurium

273 636 364 676 fons
385 637 610 688 Hebraeus,
632 639 782 679 Sancto
802 637 1056 689 Hieronymo
1076 649 1160 676 non
1178 635 1339 688 ignotus
1358 642 1398 675 et
1421 648 1446 674 a
1463 633 1556 674 viris
1583 634 1713 674 doctis
1739 647 1867 686 usque
1892 635 1945 674 ad
1971 633 2129 674 tertium
2155 635 2303 675 abhinc

272 711 426 740 annum
459 700 719 741 desideratus.
779 702 896 742 Haec
929 699 1077 749 omnia,
1108 712 1212 751 quae
1241 697 1326 747 tibi,
1356 698 1414 737 vir
1442 696 1685 745 doctissime,
1717 709 1839 748 quam
1869 696 1986 736 nobis
2015 696 2171 736 notiora
2199 705 2302 746 sunt,

272 774 388 814 spem
419 775 504 803 non
539 763 799 804 mediocrem·
817 765 1003 812 excitant,
1033 763 1118 802 fore
1146 768 1191 801 ut
1223 761 1264 800 in
1294 761 1483 801 thesauro
1512 766 1594 799 tam
1623 760 1759 811 amplo
1789 759 1910 799 etiarn
1939 760 2052 810 plura
2081 766 2303 799 memoratu

271 823 394 877 digna
426 825 468 866 in
501 833 706 879 posterum
740 826 998 878 reperiantur.
1057 824 1236 873 Interim,
1268 831 1312 864 ut
1345 837 1394 864 ex
1427 825 1515 875 ipso
1548 822 1662 871 libro,
1694 822 1808 862 cuius
1837 823 1927 863 fons
1959 822 2149 874 antiquus
2176 835 2304 874 nuper

272 894 451 938 repertus
470 895 542 937 est,
563 888 685 929 verba
708 889 908 940 quaedam
933 895 1173 935 mutuemur,
1195 886 1381 927 novimus
1407 898 1495 925 esse
1520 886 1676 925 donum
1698 886 1868 924 alterurn
1893 883 2059 936 quidem
2084 885 2195 935 quod
2220 897 2303 924 non

272 949 323 990 sit
347 949 456 1000 utile,
476 952 644 991 alterum
673 959 809 991 autem
837 950 951 990 cuius
978 951 1128 1002 duplex
1153 949 1203 989 sit
1229 948 1525 990 remuneratio¹.
1584 948 1720 986 Tuum
1746 960 1839 987 vere
1863 948 2029 995 donum,
2051 946 2143 986 viris
2172 947 2303 987 doctis

270 1012 538 1062 utilissimum,
559 1015 800 1054 confitemur
818 1027 894 1054 nos
913 1027 996 1054 non
1016 1026 1135 1065 posse
1156 1025 1323 1052 munere
1342 1013 1424 1052 ullo
1444 1010 1686 1052 remunerari
1699 1024 1711 1059 ς
1739 1009 1884 1062 gratias
1904 1017 2039 1050 tamen
2059 1010 2114 1050 ob
2136 1010 2303 1050 liberali-

268 1082 393 1116 tatem
411 1083 523 1117 tuam
542 1077 584 1117 in
604 1091 679 1118 nos
698 1079 886 1118 collatam
906 1085 946 1118 et
964 1077 1120 1129 agimus
1140 1084 1180 1116 et
1200 1076 1397 1116 habemus
1418 1074 1621 1114 maximas.
1680 1074 1793 1114 Vale.

377 1139 535 1179 Datum
554 1139 597 1179 in
617 1140 802 1180 Senaculo

487 1195 628 1234 mensis
647 1196 869 1234 Decembris
885 1195 947 1234 die
964 1201 1033 1234 xv⁰

593 1250 646 1289 A.
670 1250 711 1290 S.
734 1260 1027 1290 MDcccxcvm.

497 1353 589 1392 Viro
616 1353 850 1393 Doctz’ssimo
878 1349 1210 1396 SOLOMONJ
1242 1348 1628 1393 SCHECHTER
1657 1350 1701 1389 in
1730 1349 1893 1388 Litteris
1919 1350 2088 1389 Doctori

731 1417 977 1456 Litterarum
1002 1414 1312 1453 Rabbinicarum
1338 1414 1490 1452 Lectori
1518 1412 1836 1463 Cantabrzgiensi
1867 1460 1869 1462 q

742 1480 783 1520 S.
804 1481 851 1519 P.
875 1480 932 1518 D.
972 1478 1249 1518 Universitatis
1282 1477 1611 1527 Cantabmssgzknszk
1638 1477 1818 1516 Senatus.

376 1542 491 1597 (555)
530 1545 838 1585 GRATULAMUR
875 1545 959 1594 tibi,
995 1544 1053 1584 vir
1090 1543 1335 1592 doctissime,
1371 1544 1484 1595 quod
1521 1542 1710 1583 codicum
1751 1542 2033 1582 Hebraeorum
2067 1544 2298 1583 thesaurum

267 1606 472 1657 quendam
492 1606 533 1646 in
555 1609 739 1660 Aegypto
759 1621 847 1648 esse
865 1607 1151 1648 absconditum
1171 1605 1387 1658 sagacitate
1410 1607 1598 1657 singulari
1621 1604 1807 1646 divinasti
1823 1618 1834 1653 3
1861 1605 1984 1656 quod,
2006 1618 2132 1656 prope
2157 1605 2299 1646 urbem

265 1670 379 1719 quod
402 1670 575 1722 Aegypti
601 1678 721 1723 caput
747 1679 820 1721 est,
841 1679 901 1712 tot
926 1670 1178 1711 voluminum
1206 1669 1313 1722 ipsas
1339 1669 1521 1718 latebras,
1544 1668 1675 1721 ipsum
1700 1670 1928 1721 sepulcrum
1948 1668 2134 1708 invenisti
2146 1683 2158 1718 ‚-
2187 1671 2299 1721 quod

265 1738 349 1771 tam
368 1731 620 1782 immensam,
643 1741 725 1774 tam
746 1734 894 1774 variam
914 1733 1107 1774 librorum
1131 1732 1443 1782 multitudinem,
1464 1732 1506 1772 in
1532 1731 1709 1772 tenebris
1733 1731 1847 1783 quasi
1866 1730 1969 1772 inter
1994 1745 2081 1772 sese
2107 1733 2301 1784 deproeli-

265 1794 433 1844 antium,
448 1796 615 1836 tandem
635 1797 677 1836 in
697 1798 829 1837 lucem
850 1811 934 1837 non
954 1796 1040 1837 sine
1059 1797 1207 1844 labore,
1226 1809 1309 1835 non
1330 1796 1416 1836 sine
1436 1797 1610 1847 pulvere,
1631 1795 1778 1844 eruisti,
1796 1802 1836 1835 et
1856 1795 2125 1836 bibliothecae
2140 1803 2300 1837 nostrae

264 1855 308 1896 in
339 1870 483 1910 pacem
515 1858 643 1900 victor
670 1860 891 1912 reportasti.
950 1860 1207 1900 Gratulamur
1235 1859 1356 1899 etiam
1386 1860 1504 1900 nobis
1534 1860 1657 1910 quod,
1688 1866 1799 1899 tuam
1828 1858 1931 1899 inter
1959 1859 2109 1911 primos
2138 1868 2300 1912 propter

263 1917 553 1971 liberalitatem,
590 1936 738 1962 munus
771 1930 853 1962 tarn
887 1935 1091 1974 magnum,
1126 1929 1209 1962 tam
1243 1921 1462 1974 multiplex,
1499 1928 1612 1961 tanto
1649 1921 1787 1961 labore
1823 1934 1848 1960 a
1885 1928 1925 1961 te
1958 1929 2151 1973 paratum,
2187 1930 2299 1962 tanta

263 1982 475 2023 hominurn
494 1985 742 2026 eruditorum
763 1998 855 2026 cum
876 1999 948 2038 spe
968 1992 1255 2038 exspectatum,
1277 1984 1588 2025 condicionibus
1609 1992 1690 2024 tam
1710 1984 1850 2037 aequis
1868 1986 1922 2026 ad
1941 1998 2016 2025 nos
2032 1986 2210 2025 delatum
2226 1994 2296 2026 est.

265 2044 490 2097 Speramus,
512 2047 701 2089 codicum
722 2048 911 2089 varietate
930 2056 1042 2089 tanta
1060 2048 1102 2088 in
1122 2048 1307 2089 ordinem
1327 2049 1489 2089 redacta
1509 2056 1548 2088 et
1568 2048 1610 2088 in
1630 2048 1784 2088 indices
1808 2050 1941 2097 relata,
1963 2048 2101 2089 litteris
2124 2050 2298 2101 antiquis

263 2106 393 2148 maius
411 2107 542 2150 indies
561 2111 700 2151 lumen
720 2124 808 2152 esse
827 2124 1094 2152 accessurum.
1155 2113 1319 2151 Patrum
1343 2118 1504 2151 tuorum
1528 2111 1631 2151 inter
1655 2110 1874 2151 sententias
1898 2110 2053 2161 dicitur,
2076 2111 2184 2152 diem
2211 2125 2299 2153 esse

263 2170 438 2221 brevem,
469 2186 572 2226 opus
604 2182 741 2215 autem
774 2188 978 2226 magnum,
1009 2174 1231 2227 praemium
1266 2187 1360 2214 vero
1390 2176 1586 2224 multum3
1620 2174 1766 2215 dicitur
1794 2174 1925 2223 etiam,
1958 2188 2091 2226 neque
2123 2175 2196 2215 tibi
2226 2176 2300 2216 soli

263 2232 384 2274 licere
408 2247 512 2287 opus
534 2237 588 2276 ad
611 2237 734 2277 finem
760 2238 980 2289 perducere
1002 2250 1136 2288 neque
1158 2237 1392 2277 incohatum
1419 2236 1726 2287 derelinquere².
1784 2235 1961 2276 Videant
1981 2250 2134 2285 omnes,
2156 2238 2237 2288 qui,
2259 2238 2300 2278 in

264 2299 512 2349 explorando
535 2300 723 2340 thesauro
746 2313 770 2340 a
795 2307 835 2340 te
860 2300 1037 2349 invento,
1058 2308 1194 2340 tecum
1219 2299 1438 2351 aliquando
1461 2299 1812 2349 consociabuntur,
1835 2307 1879 2340 ut
1899 2300 1939 2340 in
1960 2302 2123 2341 veritate
2142 2301 2301 2342 investi-

264 2360 399 2411 ganda
436 2361 670 2412 patientiam
711 2369 822 2402 tuam
860 2362 1099 2403 indomitam
1137 2364 1399 2411 aemulentur,
1439 2363 1490 2402 de
1537 2362 1733 2414 sapientia
1778 2363 2054 2414 conquirenda
2100 2364 2299 2404 monitum

264 2421 477 2474 antiquum
497 2424 706 2475 recordati,
727 2424 841 2465 cuius
860 2425 1013 2465 sontem
1034 2424 1167 2476 ipsum
1187 2424 1634 2476 invenisti—Investiga
1653 2424 1762 2464 illam
1782 2432 1822 2464 et
1842 2424 2049 2474 examina3
2078 2426 2241 2477 exquire
2260 2434 2299 2467 et

264 2482 401 2525 inveni
412 2500 424 2535 5
452 2492 493 2526 et
511 2499 681 2539 compos
700 2486 785 2528 eius'
805 2488 945 2535 factus,
966 2499 1018 2527 ne
1038 2485 1292 2538 derelinquas
1312 2485 1434 2526 eam³.
1494 2487 1544 2525 In
1564 2487 1751 2526 thesauro
1771 2493 1884 2525 tanto
1904 2486 2098 2538 quicquid
2123 2489 2298 2529 veritatis

264 2546 307 2587 in
332 2555 539 2600 posterum
565 2549 801 2600 invenietur,
822 2549 1041 2590 inventoris
1068 2549 1193 2602 ipsius
1220 2563 1382 2599 nomen,
1405 2549 1529 2589 animi
1554 2549 1679 2590 nostri
1701 2549 1801 2602 grati
1820 2549 1862 2589 in
1882 2550 2028 2591 tabulis
2048 2551 2294 2604 inscriptum,

264 2623 487 2664 numquam
506 2614 688 2665 profecto
707 2612 864 2666 peribit.
922 2615 1034 2654 Vale.

372 2675 530 2714 Datum
549 2677 591 2715 in
613 2677 801 2716 Senaculo

481 2731 622 2770 mensis
640 2731 862 2770 Decembris
879 2731 941 2770 die
958 2737 1027 2770 xv⁰

592 2796 883 2826 MDcccxcvnr.
955 2817 957 2819 .

347 2883 452 2924 Vin's
477 2887 635 2937 egregiis
661 2888 902 2926 Iudaeorum
935 2887 1144 2927 Communi
1170 2887 1212 2926 in
1242 2887 1334 2925 urbe
1361 2886 1467 2937 quod
1489 2886 1659 2937 Aegypti
1681 2891 1799 2938 caput
1823 2892 1880 2926 est
1905 2890 2223 2928 commorantium

594 2949 834 3000 praepositis
863 2948 904 2988 S.
926 2949 974 2988 P.
997 2949 1053 2986 D.
1094 2949 1374 2989 Universitatzs
1407 2949 1742 3000 Cantabrzssgzknsis
1770 2949 1949 2989 Senatus.

374 3009 489 3063 (556)
519 3013 710 3053 GRATms
735 3013 862 3062 vobis,
884 3013 956 3053 viri
981 3014 1137 3066 egregii,
1160 3014 1331 3054 libenter
1356 3014 1511 3066 agimus
1538 3027 1621 3054 non
1645 3015 1771 3055 modo
1790 3023 1953 3067 propter
1972 3015 2295 3059 benevolentiam

263 3072 515 3125 singularem,
530 3088 610 3127 qua
624 3076 842 3117 litterarum
859 3077 1176 3118 Rabbinicarum
1193 3079 1405 3118 Lectorem
1429 3085 1610 3118 nostrum
1629 3079 1682 3119 ad
1701 3092 1773 3119 vos
1792 3080 1956 3119 allatum
1981 3080 2202 3132 excepistis,
2225 3083 2297 3123 sed

494 3158 506 3180 ¹
531 3161 794 3200 Ecclesiasticus,
811 3173 855 3195 xx
875 3173 926 3196 ro.
1074 3162 1088 3183 ¹
1112 3163 1215 3205 Pirqe
1229 3162 1351 3202 Abotln
1370 3162 1394 3195 ii
1414 3172 1465 3206 19.
1613 3161 1627 3183 ²³
1650 3163 1908 3204 Ecclesiasticus,
1926 3164 1959 3196 vi
1978 3174 2030 3206 27.

1243 3238 1262 3263 2
1268 3235 1289 3276 5
1299 3238 1315 3263 1
2055 3240 2077 3278 3
2084 3241 2185 3266 2—2
