2704 3770
354 322 506 373 Lora'
537 320 841 372 Cranbrook.
914 321 1067 371 Lord
1094 321 1435 371 Northbrook.
1511 321 1609 370 Sir
1639 323 1828 388 Henry
1851 324 2044 390 sames.

183 468 268 510 Nili
292 468 396 510 ostia
419 467 540 509 maris
562 468 666 509 illius
689 469 835 509 fluctus
863 467 1006 508 melius
1035 466 1254 519 cognoscit,
1277 466 1347 507 ubi
1371 466 1602 507 Britanniae
1631 480 1752 508 naves
1777 467 1851 508 iter
1874 469 2060 520 gentibus
2084 479 2216 512 tutum

181 529 334 583 ubique
378 537 590 583 praestant.
653 530 735 571 Diu
773 529 955 582 Reginae
996 537 1156 570 nostrae
1193 528 1385 580 auspicio,
1425 536 1465 568 et
1503 527 1699 580 Principis
1742 529 1867 569 nostri
1904 531 2040 580 ductu,
2080 534 2216 574 classis

183 591 423 643 Britannica,
445 606 704 645 quocumque
723 592 766 632 in
795 591 894 632 mari
919 604 1078 644 semper
1099 592 1206 632 bello
1229 598 1376 643 parata,
1399 589 1507 631 orbis
1527 597 1719 630 terrarum
1738 603 1880 642 pacem
1903 600 1943 632 et
1962 594 2214 635 securitatem

182 654 414 697 inviolatam
433 655 647 697 custodiat.

291 719 412 759 Duco
429 719 483 759 ad
502 732 574 760 vos
594 717 821 770 Principem
843 719 1086 758 ALFREDUM
1109 718 1350 757 ERNESTUM
1370 717 1626 766 ALBERTUM,
1651 718 1809 757 DUCEM
1830 729 1888 757 DE
1908 719 2186 761 EmNBUch.

290 850 407 905 (190)
427 852 586 893 Incedit
605 851 808 905 proximus
828 850 1074 892 Academiae
1094 850 1336 892 Oxoniensis
1355 852 1542 891 alumnus
1561 850 1738 903 insignis,
1755 851 1825 902 qui
1845 852 2090 893 Academiae
2110 853 2214 894 illius

181 913 347 956 nomine
365 915 530 956 Senatui
550 915 784 957 Britannico
803 917 1010 967 quondam
1031 915 1255 968 adscriptus
1275 922 1346 965 est,
1364 915 1640 968 suffragiorum
1661 916 1701 955 in
1722 916 1940 956 certamine
1955 916 2031 968 ipsi
2050 917 2215 957 Achilli¹

179 990 264 1018 non
295 977 426 1032 impar
454 979 720 1031 congoessus'.
780 980 898 1020 Idem
927 978 1180 1031 negotiorum
1210 978 1464 1031 publicorum
1493 980 1718 1032 provincias
1747 993 1869 1032 quam
1899 994 2063 1032 magnas
2091 994 2213 1032 quam

177 1038 378 1092 sapienter
408 1040 709 1091 administravit,
744 1041 916 1094 primum
951 1041 1181 1094 provinciae
1211 1041 1470 1089 domesticae,
1506 1041 1654 1083 deinde
1687 1042 1807 1082 rebus
1842 1042 2004 1091 bellicis,
2038 1043 2214 1095 denique

176 1100 332 1156 imperii
366 1103 500 1145 Indici
527 1104 701 1146 concilio
729 1104 990 1158 praepositus.
1050 1106 1191 1157 Nuper
1225 1105 1407 1157 Reginae
1435 1105 1595 1146 concilii
1624 1105 1765 1158 privati
1794 1107 1874 1146 fere
1902 1114 2056 1158 septem
2084 1121 2213 1147 annos

177 1166 411 1218 praefectus,
444 1166 641 1220 sapientia
673 1181 795 1220 quam
830 1167 916 1207 miti
949 1166 987 1207 ei
1024 1167 1255 1218 praesertim
1291 1168 1520 1219 provinciae
1550 1168 1761 1220 praesidet,
1797 1168 1863 1209 cui
1896 1182 2021 1221 prope
2054 1177 2139 1209 tota
2171 1170 2213 1209 in

176 1227 384 1270 Britannia
405 1229 556 1282 patn’ae
581 1244 673 1282 spes
698 1229 921 1270 erudienda
943 1229 1122 1270 traditur.
1179 1230 1266 1270 Viri
1290 1230 1458 1271 huiusce
1484 1238 1524 1271 et
1548 1231 1790 1283 collegarum
1817 1230 1902 1271 eius
1921 1231 2108 1283 auspiciis
2132 1232 2211 1272 iam

173 1292 339 1333 tandem
369 1306 394 1334 a
422 1293 552 1346 prima
583 1293 753 1347 pueritia
783 1293 1002 1346 sapientiae
1035 1300 1151 1346 porta
1179 1293 1398 1346 unicuique
1430 1294 1550 1346 gratis
1584 1294 1724 1347 patet³.
1785 1296 1861 1334 Per
1892 1302 2071 1347 apertam
2102 1295 2209 1335 illam

172 1361 331 1407 portam
350 1354 481 1398 indies
499 1358 633 1409 plures
652 1355 926 1408 ingrediantur
933 1371 944 1406 3
972 1356 1096 1409 inque
1116 1358 1269 1409 templo
1289 1357 1497 1397 doctrinae
1516 1356 1646 1397 indies
1667 1356 1809 1397 melius
1824 1356 1978 1406 initiati,
1995 1359 2047 1398 ad
2063 1358 2210 1398 civium

175 1430 343 1460 munera
360 1419 577 1472 paratiores
597 1421 780 1461 evadant.

285 1482 405 1523 Duco
440 1483 494 1523 ad
530 1496 602 1523 vos
641 1481 822 1534 Reginae
859 1481 1020 1522 concilii
1052 1481 1194 1534 privati
1227 1482 1452 1535 praesidem
1490 1482 1771 1531 venerabilem,
1804 1483 2124 1525 Vice-Comitem
2158 1485 2210 1525 de

176 1542 460 1586 cmunnoox.

283 1684 399 1737 (191)
439 1687 635 1738 Magnum
673 1687 854 1738 profecto
884 1692 945 1726 est
979 1683 1209 1725 Britanniae
1243 1683 1364 1725 totius
1398 1684 1531 1725 officio
1565 1684 1765 1726 maritimo
1795 1686 1885 1737 plus
1923 1698 2046 1737 quam
2084 1687 2208 1726 semel

173 1747 401 1799 praefuisse,
423 1761 614 1800 magnum
634 1749 779 1789 eodem
800 1748 840 1788 in
861 1761 985 1800 regno
1004 1755 1044 1789 et
1063 1761 1195 1788 rerum
1216 1746 1447 1787 bellicarum
1471 1755 1511 1788 et
1537 1747 1692 1799 imperii
1717 1747 1849 1788 Indici
1873 1748 2209 1789 administrationi

172 1807 397 1850 interfuisse
409 1825 421 1860 ς
459 1811 588 1851 multo
617 1810 744 1851 maius
773 1824 936 1863 peregre
968 1810 1009 1850 in
1042 1809 1211 1862 imperio
1244 1816 1382 1849 nostro
1415 1809 1518 1849 inter
1550 1811 1676 1850 Indos
1710 1809 1890 1862 Reginae
1923 1810 2047 1861 ipsius
2078 1818 2208 1862 partes

171 1870 311 1923 egisse,
328 1885 495 1913 munere
513 1871 582 1912 illo
602 1871 754 1924 ingenti
774 1886 857 1913 non
877 1872 1010 1913 minus
1030 1872 1183 1913 fortiter
1202 1886 1323 1924 quam
1344 1871 1511 1913 feliciter
1530 1872 1651 1912 fuisse
1670 1873 1864 1922 functum,
1887 1872 2096 1913 virtutibus
2116 1887 2207 1914 vere

171 1932 288 1986 regiis
313 1934 453 1987 populi
479 1933 602 1975 totius
627 1948 806 1975 amorem
834 1934 911 1975 sibi
937 1935 978 1975 in
1001 1943 1241 1987 perpetuum
1265 1934 1531 1975 conciliasse⁴.
1590 1935 1656 1975 Ab
1678 1934 1850 1975 Horatio
1871 1935 2035 1987 quidam
2056 1935 2206 1976 idcirco

170 1994 358 2036 laudatur
373 1996 498 2049 quod,
519 1997 673 2037 honore
692 1996 778 2037 eius
797 1997 913 2049 quasi
934 2011 1006 2049 per
1030 1997 1195 2037 virtutes
1219 2004 1442 2049 prorogato,
1467 1998 1476 2016 ‘
1489 1998 1632 2036 consul
1658 2011 1740 2037 non
1766 1997 1885 2037 unius
1911 1997 2027 2036 anni'
2047 1997 2205 2037 suerit⁵:

170 2057 242 2098 viri
260 2058 429 2100 huiusce
446 2058 550 2100 inter
566 2059 706 2099 laudes
726 2072 876 2111 ponere
895 2059 1024 2100 ausim
1044 2061 1156 2112 quod
1177 2059 1430 2112 quadriennii
1449 2073 1532 2099 non
1553 2058 1671 2099 unius
1692 2061 1908 2112 proconsul
1934 2059 2105 2109 exstitit;
2135 2061 2206 2100 sed

170 2121 357 2174 quotiens
388 2122 430 2163 in
462 2124 612 2164 Senatu
642 2125 694 2164 de
720 2123 889 2175 imperio
919 2131 1058 2164 nostro
1085 2123 1230 2164 Indico
1262 2123 1498 2175 disputatur,
1531 2136 1653 2163 nemo
1681 2122 1916 2175 promptius,
1948 2136 2070 2163 nemo
2098 2136 2207 2175 prae-

171 2185 335 2236 sentius,
356 2187 585 2240 provinciae
605 2187 681 2229 sibi
700 2188 909 2240 quondam
929 2187 1168 2228 commissae
1188 2186 1415 2227 commodis
1436 2185 1622 2226 consulit.

280 2250 400 2290 Duco
418 2251 472 2290 ad
490 2263 562 2291 vos
582 2251 719 2291 stellae
739 2249 906 2290 Indicae
926 2249 1104 2303 equitem
1123 2249 1328 2298 illustrem,
1351 2248 1555 2290 Comitem
1575 2249 1628 2289 de
1648 2249 1688 2289 N
1691 2260 1966 2289 ORTHBROOK.

280 2386 396 2441 (192)
420 2387 532 2439 Quid
560 2395 621 2428 est
648 2395 730 2427 tam
759 2387 1006 2436 admirabile,
1027 2387 1084 2427 ait
1111 2386 1279 2436 Tullius,
1302 2399 1424 2438 quam
1453 2400 1502 2426 ex
1530 2386 1686 2426 infinita
1712 2386 1968 2428 multitudine
1992 2387 2203 2428 hominum

169 2450 337 2492 existere
364 2464 503 2501 unum,
525 2451 595 2503 qui
620 2451 673 2500 id,
695 2452 807 2504 quod
835 2451 1024 2492 omnibus
1053 2458 1194 2490 natura
1221 2450 1271 2490 sit
1299 2451 1451 2499 datum,
1474 2451 1536 2490 vel
1562 2451 1670 2490 solus
1698 2451 1758 2490 vel
1787 2463 1881 2490 cum
1907 2450 2045 2502 paucis
2074 2452 2203 2491 facere

169 2512 297 2566 possit
307 2513 480 2566 ?...quid
508 2520 591 2553 tam
619 2521 764 2565 potens
793 2520 958 2565 tamque
986 2512 1256 2565 magnificum,
1279 2525 1401 2564 quam
1430 2511 1570 2563 populi
1599 2519 1743 2561 motus,
1769 2511 1948 2552 iudicum
1978 2512 2201 2564 religiones,

168 2584 332 2619 senatus
349 2577 593 2630 gravitatem,
616 2577 734 2617 unius
761 2577 941 2618 oratione
967 2575 1194 2617 converti?⁶
1250 2576 1414 2626 Quanta
1439 2574 1556 2627 igitur
1583 2575 1703 2615 laude
1731 2576 2037 2626 prosequendus
2060 2582 2120 2615 est
2146 2575 2204 2615 vir

169 2646 399 2681 senatomm
432 2639 584 2681 ordinis
611 2639 846 2693 amplissimi
871 2639 975 2679 inter
999 2640 1147 2680 decora
1173 2645 1416 2687 numeratus,
1445 2636 1515 2689 qui
1544 2638 1694 2677 Senatu
1720 2636 1763 2676 in
1795 2636 2027 2678 Britannico
2052 2637 2201 2678 abhinc

167 2716 298 2744 annos
334 2716 460 2756 prope
497 2702 635 2755 viginti
667 2704 842 2743 honores
880 2715 1072 2751 summos,
1107 2701 1176 2753 qui
1215 2709 1255 2741 et
1288 2700 1462 2741 senatori
1492 2707 1532 2740 et
1569 2701 1767 2740 advocato
1804 2700 1887 2740 dari
1927 2708 2108 2753 possunt,
2141 2709 2201 2741 est

165 2767 347 2818 adeptus.
408 2767 538 2816 Idem,
551 2765 700 2807 abhinc
718 2779 848 2806 annos
868 2779 946 2815 sex,
964 2779 1058 2806 cum
1078 2764 1249 2817 partium
1269 2763 1493 2804 liberalium
1513 2765 1595 2804 dux
1614 2772 1654 2804 et
1674 2764 1834 2816 signifer
1849 2763 2200 2816 eloquentissimus

169 2842 275 2870 nova
299 2830 352 2870 de
379 2829 578 2871 Hibernia
603 2830 771 2870 consilia
796 2830 895 2870 inire
920 2829 1130 2882 coepisset,
1159 2842 1210 2868 ne
1236 2829 1390 2868 honore
1417 2827 1581 2879 quidem
1609 2841 1769 2868 summo
1793 2827 1869 2867 sibi
1892 2828 2041 2875 oblato,
2062 2835 2107 2868 ut
2132 2835 2201 2867 aut

169 2891 338 2944 Angliae
358 2892 480 2933 totius
500 2892 772 2934 Cancellarius
786 2900 856 2933 aut
875 2891 1103 2945 provinciae
1123 2889 1370 2931 domesticae
1389 2890 1612 2942 praefectus
1631 2889 1914 2939 nominaretur,
1932 2903 1981 2930 eo
2000 2891 2201 2930 adductus

169 2960 241 3003 est,
262 2961 308 2994 ut
325 2955 378 2995 de
397 2968 438 2995 re
458 2962 540 2995 tam
559 2954 667 3007 gravi
686 2962 726 2995 et
745 2969 859 2995 suam
879 2962 919 2995 et
938 2953 1110 3006 partium
1130 2966 1291 2993 suarum
1312 2951 1552 2992 sententiam
1572 2951 1778 3003 pristinam
1799 2952 2009 2992 desereret.
2057 2951 2199 2992 Virum

169 3016 291 3056 talem
310 3015 428 3068 igitur
447 3030 531 3057 non
551 3018 676 3058 modo
696 3024 858 3070 propter
876 3016 971 3057 iuris
991 3016 1172 3069 peritiam
1192 3015 1277 3055 eius
1297 3014 1538 3066 singularem
1558 3015 1630 3054 sed
1649 3014 1769 3054 etiam
1790 3015 1845 3054 ob
1864 3014 2061 3066 insignem
2076 3013 2200 3053 animi

258 3117 270 3139 ¹
294 3120 349 3151 W.
368 3121 408 3152 E.
425 3121 622 3161 Gladstone,
647 3123 707 3155 186
732 3145 740 3153 .
862 3120 876 3141 ²
898 3123 984 3154 Aen.
1001 3121 1012 3154 i
1028 3128 1104 3162 475.
1224 3118 1237 3140 ⁸
1260 3119 1334 3151 The
1354 3119 1438 3151 Free
1455 3117 1644 3150 Education
1662 3117 1729 3150 Act
1745 3116 1784 3149 os
1800 3118 1893 3161 ¹89¹·
2019 3117 2033 3137 ⁴
2056 3117 2200 3159 Viceroy

169 3163 237 3196 and
253 3163 591 3198 Governor-General
606 3165 644 3198 of
658 3134 765 3203 1miia,
786 3164 946 3207 1872-76.
1068 3163 1082 3183 ⁶
1108 3165 1254 3201 Horace,
1275 3163 1389 3195 Carm.
1406 3163 1440 3194 iv
1455 3171 1488 3204 9,
1509 3172 1562 3205 39.
1689 3159 1703 3180 ⁶
1725 3161 1856 3202 Cicero,
1875 3162 1929 3195 De
1946 3162 2094 3201 Oratore,
2114 3161 2125 3194 i
2143 3171 2194 3202 31.

279 3252 311 3281 s.
334 3252 366 3281 s.
1147 3253 1197 3292 97
2040 3252 2087 3290 13
