2704 3770
1167 323 1455 389 Unz'versz‘ty
1487 325 1554 388 of
1574 324 1832 373 Brussels.-

485 469 666 518 illustres,
684 469 752 521 qui
767 469 863 510 olim
879 469 1202 519 nominabuntur,
1221 484 1328 511 nunc
1343 470 1633 522 intelleguntur.
1693 471 1810 521 Ergo,
1823 470 1877 509 ad
1891 468 2095 510 doctrinae
2109 470 2247 509 sedem
2261 468 2494 510 eruditionis

486 540 620 573 tantae
638 533 762 585 gloria
781 547 851 585 per
869 540 929 573 tot
947 546 1076 573 annos
1091 534 1299 582 celebrem,
1318 534 1527 575 Oratorem
1547 539 1739 581 nostrum,
1757 531 1933 573 Oratoris
1953 531 2077 572 nostri
2095 531 2211 583 primi
2225 544 2494 572 successorem

486 594 757 644 novissimum,
797 597 971 647 legatum
1009 595 1200 635 idoneum
1237 594 1441 644 mittimus,
1475 594 1543 646 qui
1580 601 1760 634 nostrum
1798 592 1979 633 omniurn
2017 593 2180 634 nomine
2216 592 2320 633 ludis
2357 594 2495 634 vestris

485 657 753 698 saecularibus
781 658 928 710 hospes
956 665 1085 698 vester
1112 657 1293 698 intersit1.
1351 658 1503 697 Valete.

594 737 749 775 Datum
776 736 1049 786 Cantabnssgiae

701 791 838 830 mensis
856 791 971 830 Maii
983 791 1044 829 die
1061 789 1147 829 xiiio

809 845 861 883 A.
883 846 924 885 S.
948 851 1119 884 McM1x0.

773 989 1034 1029 Um‘versitati
1056 989 1308 1028 Bruxellensi
1335 989 1376 1028 S.
1406 989 1453 1027 P.
1483 989 1539 1027 D.
1580 989 1824 1028 Universitas
1857 990 2193 1040 Cantabmgrknsts.

590 1067 704 1120 (589)
738 1069 838 1108 NON
871 1067 956 1107 sine
985 1067 1132 1119 gaudio
1170 1081 1296 1119 nuper
1329 1069 1515 1107 certiores
1553 1067 1646 1107 facti
1683 1081 1821 1108 sumus
1859 1068 2168 1109 Universitatem
2205 1076 2386 1119 vestram,
2420 1069 2492 1111 viri

482 1130 672 1170 libertatis
699 1143 834 1169 amore
862 1128 1198 1181 praestantissimi,
1228 1142 1356 1169 annos
1384 1129 1435 1168 ab
1465 1129 1614 1181 origine
1643 1143 1714 1170 sua
1741 1130 1918 1182 quinque
1946 1137 1986 1170 et
2013 1130 2261 1182 septuaginta
2287 1132 2340 1172 ad
2368 1132 2489 1172 finem

483 1194 638 1232 felicem
671 1192 885 1244 perductos
915 1191 1147 1242 propediem
1178 1205 1265 1231 esse
1298 1192 1593 1231 celebraturam.
1653 1193 1906 1231 Gratulamur
1937 1192 2051 1232 vobis
2084 1193 2271 1233 omnibus
2302 1193 2486 1245 primum,

483 1255 594 1305 quod
623 1252 899 1294 Universitatis
928 1260 1079 1292 vestrae
1102 1254 1238 1293 sedem
1268 1253 1423 1293 habetis
1451 1254 1592 1293 urbem
1619 1253 1950 1304 florentissimam,
1972 1253 2073 1294 inter
2095 1255 2230 1295 hortos
2259 1262 2298 1295 et
2325 1269 2490 1297 nemora

482 1328 676 1366 agrosque
704 1314 849 1354 fertiles
877 1314 918 1353 in
947 1315 1037 1353 loco
1066 1315 1144 1354 late
1172 1314 1391 1366 conspicuo
1420 1316 1666 1355 collocatam.
1724 1316 1979 1355 Gratulamur
2005 1316 2119 1356 vobis
2147 1316 2349 1369 deinceps,
2378 1319 2490 1369 quod

482 1377 590 1418 urbis
609 1384 760 1417 vestrae
779 1377 928 1416 curiam
948 1376 1163 1428 antiquam,
1187 1378 1299 1416 turris
1319 1377 1607 1428 pulcherrimae
1626 1377 1836 1418 altitudine
1859 1385 2099 1425 exornatam,
2120 1380 2226 1419 velut
2248 1379 2491 1420 incunabula

482 1448 610 1480 vestra
628 1439 882 1488 veneramini,
903 1439 1015 1479 cuius
1035 1439 1131 1479 olim
1150 1439 1192 1479 in
1211 1441 1302 1479 aula
1321 1439 1533 1491 splendida
1551 1439 1761 1489 orationes,
1783 1447 1823 1480 et
1841 1440 1893 1480 ab
1913 1440 2020 1480 urbis
2044 1448 2195 1481 vestrae
2217 1442 2428 1493 praefecto,
2449 1448 2490 1483 et

482 1504 533 1543 ab
566 1517 648 1543 uno
681 1517 704 1543 e
736 1502 1010 1543 conditoribus
1042 1502 1208 1550 vestris²,
1244 1502 1312 1542 illo
1345 1502 1493 1542 mensis
1527 1502 1766 1542 Novembris
1803 1502 1868 1542 die
1901 1510 1993 1542 sunt
2025 1503 2195 1552 habitae,
2227 1517 2348 1555 quem
2381 1504 2489 1545 diem

482 1571 655 1604 vestrum
683 1566 856 1604 natalem
878 1565 1077 1616 appellare
1099 1563 1370 1604 consuevistis.
1431 1565 1684 1604 Gratulamur
1706 1564 1820 1606 vobis
1842 1571 2055 1616 postremo,
2077 1566 2188 1616 quod
2210 1565 2318 1605 urbis
2339 1573 2491 1607 vestrae

481 1641 505 1667 a
537 1627 707 1668 concilio
741 1627 1111 1667 munificentissimo
1139 1640 1209 1679 per
1241 1633 1300 1667 tot
1327 1640 1523 1667 annorum
1557 1626 1662 1667 vices
1691 1629 1816 1667 varias
1845 1627 2055 1667 liberaliter
2086 1627 2223 1676 adiuti,
2253 1627 2294 1667 in
2321 1627 2488 1669 aedibus

482 1689 745 1741 amplissimis,
768 1702 860 1729 cum
887 1688 1161 1729 dominatione
1184 1695 1344 1728 externa
1369 1688 1540 1740 primum
1567 1688 1816 1739 consociatis,
1842 1688 1988 1729 deinde
2013 1688 2087 1728 iuri
2112 1689 2290 1731 dicundo
2311 1689 2491 1742 auspicio

482 1751 646 1791 meliore
691 1750 896 1799 dedicatis,
934 1750 1125 1790 libertatis
1166 1751 1319 1801 asylum
1358 1750 1457 1790 illud
1494 1763 1678 1790 securum
1715 1750 1931 1798 invenistis,
1971 1751 2082 1801 quod
2119 1751 2336 1792 conditoris
2372 1751 2491 1792 vestri

481 1812 684 1865 praecipui
711 1819 841 1852 statua
869 1811 1013 1863 insigni
1042 1811 1182 1852 merito
1210 1812 1457 1852 exornastis⁸.
1516 1814 1631 1852 Iuvat
1663 1811 1785 1852 hodie
1813 1811 2009 1852 recordari
2037 1812 2286 1853 conditorem
2315 1820 2489 1854 vestrum

481 1877 659 1923 alterum,
699 1874 780 1914 diei
816 1873 935 1914 vestri
971 1875 1112 1914 natalis
1150 1881 1347 1914 oratorem
1385 1876 1564 1920 alterum,
1602 1877 1844 1914 AUGUSTUM
1883 1877 2058 1914 ALEXIM
2096 1877 2323 1926 BARONEM,
2361 1876 2488 1917 virum

483 1938 703 1978 studiorum
731 1936 951 1977 liberalium
977 1950 1112 1977 amore
1138 1937 1411 1989 conspicuum,
1434 1945 1474 1977 et
1500 1937 1675 1989 linguam
1701 1945 1877 1978 nostram
1900 1946 1939 1978 et
1959 1939 2104 1979 litteras
2124 1946 2277 1979 nostras
2295 1952 2488 1991 perquam

482 2001 665 2041 dilexisse
695 2001 933 2052 penitusque
961 1999 1223 2050 cognovisse⁴.
1285 2002 1400 2039 Iuvat
1428 2000 1603 2051 denique
1630 2001 1837 2040 alumnum
1866 2008 2044 2041 nostrum
2072 2001 2166 2041 iuris
2193 2001 2485 2053 peritissimum,

484 2064 687 2102 IOANNEM
733 2062 982 2108 WESTLAKE‚
1022 2060 1115 2100 iuris
1152 2061 1331 2113 gentium
1373 2075 1500 2112 nuper
1541 2063 1803 2112 professorem
1845 2069 2025 2102 nostrum
2066 2064 2321 2114 praeclarum,
2360 2063 2487 2103 virum

482 2124 678 2164 amicitiae
696 2123 862 2163 vinculis
881 2123 1060 2175 plurimis
1079 2137 1172 2163 cum
1191 2125 1317 2175 patria
1342 2131 1469 2164 vestra
1491 2123 1762 2173 coniunctum,
1783 2126 1954 2176 legatum
1981 2131 2160 2164 nostrum
2183 2125 2345 2165 honoris
2368 2138 2488 2166 causa

483 2186 699 2234 nominare,
722 2184 790 2236 qui
815 2186 893 2223 hoc
921 2185 1223 2225 benevolentiae
1251 2192 1409 2225 nostrae
1437 2185 1709 2225 testimonium
1735 2187 1787 2226 ad
1812 2199 1883 2226 vos
1905 2188 2084 2237 perferat,
2105 2193 2145 2226 et
2171 2188 2339 2227 Senatus
2363 2187 2487 2228 nostri

483 2246 612 2287 verbis
631 2245 889 2287 Universitati
908 2253 1060 2285 vestrae
1079 2246 1215 2286 omnia
1234 2260 1422 2298 prospera
1440 2246 1481 2286 in
1501 2253 1703 2298 posterum
1723 2254 1893 2299 exoptet.
1951 2249 2103 2288 Valete.

591 2324 746 2362 Datum
771 2324 1044 2373 Cantabngiae

699 2378 837 2416 mensis
858 2378 1028 2417 Octobris
1046 2378 1105 2416 die
1123 2377 1258 2417 xxviii⁰

806 2431 859 2469 A.
882 2432 921 2471 S.
945 2438 1116 2470 MCM1x0.

570 2529 583 2550 ¹
605 2530 680 2563 The
694 2530 824 2563 festival
839 2541 907 2564 was
921 2530 1096 2563 described
1111 2531 1156 2573 by
1170 2530 1227 2564 the
1244 2530 1407 2574 Delegate
1424 2530 1489 2574 (Dr
1505 2530 1648 2575 Sandys)
1665 2532 1700 2564 in
1723 2531 1779 2564 the
1806 2531 2001 2574 Cambridge
2020 2532 2153 2565 Review
2173 2532 2224 2565 for
2246 2543 2267 2577 9
2290 2533 2373 2566 Dec.
2393 2543 2406 2565 1
2478 2555 2487 2565 .

483 2572 497 2592 ²
519 2574 669 2615 Auguste
684 2574 801 2606 Alexis
818 2574 938 2606 Barou-
1103 2573 1118 2593 ⁸
1141 2575 1257 2607 Statue
1272 2574 1311 2606 of
1323 2573 1499 2607 Theodore
1514 2575 1722 2617 Vcrhaegen,
1737 2575 1771 2607 in
1787 2575 1876 2607 front
1891 2575 1930 2607 of
1940 2575 1997 2607 the
2013 2575 2135 2608 former
2149 2576 2263 2619 palace
2279 2576 2318 2609 os
2329 2577 2357 2610 C
2420 2576 2488 2610 inal

483 2617 673 2650 Granvelle.
808 2615 822 2639 4
846 2617 921 2650 Life
938 2618 972 2650 in
988 2617 1031 2650 A.
1050 2618 1098 2650 Le
1117 2618 1201 2660 Roy,
1221 2617 1460 2651 L’Universite'
1468 2619 1507 2652 de
1521 2618 1627 2660 Lie'ge,
1646 2619 1669 2650 ii
1688 2628 1723 2659 51
1740 2618 1764 2650 f.

763 2884 774 2904 ‘
789 2879 856 2927 H
854 2879 896 2927 ic
931 2879 1059 2929 locus
1094 2886 1166 2929 est
1200 2886 1391 2929 metae:
1431 2881 1560 2929 liber
1591 2882 1796 2946 explicit,
1837 2888 1983 2946 atque
2016 2884 2171 2931 valete
2187 2882 2210 2931 ².

1380 2973 1573 3024 Colophon
1600 2973 1648 3023 of
1667 2987 1692 3013 a
1720 2974 1809 3013 MS
1831 2974 1880 3025 of
1896 2975 2057 3013 Persius
2084 2973 2215 3026 (Bodl.
2246 2974 2378 3026 8879).
