2704 3770
801 327 874 377 A.
917 328 1227 378 Glazounow.
1299 328 1458 379 HM
1506 327 1556 377 T
1549 329 1610 378 lte
1644 327 1794 393 King
1823 326 1888 392 of
1913 326 2068 378 Siam.

538 471 652 524 (454)
674 473 875 512 Gaudium
897 481 1075 513 nostrum
1095 474 1311 513 cumulavit
1330 474 1452 514 hodie
1471 474 1527 513 vir
1546 474 1587 513 in
1606 481 1689 513 arte
1709 473 1860 513 musica
1879 473 2054 525 insignis,
2068 473 2137 524 qui
2158 475 2378 514 Russorum
2398 472 2439 512 in

430 532 597 585 imperio
615 534 789 574 maximo
808 534 886 574 iam
908 549 977 587 per
995 549 1122 576 annos
1142 535 1320 587 quinque
1339 543 1379 576 et
1398 535 1534 587 viginti
1554 535 1595 575 in
1614 537 1704 575 luce
1723 534 1883 586 publica
1901 542 2088 584 versatus,
2105 534 2276 587 primum
2295 534 2442 575 abhinc

429 609 557 636 annos
577 597 718 637 decem
743 596 972 638 Britanniae
999 597 1184 638 innotuit.
1242 600 1488 649 Argumenta
1513 611 1657 649 magna
1681 597 1739 637 vir
1760 610 1929 648 magnus
1954 610 2169 649 aggressus,
2190 596 2441 649 popularium

431 670 594 697 suorum
626 658 719 698 artis
753 659 929 699 musicae
959 659 1175 700 hodiernae
1207 659 1247 698 in
1285 662 1294 680 ‘
1308 661 1568 711 Raymonda'
1601 658 1829 711 praesertim
1863 660 2151 699 documentum
2185 658 2441 711 splendidum

429 721 639 772 protulisse
667 722 822 763 dicitur.
882 724 992 763 Inter
1020 724 1168 775 peritos
1197 735 1288 762 vero
1317 730 1483 771 constat,
1515 725 1524 743 ‘
1537 723 1754 773 nympham
1783 723 1989 774 pulchram
2019 721 2305 762 dormientem'
2332 720 2441 761 illam

431 798 455 824 a
483 786 809 835 Tschai‘kovskiQ
840 787 1005 826 doctore
1034 786 1129 826 olim
1159 786 1324 834 nostro¹‚
1351 785 1512 825 musicis
1541 785 1671 825 modis
1699 786 2057 833 accommodatam,
2083 785 2196 836 quasi
2224 791 2439 824 statuarum

431 848 811 899 elegantissimarum
831 849 1013 889 ordinem
1033 850 1217 900 effingere
1231 863 1242 897 ;
1269 848 1340 887 viri
1360 848 1477 887 huius
1496 855 1630 888 autem
1651 853 1660 870 ‘
1676 849 1957 899 Raymondam
1969 849 1978 867 ’
1994 848 2125 899 figuris
2140 847 2272 899 potius
2286 860 2334 887 ex
2352 858 2443 886 aere

430 909 527 949 fusis
552 909 757 950 immensis
780 909 1031 962 comparari'.
1090 911 1205 950 Iuvat
1233 923 1342 950 nunc
1369 910 1512 950 iterum
1541 923 1589 950 ex
1616 909 1782 961 imperio
1809 911 2032 949 Russorum
2054 911 2106 950 ad
2132 923 2206 949 nos
2231 910 2442 949 advectum

431 972 600 1011 salutare
620 971 895 1023 magistrorum
915 973 956 1012 in
975 979 1058 1012 arte
1078 971 1229 1011 musica
1249 985 1482 1023 magnorum
1507 973 1720 1020 aemulum,
1742 971 1811 1023 qui
1834 971 1926 1010 artis
1950 984 2044 1010 suae
2068 984 2193 1022 genus
2219 971 2442 1023 pulchrum,

429 1045 554 1084 genus
578 1046 756 1073 severum
783 1041 823 1074 et
849 1035 1024 1074 sobrium
1049 1042 1328 1086 repraesentat,
1350 1034 1580 1086 patriaeque
1606 1042 1746 1074 cantus
1772 1035 1983 1086 populares
2010 1048 2091 1074 non
2115 1034 2247 1074 minus
2275 1033 2444 1074 fideliter

431 1107 553 1145 quam
572 1096 735 1136 feliciter
755 1096 948 1148 exprimit.

538 1158 695 1208 Agmen
728 1166 908 1198 nostrum
941 1158 1091 1199 claudit
1123 1158 1246 1199 hodie
1278 1158 1319 1198 in
1352 1166 1436 1198 arte
1469 1158 1621 1198 musica
1657 1158 1783 1198 victor
1811 1158 2141 1207 florentissimus⁸,
2174 1160 2444 1198 ALEXANDER

433 1219 715 1260 GLAzotJNow.

1244 1410 1302 1457 25
1330 1395 1472 1461 sune
1515 1408 1638 1457 1907

753 1511 834 1558 At
868 1511 1179 1560 Devonslzz're
1213 1512 1281 1560 H
1277 1529 1400 1569 ouse,
1440 1513 1520 1560 the
1554 1512 1764 1561 London
1800 1512 2041 1561 resz'dence
2077 1511 2141 1575 of

1055 1595 1163 1644 His
1202 1596 1361 1644 Grace
1396 1595 1477 1644 tlte
1517 1596 1838 1646 ΕΙιαφτεείίον4

543 1712 656 1766 (455)
672 1714 928 1752 DlomserE
939 1712 1114 1763 domine,
1131 1713 1306 1753 Domine
1320 1713 1641 1762 Procancellarie‚
1659 1721 1698 1754 et
1711 1726 1792 1762 vos,
1807 1719 2006 1764 quotquot
2020 1711 2178 1760 adestis,
2195 1710 2445 1751 Academici:

544 1788 596 1826 ΙΝ
616 1787 694 1826 hoc
713 1787 815 1835 loeo,
837 1785 907 1826 ubi
927 1800 1009 1826 non
1030 1786 1115 1827 sine
1135 1788 1274 1826 dolore
1294 1786 1587 1828 Cancellarium
1608 1795 1799 1834 nostrum,
1820 1786 1947 1826 virum
1968 1786 2019 1825 de
2038 1784 2258 1825 Academia
2277 1791 2358 1824 tam
2378 1783 2447 1824 diu

435 1857 597 1900 tamque
611 1849 808 1900 praeclare
825 1848 1020 1897 meritum,
1038 1849 1246 1889 absentem
1261 1849 1545 1897 desideramus,
1562 1862 1644 1889 non
1660 1862 1768 1889 nunc
1783 1848 1955 1900 primum
1970 1848 2063 1887 licet
2078 1860 2188 1887 more
2202 1843 2448 1887 Academico

436 1911 577 1951 Latine
610 1909 730 1961 loqui.
790 1909 950 1949 Abhinc
980 1924 1107 1950 annos
1141 1911 1384 1962 quindecim,
1420 1911 1461 1950 in
1492 1912 1567 1950 hac
1600 1910 1686 1962 ipsa
1715 1911 1852 1959 domo,
1881 1923 1962 1961 quo
1988 1909 2054 1950 die
2086 1908 2206 1960 patris
2239 1907 2448 1960 optirniin

435 1975 569 2014 locum
593 1974 862 2014 Cancellarius
889 1981 949 2012 est
972 1972 1237 2024 inauguratus,
1261 1975 1429 2013 Senatus
1458 1973 1579 2013 totius
1606 1973 1769 2013 nomine
1800 1972 1905 2012 Duci
1929 1972 2072 2023 insigni
2097 1971 2239 2023 gratias
2265 1971 2447 2023 egimus⁶.

439 2037 575 2077 Hodie
594 2036 756 2084 ibidem,
779 2037 948 2075 Senatus
977 2035 1156 2076 eiusdem
1187 2036 1360 2085 nomine,
1383 2037 1437 2076 ob
1467 2036 1661 2076 beneficia
1690 2036 1901 2087 singularia
1923 2036 1964 2074 in
1987 2034 2247 2074 Academiam
2273 2041 2449 2074 nostram

437 2101 580 2140 collata
614 2099 716 2150 Regi
745 2099 884 2138 illustri
914 2099 1056 2150 gratias
1087 2099 1250 2150 agimus,
1286 2099 1353 2150 qui
1385 2099 1478 2139 solis
1507 2099 1560 2138 ab
1590 2107 1678 2138 ortu
1711 2111 1838 2150 nuper
1869 2099 2070 2145 advectus,
2103 2095 2220 2136 nobis
2252 2095 2451 2148 paulisper

437 2170 593 2202 tantum
612 2161 768 2200 affulsit.
826 2162 892 2201 Ab
912 2175 1057 2200 occasu
1077 2161 1170 2200 solis
1191 2174 1317 2212 usque
1332 2162 1383 2201 ad
1404 2169 1544 2209 ortum,
1562 2169 1682 2212 atque
1700 2162 1803 2201 adeo
1822 2164 1831 2182 ‘
1846 2159 2032 2200 omnibus
2044 2159 2085 2198 in
2102 2158 2222 2207 terris,
2240 2171 2343 2210 quae
2358 2165 2450 2198 sunt

438 2238 462 2264 a
495 2224 676 2264 Gadibus
714 2236 842 2274 usque
880 2226 1076 2263 Auroram
1106 2231 1146 2263 et
1184 2220 1351 2275 Gangen
1365 2225 1404 2273 '⁶,
1442 2224 1720 2263 Britannorum
1757 2224 1908 2263 amicos
1940 2230 2038 2274 quot
2077 2223 2207 2273 Reges
2243 2220 2450 2278 nominare

438 2290 673 2339 possumus!
732 2286 863 2325 Etiam
894 2287 994 2325 ultra
1029 2288 1196 2338 Gangen
1227 2294 1348 2337 atque
1377 2286 1454 2326 alia
1482 2286 1648 2325 flumina
1678 2286 1884 2335 immensa,
1915 2286 2023 2325 iuxta
2050 2284 2204 2336 imperii
2234 2283 2451 2324 Britannici

438 2349 663 2395 terminum,
677 2348 895 2388 amicorum
916 2355 1140 2388 nostrorum
1161 2348 1202 2387 in
1218 2362 1386 2388 numero
1406 2349 1601 2388 habemus
1622 2351 1787 2401 Regem,
1802 2349 1871 2401 qui
1890 2349 1992 2389 inter
2011 2348 2179 2388 maiores
2199 2360 2304 2396 suos,
2320 2349 2451 2399 Reges

439 2419 507 2451 aut
526 2410 620 2450 belli
640 2418 708 2450 aut
727 2412 836 2462 pacis
856 2410 896 2449 in
916 2410 1066 2449 artibus
1086 2410 1270 2462 insignes,
1287 2412 1418 2462 Reges
1438 2419 1506 2450 aut
1526 2411 1748 2451 studiorum
1762 2411 2133 2451 mathematicorum
2148 2417 2216 2450 aut
2230 2409 2451 2461 linguarum

439 2474 577 2525 peritia
607 2475 840 2525 praeclarOS,
876 2473 1121 2524 computavit
1135 2488 1146 2522 5
1185 2473 1335 2524 quique
1366 2473 1464 2525 ipse,
1496 2487 1577 2513 non
1617 2475 1740 2514 modo
1776 2474 1934 2526 linguae
1968 2482 2126 2514 nostrae
2159 2480 2198 2513 et
2235 2473 2451 2512 litterarum

440 2543 662 2575 nostrarum
682 2534 847 2574 scientia
865 2535 1076 2583 antecellit,
1098 2535 1169 2574 sed
1190 2534 1309 2574 etiam
1329 2535 1528 2587 religionis
1551 2549 1645 2575 suae
1667 2535 1776 2575 libris
1801 2535 1919 2575 sacris
1945 2535 2119 2575 fluminis
2140 2535 2214 2574 Isis
2236 2534 2279 2574 in
2300 2534 2385 2586 ripa
2409 2533 2451 2573 in

439 2597 614 2649 linguam
634 2597 804 2636 eandem
825 2596 1039 2636 reddendis
1060 2610 1146 2636 sese
1166 2596 1485 2637 liberalissimum
1505 2597 1698 2649 praestitit
1717 2597 1961 2649 patronum⁷.

549 2661 678 2708 Idem,
699 2658 848 2698 telluris
868 2658 1083 2698 Siamensis
1103 2672 1125 2698 e
1145 2666 1204 2698 tot
1224 2659 1392 2711 regibus,
1414 2660 1564 2711 primus
1585 2660 1764 2700 omnium
1785 2660 1888 2700 vitae
1907 2674 2002 2700 suae
2025 2660 2138 2711 quasi
2160 2661 2288 2711 legem
2311 2671 2452 2710 propo-

441 2721 528 2770 suit,
559 2734 641 2760 non
675 2720 751 2760 sibi
780 2727 936 2759 tantum
967 2720 1096 2760 vivere
1127 2722 1198 2760 sed
1229 2721 1366 2772 populi
1399 2721 1520 2762 totius
1551 2721 1775 2762 commodis
1802 2721 1999 2761 inservire.
2058 2721 2121 2760 Ibi
2150 2721 2355 2772 quondam
2382 2732 2453 2771 per

441 2785 601 2834 longam
620 2795 816 2822 annorum
837 2781 978 2822 seriem
998 2781 1195 2833 principes
1214 2783 1384 2833 plurimi,
1405 2783 1562 2835 regibus
1581 2783 1755 2834 antiquis
1776 2783 1838 2822 vix
1856 2790 1924 2822 aut
1943 2796 1994 2823 ne
2013 2782 2077 2822 vix
2091 2783 2255 2834 quidem
2270 2780 2450 2830 subiecti,

442 2846 549 2885 velut
586 2845 734 2885 saeculi
771 2845 979 2885 cuiusdam
1017 2845 1166 2884 heroici
1204 2844 1414 2896 ὃημοβόροι
1453 2847 1672 2897 βασιλῆεςὸ,
1712 2848 1906 2898 populum
1949 2859 2064 2885 suum
2107 2859 2189 2885 non
2234 2846 2339 2885 alere
2380 2845 2452 2884 sed

529 2931 542 2952 ¹
565 2933 631 2965 No.
646 2941 705 2974 217
718 2937 832 2975 supra.
962 2930 976 2951 ²
997 2932 1120 2972 While,
1140 2933 1174 2964 in
1191 2933 1457 2976 Tcha‘ikovsky's
1473 2935 1575 2966 ballet
1591 2934 1629 2966 of
1647 2934 1714 2966 The
1729 2934 1884 2976 Sleeping
1896 2934 2036 2975 Beauty,
2054 2933 2135 2965 each
2151 2933 2257 2965 dance
2273 2930 2459 2964 resembles'

443 2986 485 3008 an
504 2975 651 3018 ‘elegant
674 2975 856 3013 statuette',
874 2975 1106 3008 Glazounow’s
1128 2977 1230 3008 ballet
1254 2977 1292 3009 of
1309 2978 1505 3019 Raymonda
1530 2978 1640 3020 brings
1662 2977 1776 3009 before
1799 2988 1837 3009 us
1856 2977 2011 3009 ‘colossal
2033 2987 2156 3019 groups
2175 2980 2244 3009 cast
2263 2975 2298 3008 in
2314 2973 2451 3007 bronze’

445 3018 597 3059 (Grove’s
614 3020 813 3060 Dictionary
827 3019 868 3061 qs
874 3019 996 3056 Music,
1013 3019 1066 3051 ed.
1082 3030 1111 3059 τ,
1130 3019 1154 3052 ii
1174 3019 1233 3061 176
1245 3021 1287 3059 b).
1401 3020 1415 3041 ³
1440 3023 1448 3038 ‘
1458 3022 1523 3053 His
1538 3031 1649 3053 career
1664 3021 1701 3053 os
1712 3021 1887 3053 unbroken
1902 3021 2088 3063 prosperity
2102 3020 2162 3052 has
2177 3020 2262 3052 been
2278 3017 2451 3051 described

443 3073 480 3094 as
495 3063 551 3095 the
567 3063 756 3095 realisation
771 3062 810 3094 of
820 3073 840 3095 a
854 3062 1020 3103 fairy-tale
1037 3068 1085 3094 set
1103 3068 1137 3094 to
1152 3063 1273 3095 music'
1289 3062 1374 3106 (ib.).
1523 3063 1536 3084 ⁴
1560 3064 1667 3096 Grace
1684 3077 1713 3104 4,
1734 3063 1772 3095 of
1783 3063 1804 3096 6
1815 3065 1903 3106 June
1923 3071 2015 3106 1907.
2164 3061 2178 3082 ⁶
2203 3072 2240 3094 12
2254 3062 2331 3104 Jan.
2354 3062 2446 3103 1892.

444 3105 458 3125 ⁶
478 3106 633 3148 Juvenal,
651 3117 670 3137 x
688 3106 709 3137 i.
862 3104 875 3126 ⁷
904 3106 937 3137 T
931 3106 970 3137 he
994 3106 1119 3137 sacred
1137 3107 1243 3138 Books
1266 3106 1307 3149 of
1312 3108 1366 3139 tlze
1381 3108 1575 3146 Buddhists,
1594 3107 1645 3139 ed.
1668 3108 1745 3138 Max
1765 3107 1898 3144 Muller,
1913 3107 2089 3150 published
2104 3111 2138 3138 at
2154 3105 2295 3144 Oxford,
2312 3103 2450 3147 1895-6,

442 3149 547 3181 under
562 3149 619 3181 the
634 3155 815 3191 patronage
830 3148 868 3180 of
879 3149 935 3181 the
952 3149 1043 3190 King
1058 3149 1096 3181 of
1107 3149 1209 3183 Siam.
1344 3149 1358 3169 ⁸
1380 3151 1424 3183 ll.
1441 3151 1452 3182 i
1469 3162 1485 3182 2
1491 3161 1543 3192 31,
1562 3151 1737 3192 δημοβόρος
1751 3152 1914 3192 βασιλεύς.

1414 3223 1491 3260 206
