2704 3770
722 327 903 392 Henry
926 327 1106 394 sames
1139 326 1399 376 Malthew.
1471 326 1760 375 Archz'bald
1787 326 2092 391 Lz'versz'dge.

404 477 685 529 perspicacem,
718 489 838 528 quarn
871 475 1101 524 candidum,
1136 488 1257 526 quam
1291 474 1488 514 urbanum
1521 486 1608 513 sese
1636 473 1828 524 praebuit.
1900 473 2062 522 Quanta
2091 472 2291 512 alacritate
2318 471 2414 512 olim

405 537 507 578 inter
525 540 735 590 populares
755 551 848 577 suos
868 537 1136 577 occidentales
1159 535 1331 575 Darwini
1351 535 1474 575 nostri
1494 536 1620 575 solem
1636 534 1830 575 orientem
1850 533 2000 585 primus
2019 533 2200 573 omnium
2219 532 2414 581 salutavit,

404 599 614 639 arbitratus
642 599 748 639 idem
778 599 999 639 doctrinam
1025 598 1133 638 illam
1160 599 1211 637 de
1234 598 1448 637 formarum
1474 596 1665 636 variarum
1691 595 1840 646 origine
1865 607 2026 634 causam
2048 594 2222 646 aliquam
2245 594 2414 646 primam

405 662 614 713 postulare,
648 668 688 701 et
720 660 813 701 fidei
846 661 898 700 de
934 658 1099 699 numine
1137 660 1323 710 quodam,
1360 660 1469 709 quod
1502 659 1638 698 omnia
1671 656 1858 697 creaverit
1889 657 2172 708 gubernetque‚
2205 669 2291 696 esse
2322 669 2415 695 con-

405 731 651 764 sentaneum.
713 723 810 763 Viro
840 730 952 763 tanto
978 722 1130 762 utinam
1160 722 1375 773 contingat,
1400 729 1444 762 ut
1467 735 1568 773 opus
1587 721 1685 761 illud
1704 721 1854 772 ingens,
1880 721 1991 772 quod
2012 720 2220 760 Americae
2240 718 2416 759 Borealis

406 786 545 825 Florae
577 785 798 825 accuratius
828 784 1113 825 describendae
1143 784 1239 824 olim
1272 784 1480 832 dedicavit,
1513 785 1565 824 ad
1597 783 1745 823 exitum
1778 783 1933 823 felicem
1967 782 2183 834 aliquando
2211 783 2413 834 perducat.

406 849 525 888 Illum
555 848 724 896 interim,
756 848 824 899 qui
847 848 1053 889 scientiam
1076 855 1157 887 tam
1188 849 1394 899 pulchram
1421 847 1501 887 suis
1527 847 1740 895 laboribus,
1771 860 1843 886 sua
1869 848 1958 894 vita,
1989 853 2070 886 tarn
2100 845 2169 886 diu
2197 844 2414 894 illustravit,

404 925 531 963 usque
564 924 706 951 canam
742 912 795 952 ad
832 918 1090 959 senectutem,
1125 918 1166 950 ut
1196 915 1315 961 poe'ta
1347 917 1482 949 noster
1512 909 1576 958 ait,
1612 909 1735 948 ‘vitae
1773 907 1996 948 innocentis
2027 907 2243 947 candidum
2276 907 2413 947 florem

402 988 542 1026 gerens
555 974 773 1024 '¹,—illum,
797 974 973 1026 inquam,
1001 973 1062 1013 his
1088 975 1227 1014 saltem
1253 972 1382 1012 laudis
1407 971 1592 1021 flosculis,
1614 972 1690 1011 hac
1715 972 1855 1011 saltem
1880 970 2042 1010 honoris
2068 971 2226 1018 corolla,
2247 969 2416 1009 libenter

403 1049 652 1077 coronamus.

511 1099 707 1138 Plurimos
726 1098 767 1137 in
786 1111 913 1138 annos
934 1097 1176 1138 Academiae
1191 1109 1380 1136 coronam
1396 1095 1646 1135 illustriorem
1659 1096 1799 1136 reddat
1815 1096 1954 1135 Florae
1969 1096 2154 1136 sacerdos
2166 1093 2411 1143 venerabilis,

405 1162 491 1199 AsA
511 1161 645 1200 GRAY.

1223 1364 1282 1413 27
1325 1352 1432 1401 Oct.
1478 1354 1603 1414 1887

511 1478 626 1531 (124)
655 1479 788 1528 QUAM
820 1477 989 1517 libenter
1015 1475 1136 1516 hodie
1168 1476 1336 1528 Collegii
1366 1475 1527 1516 maximi
1557 1477 1775 1524 alumnum,
1806 1474 1953 1516 Christi
1979 1474 2157 1524 militem,
2185 1475 2411 1526 salutamus,

403 1543 471 1594 qui
501 1541 708 1593 stipendiis
737 1540 856 1580 sacris
884 1540 985 1580 inter
1014 1541 1140 1579 Indos
1167 1540 1421 1591 approbatus,
1454 1538 1595 1578 Indiae
1614 1537 1784 1590 regionis
1804 1537 1926 1589 ipsius
1952 1537 2163 1589 episcopus
2186 1537 2414 1590 designatus

403 1613 473 1653 est,
495 1618 615 1656 quam
635 1604 860 1644 Alexander
883 1602 949 1642 ille
972 1615 1138 1654 magnus
1164 1602 1259 1642 olim
1279 1601 1443 1642 victoria
1462 1601 1650 1641 lustravit.
1708 1600 1867 1641 Scilicet
1889 1599 1990 1639 inter
2016 1600 2228 1652 Hyphasin
2251 1601 2412 1650 flumen,

403 1666 618 1707 Alexandri
648 1666 832 1706 itinerum
870 1664 1095 1712 terminum,
1136 1671 1174 1703 et
1212 1663 1383 1704 fabulosi
1420 1663 1523 1703 illius
1563 1662 1768 1714 Hydaspis
1801 1661 1915 1713 ripas,
1955 1661 2141 1702 victoriae
2177 1675 2259 1702 non
2297 1662 2414 1703 unius

402 1729 594 1778 conscias,
616 1728 750 1768 militis
773 1727 897 1768 nostri
922 1726 1162 1779 praetorium
1185 1727 1418 1779 propediem
1442 1726 1712 1766 collocabitur.
1771 1727 1870 1765 Mox
1894 1725 1935 1764 in
1958 1733 2085 1765 castra
2107 1725 2174 1766 illa
2198 1725 2415 1778 longinqua

403 1792 609 1840 rediturus,
639 1803 937 1843 saepenumero,
969 1789 1044 1829 nisi
1073 1790 1194 1838 fallor,
1226 1789 1388 1829 militiae
1417 1803 1512 1829 suae
1538 1788 1764 1829 rudimenta
1786 1788 1913 1840 prima
1938 1801 2062 1840 prope
2087 1790 2259 1830 Carnum
2284 1790 2415 1841 posita

403 1855 537 1896 animo
570 1862 681 1907 grato
714 1853 896 1906 respiciet
910 1868 920 1902 3
957 1853 998 1892 in
1029 1852 1205 1893 excubiis
1238 1852 1313 1892 illis
1345 1852 1463 1892 sacris
1496 1853 1635 1903 procul
1668 1858 1896 1902 occupatus,
1927 1858 1967 1891 et
1999 1859 2129 1892 vestro
2160 1859 2201 1892 et
2233 1853 2414 1893 omnium

402 1918 600 1958 bonorum
629 1916 775 1956 auxilio
803 1916 954 1956 fortiter
981 1915 1254 1964 adiuvabitur,-
1286 1923 1397 1955 tanto
1423 1915 1597 1966 denique
1625 1914 1774 1954 itineris
1803 1915 1930 1965 spatio
1959 1928 1982 1954 a
2010 1915 2127 1955 nobis
2154 1915 2314 1965 divisus,
2342 1918 2413 1957 sed

404 1981 509 2020 idern
531 1980 684 2031 imperii
704 1993 785 2019 non
810 1978 915 2018 orbis
939 1986 1126 2018 terrarum
1152 1978 1298 2017 finibus
1321 1977 1520 2017 terminati
1546 1977 1724 2017 minister
1749 1979 1998 2026 constitutus,
2020 1992 2068 2018 ex
2095 1978 2182 2029 ipso
2210 1979 2413 2031 Hyphasis

404 2043 464 2083 sui
485 2043 659 2094 margine
677 2049 831 2082 vosmet
846 2041 954 2092 ipsos
969 2040 1184 2080 Alexandri
1199 2040 1339 2089 verbis,
1357 2041 1583 2079 Alexandro
1599 2039 1758 2088 felicior,
1774 2053 1856 2079 non
1876 2041 2016 2079 frustra
2034 2042 2279 2092 alloquetur:
2311 2045 2321 2062 ‘
2343 2043 2414 2081 Vos

403 2119 469 2144 oro
487 2118 694 2155 quaesoque
713 2118 758 2142 ne
777 2105 979 2142 alumnum
998 2103 1353 2151 commilitonemque
1371 2107 1537 2140 vestrum
1556 2102 1738 2140 deseratis
1752 2102 1790 2140 ²².

513 2169 630 2207 Duco
644 2168 697 2207 ad
711 2180 782 2207 vos
796 2166 1121 2206 archidiaconum
1139 2165 1414 2212 venerabilem,
1429 2164 1499 2203 viri
1515 2163 1675 2216 optimi³
1690 2177 1960 2204 successorem
1975 2164 2151 2216 dignum,
2167 2166 2410 2205 HENRICUM

406 2232 601 2270 IACOBUM
623 2231 861 2269 MATTHEw.

512 2363 624 2415 (125)
665 2365 803 2414 Nuper
839 2365 879 2402 in
918 2365 996 2402 hoc
1029 2362 1116 2414 ipso
1146 2364 1237 2402 loco
1275 2363 1519 2403 Academiae
1553 2363 1806 2414 Sydneiensis
1839 2363 2202 2415 procancellarium,
2237 2365 2410 2406 iudicem

404 2427 634 2479 sapientem,
656 2427 818 2466 honoris
844 2440 963 2467 causa
986 2426 1267 2466 salutavimus⁴
1279 2441 1290 2475 3
1319 2425 1440 2465 hodie
1462 2426 1707 2466 Academiae
1726 2427 1904 2466 eiusdem
1925 2439 1948 2466 e
1966 2427 2253 2477 professoribus
2273 2441 2409 2477 unum,

404 2503 527 2529 unum
548 2503 596 2529 ex
615 2489 785 2528 alumnis
808 2490 962 2537 nostris,
985 2488 1100 2528 nobis
1124 2487 1322 2539 paulisper
1345 2487 1556 2536 redditum,
1578 2502 1661 2528 non
1685 2488 1836 2528 minore
1859 2488 1982 2528 animi
2004 2490 2206 2540 voluptate
2228 2490 2412 2532 iubemus

403 2553 561 2591 salvere.
620 2550 767 2591 Christi
794 2550 974 2602 Collegio
999 2549 1147 2589 abhinc
1166 2563 1293 2588 annos
1319 2549 1591 2601 septendecim
1614 2549 1846 2602 adscriptus,
1873 2563 2115 2602 quamquam
2141 2553 2252 2591 nullo
2279 2553 2412 2592 adhue

402 2614 525 2664 gradu
558 2612 803 2652 Academico
830 2611 932 2652 inter
964 2618 1121 2650 nosmet
1150 2610 1257 2662 ipsos
1290 2617 1451 2650 ornatus
1489 2617 1581 2658 erat,
1616 2610 1767 2650 audivit
1798 2618 1932 2651 tamen
1962 2611 2150 2652 scientiae
2183 2603 2322 2653 vocem
2358 2614 2411 2654 ad

402 2674 600 2714 coloniam
634 2682 810 2714 nostram
839 2673 1144 2714 remotissimam
1177 2672 1366 2721 vocantis,
1402 2680 1692 2724 vocantemque
1720 2680 1891 2721 secutus,
1920 2673 2093 2725 primum
2121 2674 2410 2727 mineralogiae,

403 2737 549 2776 deinde
568 2738 687 2776 etiam
703 2736 758 2777 rei
777 2736 991 2784 chemicae,
1014 2737 1211 2787 professor
1230 2735 1332 2775 inter
1354 2735 1618 2786 Sydneienses
1640 2736 1868 2776 nominatus
1894 2743 1965 2776 est.
2023 2736 2111 2776 Illic
2135 2736 2303 2789 insignia
2327 2738 2412 2778 eius

403 2807 442 2840 et
465 2800 505 2840 in
529 2801 711 2841 scientias
737 2801 822 2841 illas
845 2808 884 2841 et
910 2801 951 2840 in
976 2800 1176 2840 coloniam
1200 2807 1375 2839 nostram
1402 2807 1442 2839 et
1467 2800 1508 2839 in
1534 2800 1794 2840 Academiam
1823 2802 2108 2852 Sydneiensem
2134 2803 2283 2852 merita,
2310 2803 2412 2844 inter

402 2861 549 2913 peritos
568 2862 661 2902 satis
681 2870 776 2903 nota
795 2876 882 2902 esse
901 2869 1068 2902 constat.
1127 2862 1251 2902 Cuius
1271 2861 1327 2902 rei
1346 2869 1389 2901 ut
1409 2874 1534 2901 unum
1550 2863 1688 2902 saltem
1704 2864 1929 2913 exemplum
1944 2863 2151 2914 proferam,
2168 2863 2320 2904 colonis
2335 2863 2411 2905 illis

403 2924 556 2972 nostris,
583 2925 634 2964 de
659 2924 884 2975 provinciae
911 2936 1005 2964 suae
1034 2923 1202 2963 metallis
1224 2922 1339 2962 anxie
1365 2923 1656 2974 quaerentibus,
1681 2923 1793 2963 dedit
1818 2930 1952 2964 noster
1976 2924 2196 2964 identidem
2222 2937 2411 2976 responsa

403 2986 550 3026 civitati
579 2987 762 3026 salutaria
774 3001 785 3036 ς
823 2986 973 3026 scilicet
1003 2999 1110 3025 nunc
1140 2998 1314 3036 quoque,
1348 2986 1455 3024 velut
1485 2985 1580 3024 olim
1613 2985 1654 3024 in
1687 2985 1772 3036 ipsa
1807 2987 1948 3034 Roma,
1980 2987 2164 3037 sapientis
2194 2987 2328 3026 domus
2358 2992 2413 3026 est

504 3092 515 3112 ¹
541 3092 718 3135 ‘Wearing
749 3094 806 3126 the
836 3094 938 3126 white
969 3094 1081 3126 flower
1112 3093 1151 3126 of
1180 3104 1200 3125 a
1231 3093 1407 3126 blameless
1437 3093 1516 3127 life’
1541 3093 1638 3136 (from
1669 3094 1880 3137 Tennyson's
1911 3096 2108 3129 Dedication
2138 3107 2156 3129 o
2197 3096 2251 3128 the
2276 3096 2406 3138 layas).

403 3133 417 3154 ²
441 3135 586 3174 Curtius,
609 3136 642 3169 ix
666 3146 697 3174 2,
723 3139 774 3169 28.
885 3134 899 3155 ³
921 3136 1069 3169 Thomas
1084 3136 1196 3179 Valpy
1212 3136 1354 3176 French,
1375 3136 1444 3170 first
1461 3136 1587 3180 Bishop
1604 3137 1643 3170 of
1655 3137 1798 3177 Lahore,
1821 3139 1981 3181 1877-87.
2091 3139 2105 3160 ⁴
2164 3149 2196 3173 0.
2220 3149 2279 3182 119
2295 3144 2408 3182 supra.

1380 3210 1431 3257 64
