2704 3770
462 331 612 379 Lord
643 330 885 394 Grenfell.
960 330 1056 379 Sir
1092 330 1279 395 George
1315 332 1536 380 Stewart
1583 332 1758 381 leite.
1830 332 1884 380 A
1890 332 2086 382 dmz‘ral
2115 333 2365 399 Seymour.

415 474 642 525 reportata¹,
675 481 718 513 ut
751 473 899 525 Vergili
936 473 1065 514 verbis
1098 481 1196 521 utar,
1231 476 1240 494 ‘
1254 473 1378 513 victor
1407 474 1459 514 ab
1490 476 1668 514 Aurorae
1698 475 1856 526 populis
1888 483 1928 515 et
1958 474 2071 515 litore
2104 475 2266 516 rubro’²
2297 476 2424 517 rediit.

418 536 563 575 Postea
585 535 752 575 domum
777 548 965 584 reversus,
987 534 1139 574 auxiliis
1159 535 1303 575 nostris
1323 535 1553 576 domesticis
1573 535 1827 576 recensendis
1847 550 1916 587 per
1935 536 2147 577 triennium
2166 537 2358 589 praefuit3
2385 537 2427 578 in

416 598 643 649 Aegyptum
677 597 852 650 denique
885 599 1020 638 denuo
1051 597 1205 646 missus,
1236 598 1302 646 ibi,
1338 612 1408 650 per
1439 611 1590 638 annum
1621 598 1785 649 periculi
1818 606 1856 638 et
1889 598 2036 649 gloriae
2069 599 2244 651 plenum,
2278 600 2428 651 patriae

416 659 586 700 militum
605 661 786 701 omnium
807 661 1020 713 imperator
1038 660 1213 701 exstitit³.
1274 661 1446 701 Habetis
1466 662 1665 712 exemplar
1678 660 1750 700 viri
1762 661 1971 701 virtutibus
1986 660 2246 712 imperatoriis
2261 668 2301 701 et
2316 660 2427 702 domi

417 730 456 763 et
475 736 636 776 peregre
656 724 856 776 praeclari,
879 724 942 765 cui
962 724 1090 777 patria
1109 723 1323 775 plurimum
1343 724 1490 763 debere
1510 724 1731 763 confitetur.

528 787 647 826 Duco
666 787 719 826 ad
739 799 809 826 vos
829 786 996 826 militem
1016 786 1219 835 illustrem,
1247 787 1462 825 BARONEM
1485 786 1729 825 GRENFELL.

525 900 640 953 (370)
678 902 805 941 Adest
842 900 900 941 vir
936 901 977 940 in
1013 901 1182 953 imperio
1213 908 1349 941 nostro
1383 901 1538 948 Indico,
1574 900 1669 940 olim
1708 900 1764 941 rei
1802 900 1980 941 militaris
2016 900 2254 952 provinciae,
2289 907 2429 952 postea

418 963 604 1003 exercitui
633 962 706 1002 toti
735 963 993 1015 praepositus,
1024 965 1088 1003 cui
1117 965 1323 1015 quondam
1351 963 1406 1003 ob
1438 977 1522 1004 rem
1550 963 1652 1004 inter
1682 965 1934 1004 Burmannos
1965 964 2069 1004 bene
2100 970 2252 1015 gestam
2280 962 2429 1014 gratiae

417 1024 576 1076 publice
600 1031 711 1064 erant
738 1032 862 1065 actae.
922 1025 1048 1073 Idem,
1079 1024 1252 1064 fluminis
1279 1025 1361 1064 Nili
1389 1025 1430 1064 in
1458 1024 1617 1076 regione
1646 1025 1797 1065 fortiter
1824 1025 2050 1076 proeliatus,
2077 1038 2204 1076 nuper
2232 1024 2351 1064 etiam
2379 1037 2429 1064 ex

417 1086 550 1126 Africa
571 1086 742 1136 australi,
763 1094 884 1138 atque
906 1088 1010 1127 adeo
1033 1101 1058 1126 a
1082 1095 1183 1127 terra
1206 1087 1352 1136 Natali,
1375 1094 1414 1127 et
1439 1087 1514 1128 sibi
1540 1095 1580 1128 et
1602 1088 1750 1139 patriae
1773 1090 1947 1128 lauream
1971 1101 2191 1139 numquam
2213 1088 2426 1139 perituram

416 1148 640 1199 reportavit.
698 1147 774 1195 Ibi,
795 1147 836 1186 in
862 1147 1014 1199 oppido
1036 1148 1205 1188 collibus
1231 1148 1410 1200 undique
1435 1148 1569 1189 cincto
1592 1150 1779 1197 inclusus,
1802 1157 1964 1190 centum
1990 1157 2030 1190 et
2058 1147 2333 1200 duodeviginti
2357 1160 2428 1200 per

417 1209 503 1249 dies
522 1222 614 1249 cum
634 1209 806 1249 exercitu
826 1222 899 1248 suo
919 1209 1132 1249 fortissimo
1152 1217 1191 1249 et
1211 1209 1305 1249 belli
1324 1217 1364 1249 et
1382 1211 1497 1249 famis
1516 1210 1690 1261 pericula
1709 1210 1845 1250 omnia
1867 1223 1940 1262 pro
1960 1210 2085 1262 patria
2103 1217 2143 1250 et
2165 1223 2238 1262 pro
2260 1209 2428 1261 imperio

415 1278 501 1311 toto
531 1271 762 1312 Britannico
790 1272 941 1312 fortiter
968 1272 1191 1312 tolerabat⁴.
1251 1273 1417 1312 Interim
1438 1271 1499 1325 (ut
1528 1272 1763 1313 meministis
1791 1272 1950 1326 omnes)
1973 1272 2166 1313 exercitus
2194 1271 2319 1312 nostri
2346 1272 2428 1312 dux

417 1334 694 1384 Devoniensis,
717 1334 863 1374 Fabius
883 1335 948 1374 ille
968 1335 1131 1383 noster⁵,

848 1410 979 1447 ‘nunc
1007 1408 1093 1455 hos,
1121 1420 1229 1446 nunc
1257 1407 1346 1447 illos
1374 1407 1516 1455 aditus,
1547 1421 1792 1460 omnemque
1819 1415 1992 1460 pererrat

870 1468 953 1501 arte
981 1462 1127 1509 locum,
1157 1468 1196 1501 et
1225 1461 1339 1500 variis
1367 1461 1591 1501 adsultibus
1619 1462 1748 1502 irritus
1777 1463 1969 1514 urguet*-

414 1536 494 1575 Ter
526 1541 693 1575 conatus
726 1540 808 1575 erat
841 1541 947 1573 trans
985 1534 1180 1585 Tugelam
1211 1534 1371 1583 flumen,
1407 1548 1477 1585 per
1509 1535 1712 1575 Coronam
1746 1535 1900 1584 Vallis⁷‚
1935 1536 2037 1575 ultra
2070 1534 2250 1576 Caesaris
2285 1536 2426 1576 Castra

416 1610 693 1649 perrumpere;
721 1604 778 1636 ter
799 1603 838 1635 et
857 1595 935 1635 loci
956 1603 1096 1635 natura
1114 1603 1154 1636 et
1174 1596 1268 1636 belli
1287 1598 1446 1636 fortuna
1460 1604 1499 1637 et
1518 1597 1693 1638 hostium
1709 1598 1900 1639 fortitudo
1915 1606 2129 1639 conantem
2147 1605 2424 1649 represserant.

417 1660 454 1700 O
493 1659 599 1699 diem
638 1658 806 1706 felicem,
839 1670 920 1709 quo
960 1657 1128 1696 militum
1168 1665 1394 1698 nostrorum
1433 1672 1503 1710 per
1540 1659 1736 1709 virtutem,
1771 1660 1923 1711 oppido
1956 1660 2024 1700 illo
2061 1659 2273 1700 obsidione
2309 1660 2429 1712 longa

415 1723 579 1762 tandem
605 1721 782 1768 liberato,
805 1727 844 1759 et
870 1719 1019 1770 patriae
1042 1728 1081 1759 et
1096 1720 1272 1771 ¹imperio
1298 1721 1372 1761 toti
1398 1722 1630 1762 Britannico
1653 1736 1757 1762 nova
1780 1724 1846 1762 lux
1864 1723 2039 1763 affulsit⁸.
2097 1721 2221 1764 Urbis
2239 1721 2428 1763 liberatae

415 1784 635 1825 defensoris
658 1782 837 1823 acerrimi
865 1783 1012 1822 tutelae
1041 1796 1123 1822 non
1150 1782 1349 1823 immerito
1375 1797 1502 1835 nuper
1524 1784 1666 1824 tradita
1689 1792 1748 1825 est
1771 1798 1888 1836 rupes
1913 1785 1980 1825 illa
2003 1785 2140 1836 Calpe,
2162 1797 2282 1835 quam
2309 1784 2427 1825 maris

417 1846 699 1887 Mediterranei
727 1848 879 1886 clavem
908 1858 995 1885 esse
1025 1853 1194 1885 constat.
1252 1846 1440 1886 Herculis
1473 1854 1578 1886 certe
1611 1849 1663 1887 ad
1694 1849 1912 1895 columnas,
1946 1846 2132 1887 Herculis
2165 1847 2346 1886 laborum
2374 1847 2427 1887 ad

414 1918 552 1959 metas,
574 1910 687 1950 miles
713 1917 847 1950 noster
869 1909 1012 1949 virtute
1038 1917 1077 1949 et
1101 1909 1332 1950 fortitudine
1356 1923 1427 1950 sua
1449 1910 1574 1950 victor
1593 1910 1796 1962 pervenit;
1824 1912 1926 1950 ultra
1951 1912 2159 1950 columnas
2183 1917 2318 1950 autem
2340 1909 2427 1950 illas

414 1972 672 2024 praeconium
692 1979 871 2011 nostrum
891 1971 1013 2011 hodie
1033 1971 1216 2022 progredi
1236 1984 1317 2011 non
1339 1971 1513 2023 poterit⁹.

522 2036 640 2075 Duco
659 2035 712 2074 ad
730 2048 801 2074 vos
821 2034 997 2085 equitem
1017 2033 1290 2083 fortissimum,
1310 2035 1546 2073 GEORGmM
1566 2035 1770 2073 STEWART
1789 2036 1953 2073 Wm'rE.

521 2144 635 2197 (371)
670 2146 719 2184 In
752 2144 893 2184 ordine
922 2144 1139 2185 duodecim
1172 2145 1345 2184 virorum
1378 2145 1606 2197 insignium,
1639 2158 1740 2197 quos
1778 2152 1939 2197 propter
1977 2146 2116 2185 merita
2148 2143 2304 2196 egregia
2337 2145 2426 2184 Rex

413 2215 547 2247 noster
572 2208 724 2246 honore
748 2219 853 2246 novo
880 2219 1006 2257 nuper
1031 2206 1257 2255 cumulavit,
1279 2208 1472 2246 laetamur
1497 2220 1622 2259 prope
1647 2220 1788 2247 omnes
1818 2206 1937 2247 etiam
1965 2207 2017 2246 ab
2045 2205 2267 2246 Academia
2290 2213 2426 2245 nostra

412 2270 528 2310 titulo
551 2269 774 2309 honorifico
796 2269 876 2308 iam
901 2270 1055 2309 dudum
1076 2269 1196 2309 fuisse
1216 2277 1388 2309 ornatos.
1448 2271 1525 2309 Rei
1545 2269 1695 2309 navalis
1714 2277 1846 2309 autem
1868 2270 2003 2318 duces,
2024 2268 2066 2308 in
2086 2267 2227 2308 ordine
2245 2267 2315 2307 illo
2340 2267 2425 2308 iure

412 2331 566 2383 optimo
589 2331 775 2379 inclusos,
797 2344 868 2382 per
891 2330 1013 2370 maria
1040 2344 1183 2381 magna
1205 2333 1345 2382 procul
1368 2331 1598 2382 navigantes
1618 2330 1903 2382 prospeximus,
1925 2330 2100 2370 fluminis
2120 2329 2245 2370 nostri
2269 2327 2426 2380 angusti

410 2396 463 2435 ad
501 2394 626 2445 ripam
665 2395 846 2433 nondum
884 2394 1074 2433 advectos
1111 2392 1296 2442 vidimus,
1331 2394 1484 2433 honore
1517 2393 1586 2433 diu
1625 2393 1763 2433 debito
1801 2393 1983 2432 nondum
2017 2390 2305 2432 decoravimus.
2363 2391 2425 2430 Eo

410 2455 598 2496 libentius
627 2455 748 2495 hodie
777 2455 903 2494 virum
931 2454 1027 2494 olim
1055 2454 1096 2493 in
1125 2462 1252 2506 ponto
1282 2454 1451 2503 Euxino,
1477 2454 1626 2495 deinde
1654 2454 1695 2494 in
1725 2468 1878 2495 oceano
1907 2453 2076 2502 Sinensi,
2099 2460 2240 2505 postea
2267 2452 2426 2492 Africae

410 2517 668 2558 occidentalis
700 2517 742 2556 in
771 2517 896 2565 litore,
932 2516 1122 2568 deinceps
1154 2517 1236 2557 Nili
1269 2530 1393 2568 prope
1420 2517 1532 2567 ostia,
1564 2516 1739 2568 denique
1771 2529 1903 2556 rursus
1937 2517 2039 2555 inter
2069 2515 2256 2555 Sinenses
2282 2514 2425 2554 virtute

410 2580 537 2620 navali
564 2580 767 2629 illustrem,
789 2587 1038 2631 praesentem
1059 2579 1314 2619 laudamus¹⁰.
1373 2579 1493 2619 Asiae
1517 2579 1557 2618 in
1584 2579 1698 2619 litore
1724 2578 1945 2630 longinquo
1970 2577 2042 2617 viri
2068 2577 2235 2617 huiusce
2258 2575 2425 2628 imperio

409 2643 538 2694 gentis
563 2655 646 2682 non
669 2641 786 2681 unius
813 2641 910 2681 socii
936 2641 1105 2682 libenter
1130 2649 1345 2693 paruerunt
1358 2656 1369 2690 3
1400 2643 1585 2693 Europae
1611 2641 1652 2680 in
1676 2648 1776 2681 terra
1799 2639 2023 2692 propinqua
2045 2638 2174 2691 gentis
2202 2651 2284 2678 non
2307 2636 2424 2677 unius

409 2719 519 2758 reges
546 2706 691 2745 ducem
717 2704 896 2744 certatim
926 2705 1185 2753 celebrarunt,
1217 2704 1314 2753 ‘cui,
1343 2703 1438 2744 belli
1466 2703 1620 2755 insigne
1648 2703 1877 2756 superbum,
1907 2709 2088 2753 tempora
2116 2699 2245 2740 navali
2273 2700 2425 2750 fulgent

408 2775 574 2808 rostrata
593 2781 741 2807 corona
753 2767 807 2807 ’¹¹.

518 2830 637 2869 Duco
665 2830 718 2869 ad
745 2842 816 2869 vos
849 2828 975 2869 virum
1009 2828 1220 2881 insignem,
1248 2829 1383 2869 classis
1416 2828 1666 2868 Britannicae
1699 2842 1721 2868 e
1751 2826 1959 2880 praefectis
1993 2839 2130 2874 unum,
2163 2826 2423 2864 EDWARDUM

411 2892 595 2930 HOBART
623 2891 843 2930 SEYMOUR.
1797 2888 1799 2891 “

496 2976 509 2997 ¹
533 2977 625 3008 Near
641 2976 791 3013 Suakim‚
812 2977 905 3019 1889.
1023 2976 1037 2997 ¹
1061 2978 1147 3009 Aen.
1163 2977 1221 3010 viii
1236 2976 1312 3010 686.
1431 2975 1446 2997 ⁸
1474 2977 1608 3019 1897—8.
1736 2974 1750 2995 ⁴
1772 2975 1846 3007 The
1860 2973 1999 3007 desence
2015 2973 2053 3006 of
2065 2971 2275 3015 Ladysmith‚
2294 2981 2311 3004 2
2330 2971 2422 3003 Nov.

413 3020 495 3062 1899
511 3024 546 3052 to
563 3030 601 3061 27
621 3020 701 3052 Feb.
727 3029 809 3062 1900
826 3019 1025 3060 (inclusive).
1186 3019 1200 3040 ¹⁵
1223 3020 1369 3053 General
1386 3020 1439 3054 Sir
1455 3020 1605 3052 Redvers
1622 3019 1740 3060 Henry
1757 3018 1880 3050 Buller.
2034 3016 2049 3038 ⁶
2071 3016 2191 3059 Virgil,
2206 3017 2293 3047 Aen.
2309 3025 2331 3046 v
2345 3024 2422 3055 44¹·

410 3061 423 3083 ⁷
445 3063 643 3095 Vaalkranz.
774 3061 788 3082 ⁸
812 3064 853 3094 28
870 3063 952 3094 Feb.
974 3073 1066 3105 1900.
1209 3063 1223 3084 ⁹
1248 3064 1380 3098 Pindar.
1404 3064 1454 3096 Ol.
1474 3063 1510 3094 iii
1526 3072 1567 3104 43
1580 3063 1595 3094 f
1604 3074 1613 3101 ς
1639 3062 1756 3094 lsthm.
1772 3062 1808 3093 iii
1826 3061 1901 3103 301¹.
2047 3058 2075 3079 ¹⁰
2099 3059 2233 3092 Crimea
2254 3055 2422 3100 (1854-5)‚

410 3106 519 3138 China
536 3104 724 3147 (1857-62),
742 3106 860 3148 Congo
877 3107 1002 3147 (1870),
1021 3107 1276 3139 bombardment
1292 3107 1330 3139 os
1349 3107 1555 3138 Alexandria
1572 3105 1623 3147 (11
1640 3105 1719 3148 July
1738 3105 1846 3147 1882),
1865 3103 1962 3136 relies
1973 3103 2011 3136 of
2029 3102 2182 3135 Tientsin
2199 3102 2267 3134 and
2290 3100 2420 3142 Peking

409 3149 454 3191 by
476 3149 533 3181 the
555 3149 661 3181 Allies
685 3147 810 3191 (1900).
949 3148 974 3169 ¹¹
997 3152 1082 3181 Aen.
1100 3150 1156 3182 viii
1171 3150 1247 3192 684.

1383 3233 1455 3271 172
