2704 3770
1076 313 1359 379 Geological
1387 316 1579 382 Society
1609 317 1674 380 of
1695 317 1916 367 London.

493 463 644 496 vestrae
676 456 742 496 die
774 457 906 506 natali,
937 458 1057 498 etiam
1085 460 1236 499 alumni
1268 461 1385 501 vestri
1413 461 1587 513 insignis,
1619 464 1797 503 ULvssrs
1825 464 2122 512 ALDRovAND1‚
2154 464 2387 505 memoriam
2414 478 2502 517 pro-

492 518 651 569 pediem
685 518 778 559 estis
808 519 1051 560 celebraturi.
1110 523 1260 562 Rerum
1290 530 1422 563 autem
1458 531 1621 564 naturae
1654 523 1861 576 indagator
1893 524 1958 564 ille
1990 523 2223 575 indefessus,
2254 525 2324 577 qui
2353 526 2502 567 abhinc

492 593 620 621 annos
639 589 836 622 trecentos
856 583 908 622 de
931 583 1010 623 vita
1033 585 1214 634 decessit,
1236 585 1343 634 olim,
1365 587 1471 626 velut
1493 588 1591 627 alter
1613 588 1763 634 Ulixes,
1784 587 1890 627 orbis
1916 595 2105 629 terrarum
2128 590 2307 641 regiones
2325 589 2503 630 remotis·

493 641 611 682 simas
631 643 858 696 peragravit,
879 651 1013 696 atque,
1035 646 1221 697 operibus
1245 647 1397 698 magnis
1420 647 1684 688 eruditissime
1706 648 1951 701 conscriptis,
1973 649 2093 690 etiam
2115 650 2304 692 Varronis
2327 651 2502 692 Bononi-

492 704 597 744 ensis
623 718 771 746 nomen
795 714 854 746 est
878 708 1055 758 adeptus.
1117 708 1285 762 Ingenio
1309 709 1453 760 pariter
1474 710 1526 749 ad
1549 709 1718 761 plurima
1740 710 1910 750 versatili
1928 711 2141 762 praeditus,
2162 712 2345 763 primum,
2366 714 2501 754 adhuc

491 764 655 815 iuvenis,
694 767 802 807 urbis
841 770 997 808 Romae
1034 769 1086 808 de
1123 769 1261 808 statuis
1302 769 1475 821 antiquis
1518 770 1657 810 Italiae
1694 771 1735 810 in
1774 771 1907 823 lingua
1944 772 2136 813 hodierna
2173 786 2274 825 opus
2311 773 2499 815 eximium

491 828 716 879 condidit¹;
753 838 901 882 postea,
937 830 1155 883 pictoribus
1187 839 1227 872 et
1260 833 1525 883 sculptoribus
1558 833 1720 885 optimis
1753 848 1843 875 aere
1876 848 1949 875 suo
1982 835 2202 885 conductis,
2236 836 2498 877 animantium

490 890 680 941 exemplis
712 892 1004 932 accuratissime
1038 892 1286 933 delineandis
1319 901 1358 933 et
1391 894 1588 935 uberrime
1621 895 1863 947 explicandis
1896 897 2099 937 volumina
2125 897 2311 950 ingentia,
2343 899 2499 940 Rornae

489 953 677 1004 antiquae
705 954 746 994 in
775 955 907 1007 lingua
935 956 1116 995 universa
1145 957 1378 1008 conscripta,
1409 958 1636 998 dedicavit².
1698 960 1792 999 Non
1821 959 2018 1000 immerito
2046 961 2163 1012 igitur
2190 974 2293 1002 unus
2321 974 2344 1002 e
2370 961 2500 1013 poetis

490 1017 628 1055 vestris
646 1017 699 1055 ab
717 1017 881 1057 alumno
901 1025 1031 1057 vestro
1051 1017 1194 1068 insigni
1214 1018 1486 1059 laboriossime
1505 1020 1722 1072 descriptas
1743 1021 1904 1061 miratur

924 1098 1184 1150 ‘multiplices
1212 1113 1341 1139 rerum
1369 1101 1526 1148 formas,
1557 1114 1655 1152 quas
1682 1109 1829 1153 pontus
1858 1110 1898 1141 et
1924 1103 2061 1142 aether

1051 1153 1221 1202 exhibet,
1251 1161 1291 1194 et
1319 1154 1516 1205 quidquid
1543 1155 1688 1206 promit
1716 1162 1756 1195 et
1783 1155 1895 1196 abdit
1923 1157 2068 1196 humus
2081 1155 2121 1196 '³.

490 1234 564 1274 Ille
596 1248 699 1287 ergo,
733 1236 801 1288 qui
831 1237 1028 1277 vobismet
1060 1237 1156 1289 ipsis
1190 1238 1378 1277 Museum
1412 1251 1485 1277 suo
1517 1237 1653 1277 labore
1685 1251 1755 1289 per
1786 1250 1914 1277 annos
1947 1237 2138 1289 plurimos
2170 1252 2300 1279 rerum
2332 1246 2496 1281 naturae

488 1295 685 1337 miraculis
713 1297 949 1338 instructum
974 1298 1126 1350 legavit,
1149 1299 1236 1339 orbi
1263 1306 1453 1339 terrarum
1482 1299 1639 1351 reliquit
1667 1298 1884 1339 litterarum
1913 1307 2175 1340 monumenta
2196 1314 2221 1341 a
2243 1314 2286 1341 se
2307 1301 2472 1343 condita
2484 1316 2496 1351 3

487 1359 644 1410 reliquit
663 1374 793 1400 rerum
814 1370 976 1402 naturae
995 1361 1287 1401 studiosissimo
1307 1361 1452 1413 cuique
1471 1361 1644 1401 nominis
1660 1361 1894 1401 memoriam
1914 1361 1955 1400 in
1974 1370 2210 1413 perpetuum
2230 1365 2442 1404 colendam
2455 1371 2497 1404 et

486 1425 809 1464 conservandam.
869 1425 954 1464 Viri
981 1433 1115 1464 autem
1145 1424 1245 1464 tanti
1273 1425 1388 1473 fama,
1420 1437 1523 1475 quae
1551 1423 1699 1475 patriae
1727 1426 1907 1475 profecto
1933 1424 2056 1475 gloria
2084 1433 2154 1474 est,
2185 1426 2333 1477 patriae
2360 1433 2496 1467 tamen

485 1484 631 1524 finibus
669 1499 923 1537 nequaquam
960 1486 1202 1527 terminatur.
1272 1485 1579 1537 Septentrionali
1620 1485 1783 1537 quidem
1825 1487 2011 1537 Europae
2052 1485 2093 1526 in
2130 1487 2293 1543 regione
2327 1488 2496 1529 Carolus

487 1547 699 1597 Linnaeus,
735 1550 847 1589 cuius
878 1549 1069 1591 memoria
1101 1550 1142 1589 in
1174 1563 1282 1589 anno
1313 1550 1456 1589 eodem
1490 1549 1720 1597 celebratur,
1753 1551 2038 1588 ALDROVANm
2072 1563 2222 1590 nomen
2254 1550 2356 1591 inter
2388 1557 2495 1591 ante-

485 1622 660 1650 cessores
689 1624 782 1651 suos
811 1612 973 1652 honoris
1002 1625 1121 1652 causa
1150 1610 1412 1651 memoravit⁴.
1471 1612 1558 1651 Nos
1586 1618 1731 1658 autem,
1762 1610 1942 1650 eiusdem
1975 1609 2015 1648 in
2044 1611 2250 1660 honorem,
2279 1625 2329 1652 ex
2356 1611 2495 1653 insulis

485 1673 628 1713 nostris
669 1676 722 1714 ad
764 1677 1015 1716 occidentem
1058 1677 1184 1715 solem
1227 1673 1498 1725 spectantibus
1541 1673 1729 1713 scientiae
1767 1672 1976 1713 botanicae
2013 1674 2277 1732 professorem
2313 1682 2494 1716 nostrum

485 1734 673 1775 eximium
693 1738 745 1776 ad
765 1750 874 1776 sacra
892 1745 1021 1777 vestra
1040 1736 1255 1777 saecularia
1274 1736 1478 1784 mittimus,
1501 1735 1569 1787 qui
1588 1742 1767 1775 nostrum
1792 1734 1972 1774 omnium
1996 1735 2160 1775 nomine
2182 1743 2222 1776 et
2246 1736 2413 1787 Italiam,
2434 1744 2494 1778 tot

485 1798 708 1838 studiorum
741 1807 967 1839 nostrorum
1002 1807 1179 1846 matrem,
1215 1806 1255 1838 et
1288 1797 1514 1838 Bononiam
1547 1798 1650 1838 inter
1686 1804 1745 1837 tot
1778 1796 1983 1837 doctrinae
2016 1799 2131 1838 sedes
2164 1798 2491 1852 antiquissimam,

483 1859 701 1900 reverentia
729 1861 865 1901 debita
893 1861 1064 1901 salutet⁶.
1123 1861 1273 1900 Valete.

591 1949 747 1987 Datum
773 1948 1049 1998 Cantabrzgiae

698 2003 835 2041 Idibus
853 2003 1022 2041 Martiis

805 2058 857 2096 A.
879 2057 920 2095 S.
943 2062 1127 2095 MCMv110.

691 2235 872 2274 Soa'etati
901 2235 1116 2284 Geologicae
1142 2234 1400 2272 Londim'ensi
1425 2234 1464 2273 S.
1495 2234 1543 2272 P.
1573 2235 1629 2272 D.
1669 2234 1914 2273 Um‘versitas
1948 2234 2286 2286 Cantabn‘gienszk.

590 2324 703 2378 (581)
723 2327 896 2364 AssmNc
923 2338 1050 2365 annos
1078 2338 1203 2376 prope
1231 2332 1404 2373 centum,
1426 2324 1614 2365 scientiae
1642 2333 1793 2366 vestrae
1821 2325 1863 2365 in
1891 2327 2051 2366 saeculo
2074 2326 2136 2380 (ut
2163 2327 2292 2381 aiunt)
2314 2328 2486 2378 heroico,

483 2387 658 2427 Societas
687 2396 814 2428 vestra
839 2389 1038 2439 praeclara
1066 2387 1213 2428 mensis
1237 2387 1477 2428 Novembris
1506 2387 1571 2427 die
1594 2388 1710 2428 tertio
1738 2388 1896 2429 decimo
1918 2403 1942 2429 a
1970 2390 2059 2430 viris
2082 2391 2283 2439 tredecim,
2303 2390 2489 2443 auspiciis

481 2455 614 2488 tamen
634 2449 806 2500 optimis,
827 2449 990 2489 condita
1009 2457 1078 2488 est.
1137 2449 1312 2490 Centum
1332 2456 1465 2489 autern
1484 2462 1678 2489 annorum
1700 2449 1829 2498 series,
1847 2450 2068 2491 studiorum
2088 2451 2251 2503 quidem
2271 2459 2488 2493 vestrorum

479 2511 520 2548 in
548 2511 761 2561 provincia,
792 2510 898 2551 orbis
925 2518 1115 2550 terrarum
1144 2510 1257 2562 quasi
1286 2510 1327 2549 in
1356 2510 1447 2559 vita,
1476 2510 1647 2561 spatium
1676 2511 1886 2551 minimum
1915 2519 1974 2552 est
1987 2527 1998 2561 ;
2036 2512 2138 2553 vitae
2166 2526 2260 2554 vero
2287 2515 2487 2555 humanae

479 2572 692 2613 terminum
719 2573 879 2613 solitum
904 2575 1022 2625 longe
1045 2574 1211 2613 excedit.
1269 2574 1393 2625 Atqui
1418 2580 1579 2613 centum
1603 2573 1760 2614 illorum
1780 2588 1975 2615 annorum
1994 2588 2065 2626 per
2082 2583 2234 2627 partem
2254 2578 2343 2628 plus
2365 2590 2486 2629 quam

480 2634 687 2675 dimidiam
716 2636 818 2676 inter
845 2650 919 2675 nos
948 2637 1137 2687 regnabat
1166 2635 1354 2675 scientiae
1381 2643 1532 2676 vestrae
1561 2636 1720 2688 signifer
1744 2637 1809 2677 ille
1835 2637 2067 2687 indefessus,
2088 2640 2219 2677 ADAM
2248 2640 2485 2689 SEDGW1CK,

478 2698 625 2738 abhinc
653 2712 780 2738 annos
810 2699 1195 2751 duodeseptuaginta
1223 2698 1432 2738 Societatis
1460 2706 1611 2739 vestrae
1639 2712 1796 2750 praeses
1822 2701 2001 2740 electus⁶.
2060 2702 2214 2752 Regem
2243 2701 2484 2751 Cambriae⁷‚

479 2762 632 2811 Regem
661 2760 780 2800 etiam
810 2760 1003 2810 Siluriae⁸,
1032 2774 1103 2812 par
1131 2761 1265 2801 nobile
1293 2760 1523 2809 amicorum,
1553 2760 1692 2800 finium
1721 2774 1883 2801 suorum
1911 2769 2123 2813 utrumque
2151 2771 2483 2814 propugnatorem

478 2823 723 2872 acerrimum,
759 2836 842 2863 non
879 2824 964 2864 sine
1001 2825 1119 2864 laude
1151 2824 1265 2864 vobis
1299 2823 1394 2863 olim
1427 2823 1642 2874 praefuisse
1679 2824 1930 2875 profitemini.
1989 2825 2090 2864 Sunt
2127 2824 2247 2864 etiam
2284 2825 2351 2865 alii
2382 2825 2484 2867 inter

476 2885 676 2936 praesides
705 2890 854 2924 vestros
881 2884 952 2925 viri
979 2885 1163 2937 insignes,
1192 2898 1293 2936 quos
1322 2892 1390 2924 aut
1417 2886 1669 2924 alumnorum
1697 2892 1922 2925 nostrorum
1952 2884 1993 2925 in
2022 2899 2189 2927 numero
2217 2888 2279 2927 vel
2307 2900 2393 2928 esse
2420 2889 2483 2928 vel

563 2998 575 3018 ¹
598 2998 733 3037 Venice,
758 2998 837 3039 1556
854 3003 918 3031 etc.
1215 2997 1229 3017 ²
1255 2998 1493 3040 Omithologia,
1512 2999 1566 3030 De
1581 2999 1810 3037 Animalibus,
1829 3000 1882 3031 De
1897 2999 2058 3036 Piscibus,
2075 2999 2308 3042 Dendrologia,
2324 3001 2482 3034 Mus-eum

476 3042 694 3079 Metallicum‚
711 3047 773 3074 etc.
1099 3041 1112 3062 ³
1136 3042 1236 3073 From
1253 3042 1310 3074 the
1327 3043 1446 3083 eulogy
1462 3042 1506 3083 by
1524 3042 1648 3074 Maffeo
1665 3042 1837 3074 Barberini
1853 3043 2057 3083 (afterwards
2074 3043 2166 3085 Pope
2184 3043 2300 3075 Urban
2314 3044 2432 3084 VIII),
2448 3045 2483 3076 in

478 3085 721 3118 Mazzuchelli's
737 3085 900 3124 Scrittori,
918 3095 942 3117 s.
957 3095 987 3117 v.
1010 3085 1228 3117 Aldrovandi.
1315 3084 1330 3104 ⁴
1351 3086 1499 3126 Systema
1513 3085 1679 3122 Naturae,
1697 3096 1754 3128 pp.
1773 3096 1823 3127 23,
1847 3096 1918 3126 113,
1938 3096 2013 3127 421,
2030 3087 2081 3118 ed.
2106 3085 2199 3128 1767.
2274 3086 2288 3107 ⁵
2312 3087 2480 3120 Professor

476 3129 624 3162 Seward.
754 3127 768 3148 ⁶
793 3129 952 3171 1829-31.
1083 3127 1097 3151 ⁷
1120 3127 1309 3170 Sedgwick.
1441 3127 1455 3148 ⁸
1480 3127 1684 3160 Murchison.

1444 3202 1520 3239 268
