2704 3770
758 344 832 394 H.
860 345 941 394 M.
986 343 1187 408 Gustaf
1221 343 1277 400 V,
1313 342 1464 408 Kz'ng
1496 344 1561 408 of
1587 344 1806 393 Sweden.

265 490 387 531 fuisse
404 490 648 543 gloriamur¹‚
670 498 739 532 aut
765 499 928 544 propter
953 491 1094 532 merita
1122 504 1263 532 eorum
1291 490 1435 532 eximia
1462 490 1564 531 inter
1591 491 1778 531 doctores
1805 498 1963 531 nostros
1987 491 2150 532 honoris
2179 506 2300 533 causa

263 553 539 605 adscivimus⁸.
597 557 633 595 E
651 555 886 596 doctoribus
905 554 981 595 illis
1000 567 1127 594 unum
1146 555 1342 594 laetamur
1357 552 1547 594 Societati
1565 560 1719 594 vestrae
1738 552 1779 592 in
1799 554 1878 592 hoc
1898 553 2105 594 biennium
2125 556 2298 595 electum

264 629 353 657 esse
384 617 522 657 denuo
554 617 809 668 praesidem³.
870 619 1085 658 Laetamur
1118 616 1239 657 etiam
1273 617 1425 656 alumni
1459 615 1585 656 nostri
1618 614 1790 664 illustris,
1829 616 2060 656 FRANC1scr
2097 618 2297 666 ΒΑοοΝιε,

265 691 290 720 e
318 680 440 720 Novo
473 680 636 732 Organo
665 680 786 720 verba
814 679 881 720 illa
908 681 1110 732 praeclara
1143 681 1339 719 Actorum
1373 686 1595 719 vestrorum
1624 677 1667 717 in
1699 677 1789 729 ipso
1818 676 1957 717 limine
1985 690 2056 729 per
2083 685 2143 719 tot
2171 692 2300 719 annos

265 741 456 794 inscripta
488 743 763 795 contemplari,
799 745 840 783 in
873 743 1021 796 quibus
1059 743 1107 793 ei,
1143 742 1290 794 quibus
1326 741 1461 782 ‘cordi
1494 749 1535 782 et
1572 754 1692 781 curae
1725 739 1786 789 sit,
1820 753 1903 780 non
1937 747 2095 780 tantum
2128 741 2301 782 inventis

267 806 429 846 haerere
437 807 458 853 ',
481 807 570 847 ‘sed
588 808 642 847 ad
657 807 844 847 ulteriora
862 814 1071 859 penetrare
1078 808 1098 855 ',
1119 808 1328 857 ‘tanquam
1343 805 1425 845 veri
1440 804 1695 845 scientiarum
1712 804 1799 844 filii’
1814 804 1854 843 in
1877 803 2118 844 Societatem
2131 813 2300 845 vestram

266 867 515 910 invitantur⁴.
573 870 831 910 Gratulamur
849 869 967 921 igitur
986 869 1176 910 Societati
1195 876 1359 918 vestrae,
1378 868 1449 908 viri
1469 868 1693 908 studiorum
1714 867 1990 908 communium
2006 867 2167 909 vinculo
2187 869 2303 909 nobis

267 930 597 980 coniunctissimi,
614 934 726 984 quod
746 932 1003 973 scientiarum
1019 939 1079 972 tot
1099 932 1202 972 filios
1221 945 1336 972 veros
1357 932 1559 971 sociorum
1579 938 1800 971 vestrorum
1818 943 1986 971 numero
2006 944 2076 982 per
2095 938 2155 971 tot
2174 943 2302 971 annos

265 994 490 1045 addidistis,
511 1002 551 1036 et
577 1008 813 1047 congressus
840 995 959 1036 vestri
985 995 1198 1036 saecularis
1225 995 1266 1034 in
1290 997 1487 1036 honorem
1513 996 1585 1035 has
1608 994 1758 1035 litteras
1782 994 2106 1035 benevolentiam
2125 1002 2302 1035 nostram
2365 1001 2368 1003 “

266 1063 459 1098 testantes
478 1057 610 1109 legato
630 1063 768 1096 nostro
791 1070 985 1109 perquam
1006 1057 1167 1106 idoneo,
1190 1057 1381 1097 scientiae
1404 1065 1558 1097 vestrae
1583 1056 1801 1097 Professori
1821 1064 1959 1098 nostro
1980 1056 2227 1105 venerabili⁵,
2249 1058 2302 1097 ad

266 1133 339 1161 vos
357 1119 552 1161 tradimus
571 1122 838 1172 perferendas.
897 1122 1050 1161 Valete.

375 1192 534 1231 Datum
558 1192 836 1243 Cantabnggiae

485 1247 628 1286 mensis
646 1247 764 1286 lunii
777 1247 839 1286 die
856 1251 962 1286 sexto

593 1301 646 1340 A.
669 1302 711 1341 S.
733 1309 920 1342 MCMV110.

1051 1405 1235 1456 Princzpz‘
1259 1390 1525 1444 illustrzssimo

803 1474 1102 1519 GUSTAVO
1133 1474 1392 1530 QUlNTO,
1427 1474 1543 1529 Regi
1575 1474 1793 1527 Sueciae,

607 1550 649 1589 S.
680 1550 732 1588 P.
759 1549 816 1587 D.
853 1549 1123 1588 Cancellarius
1151 1549 1394 1599 reliquusque
1422 1548 1592 1587 Senatus
1625 1548 1968 1599 Cantabng’ienstk.

378 1630 494 1685 (582)
524 1633 624 1672 NON
654 1631 740 1672 sine
768 1633 909 1672 dolore
937 1646 1065 1684 nuper
1091 1631 1330 1680 audivimus,
1363 1633 1452 1671 Rex
1479 1630 1770 1683 augustissime,
1802 1633 1962 1672 Patrem
1989 1638 2116 1678 tuum,
2147 1633 2300 1684 Regem

266 1693 477 1747 optimum,
509 1695 697 1746 Europae
727 1694 830 1734 inter
862 1696 994 1746 Reges
1026 1707 1167 1734 omnes
1201 1702 1296 1733 natu
1331 1693 1561 1741 maximum,
1593 1701 1684 1745 post
1719 1692 1840 1733 vitam
1874 1694 2035 1744 longam
2069 1693 2208 1745 populi
2242 1693 2303 1734 sui

266 1757 494 1798 commodis
531 1765 820 1806 consecratam,
859 1756 962 1797 inter
1000 1757 1181 1797 omnium
1226 1757 1426 1797 bonorum
1465 1756 1709 1797 desiderium
1749 1756 2032 1797 mortalitatem
2070 1758 2300 1809 explevisse.

269 1821 392 1874 Regis
411 1828 495 1862 tam
514 1821 650 1863 dilecti
671 1821 865 1862 memoria
885 1828 925 1862 et
944 1821 1047 1861 inter
1066 1834 1160 1861 suos
1180 1828 1220 1861 et
1240 1820 1343 1861 inter
1362 1828 1518 1861 exteros
1538 1820 1608 1861 diu
1632 1828 1833 1872 superstes
1859 1819 1974 1860 vivet.
2032 1821 2205 1861 Nosmet
2227 1821 2304 1873 ipsi

267 1890 375 1924 certe
400 1884 657 1924 recordamur
686 1884 841 1935 Regem
871 1882 983 1922 illurn
1012 1890 1052 1923 et
1083 1882 1233 1934 Regiae
1262 1890 1422 1922 nostrae
1453 1884 1611 1922 Domus
1638 1890 1678 1922 et
1704 1882 1860 1934 imperii
1887 1881 2106 1923 Britannici
2127 1882 2303 1923 amicum

267 1945 390 1987 fuisse
409 1946 700 1988 fidelissimum.
759 1947 1038 1987 Recordamur
1060 1946 1181 1987 etiam
1208 1945 1416 1986 maiestate
1439 1959 1562 1998 quarn
1586 1945 1803 1986 venerabili
1825 1945 1975 1986 abhinc
1997 1959 2126 1986 annos
2149 1954 2303 1998 septem

265 2009 309 2050 in
331 2010 531 2051 Senaculo
558 2017 698 2050 nostro
723 2009 826 2051 inter
851 2023 994 2051 omnes
1017 2009 1241 2058 eminuerit,
1264 2023 1346 2062 quo
1371 2009 1438 2050 die
1464 2009 1557 2050 artis
1582 2010 1760 2050 musicae
1783 2017 1823 2050 et
1849 2011 2057 2050 Musarum
2083 2011 2212 2050 cultor
2237 2009 2304 2051 ille

268 2071 448 2120 eximius,
464 2085 596 2113 rerum
613 2071 843 2113 militarium
858 2079 899 2113 et
914 2071 1115 2112 navalium
1137 2071 1305 2123 scriptor
1319 2071 1624 2119 eruditissimus,
1640 2071 1750 2123 pacis
1771 2071 1947 2123 denique
1967 2085 2095 2124 usque
2114 2073 2167 2113 ad
2183 2073 2306 2113 finem

264 2133 371 2176 vitae
399 2135 587 2176 defensor
614 2135 849 2185 indefessus,
880 2137 1048 2188 gradum
1079 2135 1267 2176 Doctoris
1296 2135 1338 2175 in
1366 2135 1451 2176 iure
1480 2136 1644 2176 honoris
1673 2149 1795 2177 causa
1823 2136 2004 2177 oblatum
2032 2136 2215 2189 accipere
2244 2144 2304 2177 est

267 2196 487 2250 dignatus⁰.
546 2197 745 2239 Novimus
765 2198 887 2239 etiarn
906 2197 948 2238 in
969 2197 1283 2239 Universitatem
1305 2197 1475 2250 Regiam
1496 2198 1749 2250 Upsaliensis
1774 2212 1895 2250 quarn
1919 2198 2091 2239 liberalis
2114 2199 2305 2239 exstiterit

267 2266 471 2311 patronus,
502 2273 607 2313 quae
637 2262 796 2313 Regum
830 2268 890 2300 tot
920 2259 1133 2300 illustrium
1162 2260 1310 2300 auxilio
1345 2264 1416 2300 ‘ex
1445 2259 1620 2300 tenebris
1650 2274 1720 2312 per
1748 2261 1911 2302 umbras
1939 2262 1992 2301 ad
2021 2263 2153 2302 lucem
2167 2262 2197 2285 '⁷
2223 2261 2304 2302 iarn

267 2323 425 2364 dudum
453 2323 644 2375 pervenit.
704 2325 770 2363 Tu
798 2336 903 2372 vero,
933 2322 1214 2365 Universitatis
1243 2323 1425 2364 eiusdem
1454 2325 1641 2364 alumnus
1674 2324 1850 2376 insignis,
1882 2324 1968 2365 sine
2001 2325 2128 2366 dubio
2159 2326 2305 2366 artium

267 2393 308 2427 et
327 2386 582 2428 scientiarum
602 2395 794 2440 patronus
810 2387 930 2428 etiam
946 2388 1115 2438 posthac
1131 2386 1398 2438 permanebis.
1458 2386 1614 2427 Patriae
1628 2387 1795 2439 quidem
1810 2395 1924 2439 pater
1937 2388 2105 2439 patriam
2120 2389 2303 2429 orbatam

266 2461 395 2501 nuper
427 2449 612 2502 reliquit;
649 2457 693 2490 tu
725 2456 862 2489 autern
896 2448 1091 2500 regnandi
1124 2448 1368 2500 experientia
1400 2447 1624 2488 identidem
1658 2449 1860 2500 probatus,
1897 2451 1907 2470 ‘
1919 2463 2013 2489 cum
2046 2451 2199 2502 populo
2231 2464 2304 2502 pro

266 2510 395 2564 patria
406 2511 437 2534 '⁸
454 2511 497 2551 in
515 2518 721 2564 posterum
741 2511 1003 2559 laboraturus,
1020 2510 1160 2562 populi
1180 2510 1393 2551 maerentis
1409 2509 1666 2557 desiderium,
1682 2510 1752 2551 diu
1769 2510 1830 2563 (ut
1850 2513 2074 2563 speramus)
2090 2520 2301 2565 superstes,

267 2574 458 2627 explebis.
517 2576 604 2615 Nos
627 2575 786 2615 interim
811 2574 1036 2623 Britannos,
1059 2587 1231 2626 quorum
1257 2587 1282 2613 a
1306 2575 1443 2613 Domo
1468 2573 1597 2625 Regia
1621 2573 1710 2613 Filii
1734 2574 1791 2613 tui
1815 2582 1912 2614 natu
1937 2574 2098 2615 maximi
2123 2577 2302 2617 Uxorem

265 2637 488 2692 accepisti⁹,
520 2640 679 2680 Domus
708 2647 801 2680 tuae
830 2641 982 2691 Regiae
1010 2652 1094 2679 non
1120 2639 1245 2678 modo
1271 2638 1457 2678 dolorum
1481 2638 1553 2678 sed
1577 2637 1698 2678 etiarn
1727 2637 1963 2690 gaudiorum
1989 2638 2172 2679 omnium
2201 2639 2305 2680 inter

266 2700 481 2754 participes
500 2701 902 2742 benevolentissimos
922 2701 964 2740 in
984 2707 1223 2753 perpetuum
1243 2699 1483 2741 numerabis.
1544 2701 1645 2740 Vale
1653 2701 1690 2740 ¹⁰.

375 2776 535 2815 Datum
554 2776 597 2815 in
617 2777 806 2816 Senaculo
825 2781 957 2814 nostro

487 2831 627 2870 mensis
643 2830 865 2870 Decembris
883 2830 945 2869 die
963 2828 1034 2870 xii0

595 2886 648 2925 A.
671 2886 712 2926 S.
734 2891 923 2925 MCMV110.

355 2969 368 2991 ¹
392 2970 435 3004 In
455 2971 514 3012 183
495 2970 688 3033 33—19063
700 2969 915 3012 Greenough,
934 2969 1111 3010 Whewell,
1133 2969 1305 3013 Hopkins,
1316 2969 1372 3002 W.
1389 2969 1446 3002 W.
1465 2969 1597 3012 Smyth,
1613 2969 1764 3011 Bonney,
1780 2969 1986 3008 Hudleston,
1997 2970 2108 3011 Teall,
2121 2972 2190 3004 and
2206 2972 2301 3004 Marr

270 3012 560 3101 gffifflfinsgffls·
575 3058 646 3098 (ηο.
667 3014 920 3100 1⁶3¹¹oe¹¹¹⁵⁰¹¹
941 3013 1416 3101 P‘lssigfsffiffi'krfissiffli'i
1422 3013 1544 3090 ὲέιίἒὲ
1560 3013 1790 3100 (ἷῖἓῗῙῗῖσξῗο
1808 3024 1847 3055 ²⁴
1865 2994 2302 3101 Ψρνΐῖιοέἒὲῗῦἑὲἓῂῑὶἶζ

269 3102 455 3145 Praefatio,
468 3112 501 3144 p.
526 3103 598 3142 184,
617 3102 670 3134 ed.
692 3101 836 3134 Fowler.
1027 3100 1042 3121 ⁸
1067 3101 1238 3134 Professor
1254 3101 1405 3134 Thomas
1424 3101 1610 3143 McKenny
1627 3101 1781 3144 Hughes.
1978 3101 1992 3122 ⁶
2016 3102 2123 3144 Νο.3
2106 3112 2168 3145 325
2184 3109 2301 3146 supra.

269 3143 284 3168 ⁷
306 3145 380 3178 The
396 3149 504 3178 motto
520 3145 559 3178 os
570 3144 626 3178 the
645 3145 848 3196 University.
956 3143 970 3166 ⁸
993 3145 1067 3177 The
1083 3151 1191 3177 motto
1208 3145 1247 3177 of
1259 3145 1316 3178 the
1330 3156 1405 3178 new
1423 3145 1526 3188 King.
1641 3143 1657 3165 ⁹
1680 3145 1832 3178 Princess
1850 3146 2018 3189 Margaret
2034 3146 2074 3178 of
2084 3146 2300 3190 Connaught.

270 3187 298 3210 ²⁰
319 3189 395 3222 The
412 3188 514 3232 King’
516 3200 532 3221 s
549 3188 684 3232 Reply
675 3200 703 3222 ιε
719 3189 878 3232 printed
869 3199 904 3221 m
919 3189 977 3222 the
994 3190 1163 3232 Reporter‚
1184 3191 1224 3222 18
1241 3189 1323 3222 Feb.
1349 3190 1443 3234 1908,
1463 3200 1497 3232 p.
1517 3188 1592 3232 586.

1254 3263 1330 3313 269
