2704 3770
341 332 398 381 T.
436 331 510 381 H.
550 329 851 380 Middleton.
924 328 1111 393 Henry
1144 328 1389 377 Lowtber
1424 328 1470 376 C
1467 328 1623 378 larke.
1697 330 1878 395 Philsz
1913 332 1983 380 K.
2020 333 2198 397 Fyson.

348 478 545 518 Lauream
565 483 743 518 nostram
763 475 946 516 ultimam
965 475 1136 516 libenter
1154 474 1276 516 hodie
1300 474 1504 515 offerimus
1527 474 1621 515 artis
1645 475 1823 516 musicae
1842 477 2055 528 professori
2074 479 2267 526 Yaleano,

242 541 446 581 Honmo
464 540 704 579 WiLLELMo
724 540 914 578 PARKER.

1058 741 1074 773 1
1088 741 1112 773 2
1139 724 1281 791 June
1323 740 1446 786 1902

347 842 464 897 (359)
496 844 721 883 TEMPOR18
756 842 925 884 nimium
959 843 1088 884 brevis
1119 843 1222 884 intra
1253 843 1428 896 spatium
1461 843 1543 896 agri
1576 846 1754 885 culturae
1787 846 2052 897 professorem
2087 852 2268 885 nostrum

238 906 412 959 primum
445 913 486 947 et
523 907 673 946 salvere
710 904 898 946 iussimus
936 913 975 946 et
1008 907 1138 947 valere
1172 906 1375 946 diximus1.
1435 907 1510 947 Ille
1543 906 1661 958 igitur
1693 906 1844 959 patriae
1877 905 1951 947 toti
1984 906 2026 946 in
2065 914 2270 958 posterum

238 969 420 1018 donabit,
441 970 552 1021 quod
572 968 853 1021 Cantabrigiae
876 969 1077 1022 paulisper
1099 977 1353 1010 concesserat
1366 985 1377 1020 3
1406 983 1482 1010 nos
1505 970 1663 1010 interim
1688 983 1962 1010 successorem
1989 969 2074 1010 eius
2101 970 2270 1011 libenter

237 1035 467 1082 salutamus,
489 1033 616 1074 virum
636 1034 844 1085 quondam
867 1033 908 1074 in
933 1034 1157 1076 Caledonia
1179 1041 1219 1074 et
1242 1034 1284 1074 in
1305 1034 1408 1086 agris
1432 1034 1614 1075 colendis
1634 1042 1674 1075 et
1693 1034 1735 1074 in
1761 1033 1923 1086 ingenio
1946 1047 2020 1074 suo
2047 1035 2270 1074 excolendo

237 1095 402 1142 feliciter
429 1095 699 1144 exercitatum,
727 1103 868 1147 postea
896 1109 980 1136 non
1013 1097 1138 1136 modo
1170 1095 1274 1137 inter
1307 1097 1447 1143 Indos,
1477 1097 1549 1137 sed
1582 1096 1714 1147 etiam,
1744 1096 1917 1149 primum
1946 1096 1987 1136 in
2016 1096 2267 1145 occidentali,

236 1158 386 1200 deinde
403 1157 446 1198 in
465 1157 765 1210 septentrionali
786 1158 1015 1199 Britanniae
1034 1158 1206 1210 regione,
1224 1159 1306 1211 agri
1326 1161 1504 1200 culturae
1523 1161 1789 1212 professorem
1810 1159 1953 1200 merito
1973 1159 2267 1200 constitutum2.

236 1221 469 1264 Studiorum
506 1222 844 1264 Academicorum
882 1222 924 1263 in
961 1222 1167 1274 provincia
1203 1230 1285 1263 tarn
1324 1237 1430 1264 nova
1472 1225 1722 1276 occupanda,
1755 1236 1960 1275 speramus
2003 1224 2270 1275 professorem

237 1292 419 1326 nostrum
447 1298 599 1326 novum
627 1285 844 1326 iuventutis
873 1292 1033 1326 nostrae
1060 1285 1230 1338 ingeniis
1259 1285 1490 1327 excolendis
1519 1287 1648 1326 multo
1674 1287 1763 1338 plus
1792 1299 1914 1337 quam
1944 1285 2153 1326 biennium
2182 1299 2270 1326 esse

236 1347 524 1401 impensurum,
545 1355 597 1397 et,
622 1349 748 1389 domo
771 1347 903 1388 stabili
926 1347 1029 1389 inter
1052 1355 1211 1389 nosmet
1237 1348 1345 1401 ipsos
1368 1350 1575 1398 collocata,
1602 1362 1685 1389 non
1714 1349 1882 1400 Scythas
1909 1348 1998 1388 illos
2027 1355 2270 1400 campestres

238 1410 327 1452 esse
345 1412 650 1460 aemulatumm,

702 1477 712 1496 ‘
728 1487 900 1526 quorum
929 1476 1104 1527 plaustra
1131 1487 1250 1527 vagas
1279 1474 1351 1515 rite
1380 1476 1542 1515 trahunt
1571 1476 1727 1524 domos,
1745 1505 1753 1514 .
1772 1505 1781 1514 .

726 1542 802 1570 nec
831 1530 986 1569 cultura
1014 1531 1145 1581 placet
1173 1529 1329 1581 longior
1355 1543 1492 1570 annua
1503 1530 1544 1579 ’ᾗ

349 1605 468 1645 Duco
489 1605 543 1645 ad
566 1617 637 1644 vos
659 1603 742 1656 agri
764 1605 942 1643 culturae
965 1604 1229 1655 professorem
1257 1611 1450 1653 nostrum,
1478 1603 1519 1643 in
1550 1603 1820 1645 Universitate
1848 1602 2114 1644 Dunelmensi
2143 1615 2272 1654 nuper

237 1668 494 1710 scientiarum
513 1667 745 1720 magistrum
766 1668 1030 1717 nominatum,
1052 1668 1250 1707 THOMAM
1272 1668 1463 1707 HUDSON
1485 1668 1783 1707 M1DDLETon⁴.

1056 1825 1116 1871 23
1165 1809 1267 1859 Oct.
1321 1825 1443 1870 1902

344 1926 460 1980 (360)
480 1929 621 1969 UNUM
650 1941 700 1968 ex
726 1927 899 1968 alumnis
927 1927 1084 1977 nostris,
1113 1927 1349 1980 episcopum
1381 1928 1712 1969 Melburnensem
1742 1942 1869 1981 nuper
1895 1928 2160 1980 designatum,
2186 1941 2269 1968 non

235 1989 323 2032 sine
354 1989 502 2043 gaudio
536 1989 658 2030 hodie
692 1997 732 2030 et
763 1990 914 2030 salvere
944 1997 984 2030 et
1015 1991 1145 2030 valere
1175 1989 1371 2030 iubemus.
1431 1992 1602 2031 Scholae
1633 1991 1919 2043 Sedbergensis
1950 2004 1998 2030 ex
2029 1990 2271 2030 umbraculis

234 2066 425 2107 egressus,
449 2051 543 2092 Divi
563 2051 728 2092 Ioannis
748 2053 790 2091 in
810 2051 994 2104 Collegio
1014 2052 1226 2104 disciplina
1242 2054 1526 2093 mathematica
1544 2055 1736 2102 excultus,
1751 2053 1792 2092 in
1809 2053 2002 2093 comitatu
2024 2052 2271 2092 Eboracensi

233 2116 324 2168 plus
343 2128 465 2168 quam
485 2113 664 2166 quinque
683 2121 723 2154 et
742 2113 880 2166 viginti
900 2127 971 2165 per
988 2127 1118 2155 annos
1138 2114 1179 2154 in
1203 2115 1407 2155 laboribus
1431 2115 1552 2155 sacris
1576 2117 1808 2167 spectatus⁶‚
1832 2129 1998 2155 munera
2022 2114 2097 2154 sibi
2120 2114 2272 2155 credita

234 2177 382 2227 omnia,
411 2190 570 2217 summa
595 2190 687 2217 cum
714 2177 805 2226 fide,
832 2189 990 2216 summa
1013 2190 1106 2216 cum
1137 2177 1341 2229 dignitate,
1369 2177 1552 2229 explevit.
1612 2179 1662 2217 In
1689 2177 1935 2230 provinciam
1959 2185 2093 2217 autem
2124 2191 2270 2217 novam

233 2248 343 2282 trans
371 2253 569 2281 oceanum
595 2238 830 2291 propediem
858 2240 1119 2290 profecturus,
1142 2240 1307 2280 habebit
1335 2248 1429 2280 ante
1455 2241 1595 2280 oculos
1625 2240 1795 2293 Collegii
1821 2241 1883 2280 sui
1910 2240 2063 2280 alumni
2092 2239 2269 2292 insignis,

234 2303 414 2356 episcopi
433 2302 530 2343 olim
552 2301 861 2350 Melbumensis,
884 2316 994 2342 nunc
1015 2303 1349 2352 Mancuniensis⁶,
1372 2305 1583 2355 exemplar.
1643 2303 1728 2343 Viri
1748 2304 1848 2349 talis,
1864 2303 2072 2344 intervallo
2092 2305 2270 2355 quodam

234 2364 482 2418 interposito,
503 2377 709 2405 successor
732 2363 984 2412 constitutus,
1006 2372 1046 2405 et
1071 2366 1300 2417 provinciae
1324 2373 1458 2406 tantae
1484 2367 1682 2417 regendae
1705 2366 1939 2414 destinatus,
1965 2373 2270 2418 praeceptorum

234 2427 558 2469 academicorum
591 2426 828 2478 ambagibus
858 2428 987 2480 longis
1025 2428 1147 2469 hodie
1182 2443 1264 2469 non
1297 2429 1460 2482 indiget.
1520 2430 1693 2479 Etenim,
1731 2438 1773 2470 ut
1804 2432 1982 2471 Senecae
2010 2430 2140 2471 verbis
2170 2437 2268 2480 utar,

237 2492 426 2543 ‘longum
454 2490 527 2531 iter
555 2498 615 2531 est
643 2503 714 2541 per
741 2499 966 2543 praecepta,
995 2491 1114 2532 breve
1142 2499 1182 2532 et
1211 2492 1349 2532 efficax
1377 2506 1449 2545 per
1476 2493 1711 2545 exempla’⁷.

347 2557 467 2596 Duco
485 2556 539 2596 ad
554 2568 625 2595 vos
646 2556 890 2595 HENR1cuM
911 2556 1132 2595 Lowmna
1152 2556 1345 2604 CLARKE,
1367 2556 1603 2609 episcopum
1626 2557 1955 2598 Melburnensem
1977 2556 2240 2608 designatum.

1057 2713 1111 2761 15
1144 2699 1274 2766 san.
1327 2716 1452 2763 1903

343 2815 459 2868 (361)
489 2818 645 2857 NUPER
674 2816 715 2857 in
746 2818 825 2858 hoc
854 2817 951 2870 ipso·
972 2819 1064 2859 loco
1094 2818 1250 2872 imperii
1283 2820 1470 2872 Japonici
1500 2823 1673 2874 legatum
1706 2822 1911 2872 illustrem,
1945 2821 2054 2874 pacis
2083 2821 2269 2862 nuntium

234 2876 444 2930 insignem,
466 2879 630 2920 honoris
650 2893 771 2920 causa
790 2879 907 2920 titulo
927 2889 1064 2922 nostro
1084 2881 1255 2923 libenter
1274 2883 1582 2924 decoravimus⁸.
1630 2884 1769 2925 Hodie
1789 2884 1941 2925 ibidem
1957 2883 2067 2936 pacis
2082 2883 2268 2923 nuntium

233 2942 415 2991 alterum,
443 2941 599 2995 imperii
624 2942 729 2984 illius
752 2943 906 2985 insulae
932 2945 1234 2997 septentrionali
1257 2946 1492 2999 episcopum
1520 2955 1614 2988 ante
1639 2948 1715 2988 hos
1744 2961 1813 2988 sex
1840 2961 1968 2988 annos
1995 2947 2202 2995 donatum,
2231 2953 2272 2986 et

321 3047 335 3069 ²
356 3049 508 3083 William
525 3050 734 3091 Somerville,
758 3053 970 3096 1899—1901
986 3064 997 3092 ς
1014 3064 1070 3086 no.
1088 3063 1152 3095 322
1167 3059 1282 3096 supra.
1545 3054 1559 3075 ⁹
1582 3056 1727 3095 Baroda,
1747 3056 1996 3100 Aberystwyth,
2016 3059 2083 3091 and
2101 3059 2265 3093 Durham.

234 3090 250 3112 ⁸
274 3092 421 3131 Horace,
443 3094 558 3127 earm.
575 3094 611 3127 iii
629 3105 681 3137 24,
702 3106 751 3128 10.
953 3095 968 3117 ⁴
993 3097 1164 3130 Professor
1179 3098 1218 3130 of
1230 3098 1455 3141 Agriculture‚
1480 3109 1707 3143 1902—1907.
1909 3100 1923 3122 ⁵
1945 3102 2051 3141 York,
2070 3103 2269 3146 Dewsbury,

235 3136 490 3170 Huddersfield.
689 3138 705 3160 ⁸
724 3140 839 3182 James
856 3140 1072 3178 Moorhouse‚
1091 3142 1196 3181 D.D.,
1218 3142 1346 3184 Bishop
1362 3142 1401 3175 of
1414 3143 1628 3181 Melbourne,
1651 3143 1819 3186 1876-86;
1845 3145 1972 3189 Bishop
1988 3146 2027 3179 of
2040 3147 2261 3184 Manchester.

238 3179 466 3225 1886—1903.
686 3181 701 3204 ⁷
723 3184 791 3226 Ep.
807 3182 839 3223 6,
860 3195 892 3226 5.
1061 3183 1076 3205 ⁸
1099 3185 1167 3218 No.
1181 3195 1246 3228 350
1262 3193 1380 3228 supra.

1221 3260 1294 3309 167
