2704 3770
753 339 1040 406 Unz‘versz'zjy
1072 340 1137 405 os
1158 340 1472 407 Heidelberg.
1536 341 1797 391 Harvard
1833 341 2132 408 Um'versz'ty.

441 498 568 537 nuper
603 485 807 536 vidimus¹,
836 494 1019 528 nostrum
1054 487 1235 529 omnium
1273 488 1437 530 nomine
1473 502 1659 541 praesens
1691 488 1960 541 gratulabitur.
2019 490 2106 530 Nos
2142 491 2298 531 interim
2334 490 2450 533 vobis

441 550 640 601 omnibus,
680 565 790 593 sacra
825 560 954 593 vestra
991 553 1206 594 saecularia
1235 553 1539 603 celebrantibus,
1575 553 1712 594 omnia
1744 556 1872 594 fausta
1908 554 2068 606 precati,
2107 554 2227 595 etiam
2263 555 2450 597 absentes

442 613 682 666 optabimus,
716 623 760 656 ut
791 615 1038 657 Universitas
1069 616 1135 656 illa
1167 624 1305 665 vestra,
1341 624 1400 657 tot
1431 630 1560 657 annos
1590 630 1660 669 per
1691 616 1820 657 varios
1852 629 1968 657 casus
2005 616 2170 657 feliciter
2205 625 2448 668 conservata,

440 677 694 717 alumnorum
711 689 874 717 suorum
894 691 985 717 curn
1005 679 1134 718 fructu
1155 678 1328 718 maximo
1347 678 1516 730 plurima
1535 677 1655 718 etiam
1674 678 1715 718 in
1734 685 1938 730 posterum
1957 680 2086 719 valeat
2107 677 2299 719 ‘vivendo
2317 678 2450 720 vitalia

440 738 598 780 vincere
617 738 799 779 saecla’2.
856 741 1007 780 Valete.

550 819 705 858 Datum
730 820 1004 871 Cantabnssgzae

655 874 847 913 Kalendis
865 875 1069 924 Aprilibus

763 928 815 967 A.
838 927 879 968 S.
902 938 1218 968 MDcchxxxrv.

745 1057 973 1096 Academiae
995 1056 1304 1107 fflt'delbergensi
1330 1056 1371 1096 S.
1391 1057 1440 1096 P.
1461 1057 1518 1095 D.
1549 1056 1759 1096 Academia
1795 1057 2131 1108 Cantabmgienszk.

549 1139 662 1192 (536)
690 1141 790 1179 REM
821 1139 938 1180 nobis
962 1147 1182 1192 pergratam
1211 1139 1370 1187 fecistis,
1391 1138 1462 1179 viri
1487 1139 1718 1189 doctissimi,
1740 1141 1851 1192 quod
1879 1140 2123 1180 Academiae
2150 1147 2303 1181 vestrae
2330 1141 2449 1181 ludos

440 1203 659 1243 saeculares
685 1203 916 1254 propediem
945 1201 1189 1250 celebraturi,
1211 1201 1331 1241 etiam
1360 1209 1536 1241 nostram
1562 1202 1821 1242 Academiam
1852 1202 1986 1254 gaudii
2014 1201 2131 1243 vestri
2158 1201 2336 1242 voluistis
2365 1201 2450 1242 fieri

438 1263 682 1316 participem.
741 1262 902 1303 Etenim
931 1276 1005 1303 nos
1033 1276 1194 1315 quoque
1221 1264 1443 1314 gaudemus
1472 1271 1552 1303 tam
1580 1263 1786 1315 antiquam
1815 1271 1977 1315 tamque
2010 1263 2205 1316 insignem
2239 1265 2447 1303 Musarum

440 1327 577 1366 sedem
600 1332 660 1364 tot
685 1326 866 1365 fortunae
888 1338 1003 1364 casus
1028 1332 1110 1364 tam
1133 1324 1298 1364 feliciter
1323 1338 1539 1375 superasse,
1562 1332 1601 1365 et
1625 1324 1739 1364 annis
1767 1325 1845 1364 iam
1873 1324 2098 1376 quingentis
2123 1325 2175 1365 ab
2200 1324 2350 1377 origine
2377 1338 2450 1365 sua

439 1387 597 1435 exactis,
627 1386 730 1426 inter
759 1386 963 1426 doctrinae
996 1385 1198 1426 domicilia
1231 1385 1510 1426 florentissima
1539 1385 1749 1425 numerari.
1807 1385 1917 1425 Sicut
1948 1385 2035 1437 ipsa
2068 1387 2210 1435 Roma,
2242 1387 2448 1426 Gallorum

440 1451 646 1502 quondam
671 1448 867 1489 incendiis
890 1457 930 1489 et
955 1448 1078 1488 ruinis
1101 1449 1291 1496 desolata,
1311 1447 1352 1487 in
1379 1449 1474 1488 sede
1499 1447 1664 1500 pristina
1686 1449 1820 1488 denuo
1849 1447 2057 1488 aedificata
2082 1455 2152 1496 est,
2179 1448 2235 1488 ita
2261 1449 2356 1489 urbs
2383 1448 2451 1489 illa

439 1511 628 1560 Palatina,
651 1524 771 1563 quarn
794 1519 964 1552 vestram
984 1524 1072 1551 esse
1097 1509 1331 1563 gloriamini,
1353 1512 1442 1562 plus
1466 1524 1589 1561 quam
1612 1511 1737 1550 semel
1760 1510 1856 1550 olim
1876 1512 1978 1551 ferro
1998 1518 2037 1551 et
2056 1511 2147 1563 igne
2165 1518 2327 1560 vastata,
2347 1511 2450 1552 inter

438 1575 561 1614 colles
580 1574 668 1613 illos
687 1573 966 1614 saluberrimos
986 1585 1110 1625 prope
1130 1574 1280 1612 flumen
1298 1572 1626 1612 amoenissimum
1646 1572 1832 1623 auspiciis
1851 1573 2012 1624 optimis
2034 1574 2086 1613 ab
2109 1573 2261 1625 integro
2286 1573 2450 1614 condita

437 1643 497 1676 est
508 1637 532 1677 ⁸.
589 1637 732 1676 Vestra
760 1649 853 1676 vero
882 1636 988 1675 fama
1015 1648 1098 1675 non
1122 1643 1204 1674 tam
1229 1634 1504 1675 aedificiorum
1530 1635 1794 1675 recentiorum
1820 1635 1862 1675 in
1891 1637 2102 1687 splendore
2124 1649 2255 1688 neque
2280 1635 2448 1677 turrium

435 1706 611 1738 veterum
637 1698 679 1737 in
707 1697 1001 1749 magnificentia
1022 1696 1152 1749 posita
1177 1704 1247 1745 est,
1269 1710 1391 1748 quam
1414 1696 1455 1736 in
1485 1696 1677 1737 memoria
1705 1710 1953 1737 summorum
1979 1698 2152 1739 virorum
2178 1698 2248 1750 qui
2276 1704 2445 1739 vestram

438 1760 700 1801 Academiam
731 1759 860 1800 variae
889 1767 928 1799 et
956 1758 1186 1811 multiplicis
1214 1759 1449 1799 eruditionis
1472 1759 1623 1800 lumine
1649 1773 1719 1811 per
1744 1767 1802 1800 tot
1823 1763 1981 1801 saecula
1999 1761 2250 1801 illustrarunt.
2309 1762 2449 1814 Super-

439 1836 656 1864 vacaneum
685 1824 866 1874 profecto
899 1829 958 1862 est
991 1823 1233 1874 professores
1267 1822 1355 1862 illos
1384 1835 1525 1862 omnes
1554 1836 1797 1874 percensere,
1829 1824 1946 1864 nobis
1974 1825 2138 1877 quidem
2166 1838 2249 1865 non
2277 1824 2445 1876 ignotos,

438 1897 462 1924 a
481 1885 595 1925 vobis
613 1892 748 1925 autem
774 1884 843 1925 diu
869 1884 911 1924 in
937 1885 1091 1924 honore
1116 1883 1286 1932 habitos,
1308 1884 1377 1935 qui
1401 1886 1566 1924 annales
1592 1891 1742 1925 vestros
1769 1885 1987 1936 antiquitus
2016 1893 2276 1935 exornarunt,
2305 1894 2449 1927 ornant

439 1959 547 1987 nunc
575 1947 694 1987 etiam
723 1945 985 1987 Academiam
1013 1953 1182 1986 vestram
1215 1953 1492 1998 praeceptores
1526 1945 1731 1986 clarissimi
1764 1946 1833 1997 qui
1861 1947 1956 1986 olim
1985 1948 2311 1997 nominabuntur,
2338 1961 2447 1989 nunc

438 2007 730 2060 intelleguntur.
788 2007 900 2048 Nihil
930 2007 1047 2060 igitur
1079 2007 1201 2047 hodie
1231 2007 1345 2047 vobis
1378 2007 1620 2058 auspicatius
1650 2008 1800 2059 precari
1833 2021 2046 2058 possumus
2079 2022 2200 2060 quam
2233 2017 2277 2049 ut
2308 2009 2447 2050 talium

439 2069 611 2110 virorum
634 2071 796 2111 suboles
815 2070 935 2111 etiam
955 2070 996 2110 in
1016 2077 1219 2122 posterum
1246 2070 1359 2109 vobis
1388 2070 1430 2109 in
1455 2078 1693 2122 perpetuum
1718 2070 1832 2119 adsit,
1853 2071 2011 2123 locique
2030 2072 2284 2124 pulcherrimi
2308 2073 2448 2124 genius

439 2131 516 2179 ille,
551 2132 620 2183 qui
649 2141 778 2173 vestra
807 2146 968 2184 quoque
1001 2132 1042 2171 in
1075 2132 1173 2171 urbe
1206 2134 1215 2152 ‘
1228 2131 1427 2171 Palatinas
1459 2132 1565 2172 videt
1593 2145 1744 2183 aequus
1776 2133 1944 2182 arces’⁴,
1975 2141 2146 2174 vestram
2177 2134 2285 2174 illam
2314 2147 2446 2176 arcem

438 2200 478 2233 et
497 2195 839 2245 propugnaculum
859 2193 1075 2240 doctrinae,
1095 2193 1305 2233 hominum
1325 2194 1537 2234 doctorum
1557 2194 1626 2246 qui
1645 2193 1795 2245 ubique
1820 2201 1913 2234 sunt
1936 2196 1990 2236 ad
2015 2196 2197 2244 fructum,
2217 2195 2387 2248 plurima
2404 2195 2446 2236 in

438 2257 596 2296 saecula
614 2256 779 2297 feliciter
797 2263 1014 2297 conservet.
1073 2257 1227 2296 Valete.

546 2333 702 2371 Datum
727 2332 1005 2382 Cantabrigiae

654 2387 793 2426 mensis
810 2387 913 2425 Iulii
927 2386 988 2424 die
1006 2397 1105 2424 nono

762 2441 814 2480 A.
837 2441 878 2480 S.
901 2439 1233 2479 MDCCCLxxxv1⁶.

541 2568 750 2608 Academia
783 2567 1112 2618 cantabrigiensis
1144 2567 1420 2618 Cantabngiae
1454 2568 1496 2606 T
1487 2568 1792 2607 ransatlanticae
1818 2571 1981 2609 salutem
2009 2569 2102 2609 dtkit
2115 2570 2347 2621 plurimam.

545 2650 656 2703 (537)
694 2651 881 2701 QUANTA
923 2664 1017 2690 cum
1064 2652 1267 2701 voluptate
1311 2649 1524 2701 epistolam
1568 2650 1676 2690 illam
1724 2652 1950 2703 nuperrime
1997 2651 2235 2704 accepimus,
2278 2652 2319 2692 in
2367 2666 2448 2705 qua

439 2713 682 2753 Academiae
710 2712 920 2751 nobiscum
947 2719 986 2751 et
1011 2712 1175 2751 nomine
1204 2719 1243 2752 et
1269 2711 1420 2763 origine
1448 2711 1797 2753 coniunctissimae
1826 2726 1935 2753 sacra
1962 2713 2176 2753 saecularia
2201 2713 2445 2763 celebraturi,

440 2774 559 2814 etiam
593 2781 769 2813 nostram
800 2773 1062 2812 Academiam
1093 2773 1213 2813 sacris
1243 2773 1319 2812 illis
1349 2773 1539 2813 interesse
1576 2773 1780 2813 voluistis!
1838 2776 1952 2814 Iuvat
1985 2776 2162 2826 profecto
2194 2776 2301 2815 diem
2334 2774 2446 2814 illum

439 2837 612 2875 faustum
627 2849 751 2887 prope
765 2842 1015 2887 praesentem
1031 2834 1301 2886 contemplari,
1320 2848 1440 2886 quem
1456 2848 1583 2886 nuper
1596 2835 1664 2875 illo
1679 2835 1744 2875 die
1759 2836 2145 2888 appropinquantem
2160 2836 2448 2889 prospeximus,

439 2910 521 2949 quo
546 2897 683 2938 vestris
711 2911 759 2937 ex
786 2897 956 2936 alumnis
986 2910 1122 2945 unum,
1144 2896 1270 2936 virum
1300 2898 1516 2936 litterarum
1544 2898 1662 2937 laude
1690 2896 1897 2948 insignem,
1918 2897 2034 2937 titulo
2061 2906 2197 2938 nostro
2225 2898 2447 2938 honorifico

440 2959 666 2999 ornavimus
677 2959 703 2997 ⁶.
760 2960 876 2998 Iuvat
913 2959 1175 2999 Academiam
1213 2958 1332 3007 illam,
1373 2958 1485 2998 cuius
1521 2959 1763 3010 professores
1800 2958 1969 2998 illustres
2006 2959 2047 2998 in
2085 2961 2274 3000 senaculo
2309 2967 2446 3000 nostro

505 3054 520 3075 ²
541 3055 595 3089 Sir
609 3056 802 3088 Alexander
818 3055 951 3089 Grant's
967 3056 1064 3098 Story
1077 3055 1119 3097 qf
1130 3055 1184 3087 the
1203 3055 1395 3097 University
1409 3054 1671 3097 osEdinburglz.
1781 3054 1796 3075 ²
1818 3056 1917 3089 Lucr.
1934 3056 1945 3089 i
1962 3066 2034 3089 202.
2163 3055 2177 3077 ⁸
2199 3056 2294 3099 Livy,
2313 3055 2348 3089 vi
2363 3065 2406 3099 54
2419 3056 2444 3089 f.

439 3097 454 3117 ⁴
476 3098 564 3130 Hor.
583 3099 727 3131 Carmen
742 3100 927 3136 Saeculare,
946 3099 998 3141 65.
1158 3098 1171 3118 ⁶
1194 3099 1268 3130 The
1285 3099 1448 3140 Delegate
1466 3109 1531 3131 was
1547 3099 1604 3131 the
1621 3099 1705 3131 Rev.
1723 3099 1843 3132 Coutts
1858 3100 2004 3140 Trotter,
2023 3100 2133 3138 M.A.,
2150 3100 2281 3143 Trinity
2295 3099 2445 3143 College.

441 3139 455 3160 ⁶
477 3141 592 3174 Oliver
608 3143 764 3175 Wendell
783 3143 936 3181 Holmes,
955 3153 1010 3174 no.
1032 3152 1093 3174 100
1108 3147 1223 3184 supra.

1409 3216 1485 3265 238
