2704 3770
462 322 517 370 A
523 323 708 371 lbreclzt
743 323 806 370 K
801 324 931 372 ossel.
1004 323 1078 372 H.
1116 324 1177 373 F.
1220 324 1420 373 Osborn.
1493 324 1565 374 Ν.
1610 295 1668 374 G}
1707 324 1931 373 Pz'erson.
2018 324 2068 372 V
2062 324 2130 373 z‘to
2178 324 2424 374 Volterra.

546 466 660 519 (399)
695 467 849 508 Urbem
888 467 1110 508 Palatinam
1148 469 1284 509 denuo
1316 468 1358 509 in
1393 468 1624 509 memoriam
1658 475 1775 508 vocat
1807 467 2078 520 physiologiae
2111 467 2215 509 illius
2245 468 2448 510 chemicae

439 530 637 581 professor
679 529 854 582 insignis,
894 544 996 582 quae
1037 530 1229 583 quicquid
1270 531 1364 571 vivit
1405 539 1660 583 perscrutata,
1701 538 1760 571 tot
1801 532 2038 583 corpuscula
2074 538 2182 571 textu
2219 531 2451 572 tenuissima

439 593 615 642 explorat
643 598 682 631 et
714 591 894 643 explicat,
925 599 984 632 tot
1007 594 1177 632 ‘cellulas
1207 593 1463 633 absconditas
1497 593 1537 633 in
1568 594 1699 633 lucem
1732 591 1924 644 protrahit
1953 599 1992 632 et
2020 594 2231 632 enucleat¹.
2289 592 2450 634 Abhinc

439 667 566 694 annos
604 667 672 694 sex
708 654 887 695 eiusdem
931 654 1219 704 Universitatis,
1259 655 1439 696 eiusdem
1482 655 1682 705 scientiae,
1722 656 1984 707 professorem
2027 655 2069 695 in
2111 656 2190 696 hoc
2230 655 2318 707 ipso
2358 657 2450 697 loco

439 716 698 764 laudavimus,
721 716 788 768 qui
815 717 855 756 in
882 730 1126 769 unoquoque
1150 731 1172 757 e
1199 718 1323 758 tribus
1346 718 1551 758 decenniis
1571 719 1675 758 hanc
1695 717 1902 758 scientiam
1922 731 2163 770 magnopere
2180 717 2341 758 adiuvit.
2400 719 2450 759 In

439 780 659 830 professore
685 779 753 819 illo
779 780 982 820 laudando
1009 781 1264 832 sperabamus
1290 781 1393 820 intra
1417 781 1641 833 proximum
1669 781 1911 821 decennium
1937 783 2020 822 sore
2045 789 2089 822 ut
2114 781 2252 821 talium
2278 780 2450 822 virorum

438 841 641 882 laboribus
665 841 936 894 physiologiae
961 841 1001 881 in
1026 843 1228 894 provincia
1254 844 1435 883 chemica
1457 845 1589 883 laurus
1618 844 1812 895 plurimae
1839 846 2084 885 referrentur.
2143 845 2266 895 Quod
2293 844 2361 884 illo
2384 843 2450 885 die

439 905 696 956 sperabamus
715 904 946 956 professoris
965 905 1068 945 illius
1088 919 1292 946 successor
1312 906 1475 946 feliciter
1494 914 1622 947 ratum
1643 907 1802 947 effecit2.

549 967 667 1006 Duco
710 967 762 1006 ad
808 979 878 1007 vos
923 966 1192 1019 physiologiae
1230 967 1433 1008 chemicae
1471 969 1733 1020 professorem
1773 968 2168 1021 Heidelbergensem,
2209 970 2448 1011 ALBERTUM

441 1028 618 1067 Kossm..

548 1123 663 1176 (400)
693 1126 726 1163 E
749 1124 953 1176 republica
976 1125 1148 1165 maxima
1170 1133 1276 1166 trans
1296 1140 1445 1178 aequor
1463 1126 1710 1168 Atlanticum
1731 1127 1800 1168 diu
1819 1141 2006 1179 prospere
2025 1127 2240 1168 constituta
2257 1128 2450 1168 laetamur

439 1187 491 1225 ad
524 1199 597 1226 nos
630 1187 841 1226 advectum
873 1200 959 1226 esse
987 1187 1112 1226 virum
1142 1188 1484 1240 palaeontologiae
1512 1189 1740 1239 praesertim
1768 1189 1810 1228 in
1838 1188 2003 1229 scientia
2030 1188 2238 1240 insignem,
2268 1188 2338 1240 qui
2365 1202 2448 1231 non

440 1248 562 1287 modo
582 1247 622 1287 in
653 1248 921 1289 Universitate
948 1248 1226 1297 Columbiana,
1252 1250 1368 1289 nobis
1395 1258 1434 1289 et
1460 1250 1617 1302 linguae
1643 1258 1683 1291 et
1711 1251 1931 1291 studiorum
1959 1250 2234 1291 communium
2257 1252 2448 1293 societate

439 1309 774 1357 coniunctissima,
790 1310 1011 1362 zoologiam
1032 1312 1230 1362 praeclare
1249 1313 1466 1363 profitetur,
1481 1314 1553 1352 sed
1571 1313 1702 1361 etiarn,
1722 1313 1893 1354 Eboraci
1913 1313 2019 1353 Novi
2038 1312 2079 1353 in
2101 1315 2246 1353 Museo
2261 1313 2445 1363 maximo,

438 1371 669 1412 animalium
689 1372 909 1423 ingentium
929 1386 952 1412 e
971 1372 1135 1423 rupibus
1154 1373 1250 1424 ipsis
1269 1375 1503 1414 effossorum
1524 1375 1820 1419 multitudinem
1841 1389 2010 1424 saxeam,
2032 1375 2115 1416 sive
2136 1376 2350 1417 Dinosauri
2368 1377 2450 1419 sive

438 1434 709 1474 Atlantosauri
738 1434 1003 1482 nominantur,
1026 1435 1108 1474 sive
1135 1435 1214 1475 alio
1242 1435 1377 1487 aliquo
1406 1437 1570 1477 nomine
1598 1438 1811 1489 splendido
1839 1438 2065 1490 gloriantur,
2094 1452 2251 1478 summa
2278 1440 2450 1481 sollertia

439 1495 689 1547 conquisivit,
713 1509 869 1535 summa
887 1503 971 1535 arte
994 1495 1202 1546 disposuit,
1224 1510 1380 1537 summa
1403 1512 1497 1538 cura
1519 1500 1703 1539 custodit.
1762 1501 1995 1540 Gaudemus
2021 1501 2307 1552 rempublicam
2327 1500 2448 1550 illam,

438 1566 497 1599 tot
518 1572 647 1598 rerum
667 1572 860 1598 novarum
880 1559 1067 1599 varietate
1087 1561 1358 1609 excellentem,
1380 1561 1500 1601 etiam
1524 1562 1626 1602 vitae
1652 1562 1840 1613 pristinae
1867 1562 2030 1614 vestigia
2051 1570 2133 1602 tam
2159 1562 2323 1614 antiqua
2341 1570 2451 1604 tanta

438 1634 530 1660 cum
568 1621 770 1661 alacritate
807 1621 1001 1673 persequi.
1061 1623 1176 1661 Iuvat
1214 1622 1341 1662 virum
1379 1623 1542 1675 hospitii
1574 1624 1659 1665 iure
1691 1638 1784 1665 cum
1822 1625 2000 1677 plurimis
2030 1625 2291 1666 coniunctum
2330 1627 2452 1667 Ennii

438 1682 561 1734 ipsius
581 1683 710 1723 verbis
739 1682 858 1723 etiarn
886 1690 1095 1734 propterea
1123 1685 1294 1733 laudare,
1318 1687 1439 1736 quod,
1461 1685 1503 1726 in
1533 1688 1678 1727 Museo
1706 1686 1774 1727 illo
1806 1688 1952 1727 ‘multa
1980 1694 2119 1728 tenens
2142 1687 2306 1739 antiqua
2320 1687 2339 1737 ',
2364 1688 2451 1740 ipse

441 1748 450 1766 ‘
463 1745 616 1798 egregie
636 1747 823 1787 cordatus
843 1746 966 1786 homo
979 1747 988 1764 ’
1008 1759 1095 1786 esse
1114 1746 1344 1799 perhibetur
1357 1749 1396 1786 '³.

548 1810 666 1849 Duco
712 1810 764 1849 ad
810 1822 881 1848 vos
929 1809 1197 1850 Columbiana
1243 1809 1284 1849 in
1327 1810 1596 1851 Universitate
1642 1812 1844 1864 zoologiae
1891 1814 2165 1864 professorem,
2206 1815 2449 1855 HENRICUM

442 1872 674 1909 FAIRFIELD
703 1871 891 1912 OSBORN.

549 1957 662 2011 (401)
693 1960 934 1999 Batavorum
961 1972 1009 1998 ex
1034 1959 1144 2006 urbe,
1166 1973 1285 2011 quam
1311 1961 1473 2011 Europa
1495 1968 1579 2001 tota
1605 1962 1844 2002 concordiae
1867 1963 2005 2002 sedem
2029 1970 2261 2014 perpetuam
2280 1963 2448 2016 respicit,

440 2023 492 2062 ad
512 2035 585 2062 nos
611 2022 777 2061 feliciter
802 2023 993 2061 advectus
1020 2029 1080 2061 est
1102 2022 1159 2060 vir
1182 2022 1223 2061 in
1250 2023 1359 2074 pacis
1379 2022 1528 2062 artibus
1548 2023 1701 2075 egregie
1720 2031 1907 2072 versatus,
1930 2024 1998 2076 qui
2017 2024 2072 2064 rei
2091 2025 2332 2076 argentariae
2350 2026 2452 2066 inter

441 2096 534 2123 suos
564 2083 827 2135 praepositus,
858 2089 897 2121 et
928 2083 1207 2122 oeconomiam
1241 2083 1442 2135 publicam
1476 2086 1686 2136 professus,
1718 2086 1770 2125 de
1808 2084 1973 2125 scientia
2009 2085 2075 2125 illa
2111 2086 2271 2126 salutari
2307 2086 2451 2138 scripta

439 2145 576 2194 edidit,
597 2158 700 2197 quae
725 2145 828 2184 inter
852 2144 999 2196 peritos
1023 2145 1256 2185 auctoritate
1280 2146 1451 2185 maxima
1470 2146 1681 2186 fruuntur⁴.
1741 2147 1849 2187 Olim
1875 2161 1898 2187 a
1921 2149 2071 2199 populo
2094 2161 2179 2197 suo,
2200 2149 2450 2201 vectigalium

438 2208 689 2260 publicorum
723 2208 972 2258 iniquitatem
1005 2221 1120 2259 aegre
1153 2221 1281 2260 passo,
1317 2209 1369 2248 ad
1402 2222 1599 2249 summam
1633 2223 1762 2249 rerum
1796 2217 1970 2257 vocatus,
2006 2210 2061 2250 rei
2098 2210 2220 2250 totius
2255 2211 2448 2251 rationem

440 2271 620 2323 protinus
647 2269 688 2310 in
715 2270 855 2310 melius
884 2270 1051 2309 mutavit
1076 2278 1197 2321 atque
1222 2284 1270 2310 ex
1293 2270 1520 2311 inordinato
1546 2271 1587 2311 in
1613 2271 1795 2312 ordinem
1819 2272 1994 2311 adduxit.
2054 2272 2163 2312 Dixit
2182 2274 2279 2312 olim
2298 2275 2451 2313 Anaxa-

439 2347 553 2386 goras
572 2333 709 2373 omnia
728 2335 932 2386 quondam
953 2333 1071 2373 simul
1091 2330 1256 2373 confusa
1276 2333 1406 2382 fuisse,
1428 2333 1575 2374 deinde
1595 2341 1771 2375 mentem
1794 2334 1921 2386 ipsam
1944 2335 2152 2375 advenisse
2174 2342 2295 2387 atque
2317 2334 2453 2376 omnia

440 2395 650 2447 separatim
670 2394 895 2435 distinxisse
910 2402 950 2434 et
969 2394 1009 2433 in
1025 2394 1205 2434 ordinem
1227 2394 1414 2435 duxisse⁵.
1475 2395 1607 2435 Etiam
1629 2397 1868 2435 Batavorum
1882 2395 1924 2435 in
1939 2395 2194 2448 vectigalibus
2213 2395 2254 2436 in
2269 2395 2451 2437 ordinem

440 2458 676 2510 redigendis,
698 2457 768 2497 viri
788 2457 953 2497 huiusce
973 2471 1074 2509 opus
1094 2459 1167 2497 fuit
1187 2465 1321 2498 mente
1341 2457 1569 2510 perspicaci.

549 2521 667 2559 Duco
686 2520 739 2560 ad
758 2533 829 2559 vos
847 2519 975 2559 virum
994 2520 1255 2559 oeconomiae
1275 2519 1488 2572 publicae
1478 2533 1519 2559 m
1535 2519 1675 2560 studiis
1690 2526 1911 2572 spectatum
1925 2526 1964 2560 et
1978 2519 2200 2572 probatum,
2219 2521 2259 2560 N
2262 2531 2451 2562 1COLAUM

441 2583 687 2623 GERARDUM
710 2584 911 2622 Pmnson.

550 2678 662 2731 (402)
690 2680 824 2729 Quem
850 2678 986 2730 genuit
1015 2680 1196 2727 Ancona,
1218 2691 1339 2729 quem
1367 2692 1435 2718 arx
1459 2678 1624 2730 antiqua
1650 2678 1829 2719 Etruriae
1858 2691 1931 2718 suo
1957 2678 2120 2719 nomine
2145 2678 2309 2726 ornavit,
2330 2692 2451 2731 quem

442 2743 612 2794 primum
647 2741 838 2789 Pisarum‚
871 2741 1014 2782 Galilei
1047 2755 1139 2782 cum
1173 2741 1366 2781 memoria
1398 2741 1727 2789 consociatarum,
1757 2741 1903 2781 deinde
1936 2743 2139 2792 Augustae
2172 2741 2448 2791 Taurinorum,

440 2805 613 2857 denique
652 2807 807 2844 Rornae
844 2804 967 2855 ipsius
1005 2803 1252 2844 Universitas
1290 2803 1391 2844 inter
1429 2805 1671 2855 professores
1708 2817 1801 2844 suos
1834 2803 2065 2852 numeravit,
2103 2804 2235 2844 multis
2272 2806 2451 2856 profecto

439 2867 670 2908 nominibus
699 2866 973 2907 observantiae
1002 2874 1152 2907 vestrae
1181 2868 1497 2907 commendatur.
1556 2868 1647 2916 Sed,
1676 2875 1719 2907 ut
1748 2866 1892 2908 relictis
1921 2867 2151 2907 nominibus
2179 2869 2232 2908 ad
2257 2881 2318 2908 res
2346 2867 2451 2920 ipsas

439 2928 746 2980 progrediamur,
768 2927 870 2967 inter
895 2927 1042 2979 peritos
1071 2935 1228 2967 constat
1254 2927 1380 2967 virum
1404 2929 1511 2967 hunc
1539 2928 1639 2968 lucis
1665 2927 1894 2980 praesertim
1921 2928 1961 2967 in
1988 2928 2141 2980 legibus
2169 2928 2451 2980 investigandis

525 3014 537 3035 ¹
557 3016 663 3057 Joint-
654 3015 786 3048 -author
806 3016 845 3047 of
866 3016 992 3048 Gewebe
1012 3016 1063 3047 des
1087 3015 1325 3047 menschlichen
1350 3015 1519 3056 karpau
1550 3015 1658 3047 editor
1680 3015 1719 3047 of
1739 3015 1930 3057 Zeitsclzrift
1944 3015 2016 3057 fu'r
2028 3016 2286 3057 physiologische
2311 3015 2448 3048 Chemie.

438 3057 452 3078 ²
474 3058 538 3101 Cp
554 3069 610 3090 no.
628 3069 691 3100 300
706 3064 817 3100 supra.
963 3057 977 3078 ³
1002 3059 1140 3094 Ennius,
1158 3069 1201 3100 ap
1205 3058 1388 3097 .Gellium,
1409 3058 1454 3090 xii
1470 3070 1501 3098 4,
1520 3063 1553 3090 et
1569 3069 1612 3100 ap
1616 3058 1712 3091 .Cic.
1734 3060 1787 3091 De
1805 3060 1863 3092 Or.
1881 3059 1892 3091 i
1912 3061 1983 3101 ¹98.
2118 3057 2132 3078 ¹¹
2132 3059 2450 3111 Grondbeginselm

439 3103 515 3143 (187
504 3070 608 3142 5—6)
627 3103 693 3133 and
708 3102 862 3134 Leerboek
880 3100 1136 3143 (1896—19022)
1154 3069 1213 3134 depr
1225 3069 1612 3135 ΞίααίΙικίῖο-Ιιοιιιίῆιιηᾱιρ
1801 3101 1943 3134 ι’τιόἰντιιι
1959 3100 2112 3144 χήρματα
2128 3099 2166 3141 ἦν
2181 3102 2274 3141 ὁμοῦ·
2295 3102 2366 3135 etro.
2381 3103 2449 3135 νοῦς

438 3145 541 3177 ἐλθὼν
558 3144 759 3184 διεκόσμησε,
777 3146 1003 3188 Anagaxoras,
1023 3156 1078 3187 ap.
1097 3145 1196 3188 Diog.
1217 3145 1328 3177 Laert.
1346 3144 1368 3177 ii
1385 3144 1416 3177 6.

1411 3217 1487 3264 184
