2704 3770
374 336 546 404 Royal
575 336 803 388 Swedz’slz
838 337 893 386 A
899 336 1109 403 cademy,
1152 334 1446 386 Stoeklzolm.
1528 335 1818 402 Um‘versz'ty
1850 339 1915 401 of
1937 338 2174 404 Bologna.

263 481 420 524 minora
431 497 444 533 3
489 483 556 523 illa
592 497 688 524 vero
725 483 885 525 maiora.
959 483 1151 533 Primum,
1190 484 1378 524 alumnus
1420 482 1488 522 ille
1528 489 1668 531 vester,
1707 483 1816 523 velut
1852 483 1952 523 alter
1988 483 2151 533 Plinius,
2191 497 2293 536 opus

262 543 517 594 immensum,
547 545 761 595 eruditum,
794 550 893 586 ‘nec
918 545 1052 586 minus
1079 545 1233 586 varium
1262 558 1386 598 quam
1414 544 1501 597 ipsa
1526 544 1719 593 natura'¹‚
1744 544 1989 596 conscripsit.
2051 546 2222 595 Deinde,
2253 546 2295 586 in

262 621 394 651 rerum
424 615 567 650 natura
593 611 850 662 exploranda,
881 623 964 650 non
993 611 1117 650 modo
1147 608 1297 650 saeculi
1326 608 1388 649 sui
1420 608 1524 649 inter
1553 607 1659 648 viros
1686 607 1857 648 illustres
1886 607 2042 657 effulsit,
2073 610 2145 649 sed
2174 609 2295 650 etiam

262 669 460 712 venientis
496 671 585 712 aevi
622 672 785 712 inventa
821 671 992 724 insignia
1029 679 1166 713 mente
1207 671 1375 724 provida
1417 669 1702 723 praesagiebat.
1762 671 1914 710 Rerum
1955 677 2090 710 autem
2132 677 2297 710 naturae

262 734 523 786 exploratoris
541 734 801 785 celeberrimi,
824 735 989 777 CARou
1012 737 1210 784 DAnwm,
1231 735 1384 775 alumni
1405 733 1530 774 nostri
1549 733 1698 774 abhinc
1717 747 1847 774 annos
1867 746 1992 786 prope
2012 740 2174 773 centum
2200 732 2294 782 nati,

263 797 368 839 filios
400 797 576 851 insignes
608 799 712 840 inter
739 802 926 840 alumnos
954 807 1113 840 nostros
1144 800 1375 851 superstites
1408 811 1678 838 numeramus.
1738 799 1845 849 Ergo
1876 810 1900 837 e
1929 796 2056 837 tribus
2086 810 2224 845 unum,
2256 796 2297 836 in

265 861 432 903 scientia
461 863 650 903 botanica
677 863 925 904 Academiae
953 864 1162 915 quondam
1191 869 1493 914 praeceptorem
1521 862 1781 912 praeclarum,
1810 860 1974 900 honoris
2001 872 2122 899 causa
2149 860 2201 899 ad
2229 872 2300 899 vos

266 924 474 974 mittimus,
493 925 563 978 qui
588 927 660 966 has
686 926 835 967 litteras
859 927 913 967 ad
941 934 1113 967 vestram
1139 926 1348 966 doctrinae
1371 926 1511 966 sedem
1537 925 1731 965 illustrem
1759 925 1930 976 perferat
1959 931 1999 964 et
2026 923 2133 963 ludis
2161 923 2300 963 vestris

265 989 535 1030 saecularibus
554 997 737 1030 nostrum
756 990 940 1031 omnium
959 989 1125 1031 nomine
1143 990 1316 1030 libenter
1334 988 1522 1030 intersit&
1581 990 1734 1029 Valete.

377 1069 535 1108 Datum
560 1068 840 1119 Cantabmssgzzze

476 1123 610 1174 pridie
626 1124 834 1163 Kalendas
852 1124 1035 1164 Martias

589 1178 641 1217 A.
665 1177 706 1218 S.
728 1185 916 1220 MCMV110.

387 1323 532 1374 Regiae
560 1323 792 1364 Academiae
818 1324 1078 1364 Scientiarum
1108 1323 1280 1364 Sue-cicae
1309 1323 1349 1363 S.
1382 1324 1430 1364 P.
1461 1325 1518 1364 D.
1559 1325 1803 1365 Universt'tas
1837 1325 2177 1376 Cantabrzgiensek.

376 1406 494 1461 (579)
540 1409 803 1447 ACADEMIAE
845 1415 1010 1458 vestrae,
1050 1407 1122 1447 viri
1160 1407 1416 1448 scientiarum
1454 1421 1592 1448 amore
1630 1408 1748 1449 nobis
1786 1407 2115 1458 coniunctissimi,
2155 1408 2304 1449 litteras

268 1469 439 1515 libenter
467 1469 710 1522 accepimus,
740 1469 782 1509 in
816 1470 963 1522 quibus
997 1469 1217 1510 conditoris
1246 1470 1364 1510 vestri
1397 1470 1601 1522 praeclari,
1634 1472 1801 1512 CAROLI
1837 1473 2038 1520 LINNAEI,
2068 1471 2303 1512 memoriam

268 1532 517 1581 celebraturi,
539 1532 661 1573 etiam
680 1540 840 1573 nosmet
859 1533 968 1585 ipsos
987 1532 1123 1586 gaudii
1142 1533 1261 1573 vestri
1280 1533 1322 1573 in
1342 1541 1496 1585 partem
1516 1548 1660 1575 vocare
1679 1535 1870 1576 voluistis.
1930 1534 2090 1575 Scilicet
2109 1535 2205 1575 anni
2225 1535 2304 1575 iam

268 1594 435 1637 ducenti
458 1602 551 1636 sunt
577 1595 716 1643 exacti,
739 1608 788 1636 ex
812 1609 895 1648 quo
918 1595 999 1636 diei
1025 1597 1159 1636 lucem
1183 1596 1370 1636 conditor
1393 1596 1460 1637 ille
1482 1604 1612 1637 vester
1635 1597 1807 1649 primurn
1834 1597 1999 1649 aspexit,
2021 1597 2090 1649 qui
2116 1598 2306 1639 scientiae

268 1660 468 1712 lampada,
500 1673 525 1700 a
554 1659 723 1700 saeculis
756 1659 954 1711 prioribus
988 1659 1063 1700 sibi
1098 1659 1296 1708 traditam,
1328 1659 1414 1711 ipse
1445 1673 1528 1700 non
1562 1660 1648 1700 sine
1682 1674 1830 1712 magno
1860 1660 2023 1700 luminis
2057 1660 2307 1702 incremento

269 1721 492 1774 posteritati
511 1734 621 1762 serae
641 1729 724 1762 erat
743 1722 970 1762 traditurus.
1030 1723 1147 1762 Iuvat
1171 1721 1294 1762 hodie
1320 1729 1580 1774 praeceptum
1603 1722 1703 1763 illud
1726 1722 1938 1774 antiquum
1963 1723 2173 1772 recordari,
2195 1725 2306 1775 quod

270 1791 311 1825 et
338 1783 442 1825 inter
469 1784 566 1825 alias
594 1786 780 1837 Europae
808 1792 947 1837 gentes
971 1791 1011 1825 et
1040 1784 1143 1825 inter
1164 1792 1324 1825 nosmet
1352 1784 1462 1836 ipsos
1485 1799 1589 1825 unus
1618 1792 1658 1825 et
1680 1787 1780 1825 alter
1807 1784 1903 1825 olim
1928 1786 2228 1826 commendavit
2242 1801 2307 1826 :—

270 1848 436 1888 Natura
469 1860 545 1886 non
567 1847 674 1898 facit
700 1847 855 1886 saltus³.
916 1848 1024 1887 Illud
1058 1854 1193 1887 autem
1227 1854 1497 1899 praeceptum,
1529 1849 1641 1898 quod
1675 1847 1778 1888 inter
1807 1848 1992 1887 alumnos
2026 1854 2184 1888 nostros
2212 1847 2307 1889 iuris

271 1910 479 1951 consultus
498 1908 665 1961 quidam
684 1908 850 1961 insignis
870 1910 923 1950 de
942 1908 1027 1950 iure
1047 1923 1185 1949 verum
1205 1923 1293 1949 esse
1312 1909 1536 1958 indicavit⁴,
1559 1909 1666 1950 idem
1688 1909 1876 1950 conditor
1894 1909 1960 1950 ille
1979 1917 2118 1959 vester,
2140 1909 2182 1950 in
2205 1910 2308 1951 libro

270 1987 320 2014 ex
351 1973 452 2014 urbe
479 1979 609 2013 vestra
637 1971 796 2022 emisso,
829 1972 1019 2013 botanica
1047 1973 1280 2024 praesertim
1310 1972 1351 2013 in
1381 1973 1548 2013 scientia
1576 1981 1761 2014 constare
1790 1972 2098 2026 comprobavit⁵.
2158 1975 2308 2026 Legem

269 2048 365 2077 vero
393 2035 566 2077 eandem
594 2034 715 2075 etiam
744 2034 786 2074 in
813 2034 900 2075 aliis
928 2048 1060 2075 rerum
1089 2042 1254 2076 naturae
1282 2035 1498 2087 provinciis
1527 2037 1714 2076 alumnus
1741 2043 1877 2076 noster
1901 2035 2073 2084 illustris,
2104 2036 2308 2077 CAROLUS

273 2099 471 2148 DAme,
501 2104 643 2150 postea
671 2104 797 2137 ratam
826 2110 914 2138 esse
943 2097 1244 2138 demonstravit.
1305 2099 1398 2138 Iure
1426 2097 1544 2150 igitur
1573 2097 1728 2149 optimo
1761 2097 1832 2138 viri
1866 2098 1967 2138 tanti
1997 2113 2020 2138 e
2049 2098 2139 2138 filiis
2168 2111 2307 2148 unum,

271 2159 462 2201 scientiae
500 2159 712 2201 botanicae
749 2167 1051 2212 praeceptorem
1090 2161 1142 2201 de
1179 2160 1298 2200 nobis
1338 2161 1442 2201 bene
1481 2160 1680 2210 meritum,
1716 2168 1756 2200 et
1794 2160 2041 2201 Academiae
2079 2168 2232 2202 vestrae
2270 2168 2310 2201 et

271 2222 492 2264 conditoris
525 2223 644 2264 vestri
676 2222 718 2262 in
751 2223 960 2269 honorem,
994 2224 1047 2263 ad
1081 2236 1152 2263 vos
1187 2222 1394 2272 mittimus,
1428 2236 1551 2275 quem
1585 2231 1624 2262 et
1658 2223 1779 2274 patris
1813 2230 1853 2263 et
1888 2237 1962 2263 suo
1996 2223 2162 2263 nomine
2195 2223 2310 2263 vobis

273 2286 464 2327 omnibus
491 2286 816 2340 acceptissimum
846 2288 1023 2327 futurum
1052 2300 1139 2327 esse
1169 2286 1443 2327 confidimus⁶.
1503 2288 1655 2327 Valete.

381 2367 541 2408 Datum
565 2366 846 2417 Cantabrigiae

493 2433 531 2462 a.
552 2422 590 2462 d.
611 2419 665 2462 vii
683 2421 892 2461 Kalendas
910 2421 1054 2460 Maias

600 2475 654 2515 A.
677 2475 718 2516 S.
740 2482 928 2516 MCMV110.

579 2624 880 2664 Illustn'ssimae
907 2624 1154 2663 Litterarum
1181 2628 1220 2662 et
1244 2623 1410 2662 Artium
1447 2623 1713 2663 Universitati
1737 2623 2002 2663 Bononiensi⁷

881 2697 921 2736 S.
954 2696 1003 2735 P.
1034 2696 1090 2734 D.
1130 2695 1380 2735 Um'versitas
1412 2695 1757 2745 Cantabngrlenszk.

386 2779 501 2834 (580)
527 2781 701 2819 Assnmc
729 2792 859 2820 annos
887 2778 1147 2831 undeviginti,
1177 2777 1247 2818 viri
1277 2777 1511 2827 doctissimi,
1540 2777 1802 2818 Universitati
1830 2784 1984 2818 vestrae
2011 2777 2312 2830 antiquissimae

276 2856 408 2884 annos
431 2842 686 2895 octingentos
709 2842 762 2882 ab
787 2841 939 2894 origine
965 2854 1037 2881 sua
1060 2840 1226 2881 feliciter
1249 2847 1410 2881 exactos
1433 2840 1603 2880 libenter
1625 2839 1807 2892 gratulati
1828 2840 1995 2880 sumus⁸.
2056 2839 2195 2880 Hodie
2218 2854 2313 2881 vero

277 2919 361 2947 non
391 2904 524 2946 minus
553 2904 724 2946 libenter
752 2903 866 2945 vobis
895 2903 1085 2944 omnibus
1114 2910 1325 2956 propterea
1357 2904 1611 2955 gratulamur,
1643 2903 1765 2954 quod,
1796 2915 1878 2942 una
1906 2915 2000 2942 cum
2032 2901 2313 2943 Universitatis

365 3013 379 3035 ¹
403 3013 512 3057 Pliny,
530 3015 617 3058 Epp.
638 3014 674 3046 iii
692 3023 724 3056 5,
743 3012 773 3047 6.
969 3012 983 3033 ²
1007 3013 1146 3046 Francis
1162 3013 1316 3050 Darwin,
1335 3013 1446 3052 M.A.,
1466 3012 1621 3046 Christ’s.
1813 3011 1828 3032 ⁸
1848 3013 1994 3055 Jacques
2009 3012 2122 3045 Tissot
2140 3010 2314 3054 (Discours

289 3057 460 3097 Vlritable,
477 3063 553 3095 etc.‚
575 3057 684 3100 1613),
703 3057 842 3090 Leibniz
858 3056 1062 3100 (Nouveaux
1076 3058 1204 3095 Essais,
1223 3057 1357 3090 written
1372 3057 1475 3089 about
1496 3067 1590 3098 1700,
1610 3067 1643 3100 p.
1665 3066 1736 3099 135,
1753 3057 1808 3090 ed.
1830 3056 1938 3098 1886).
2072 3055 2086 3076 ⁴
2109 3055 2205 3089 Coke
2221 3066 2313 3098 upon

280 3102 444 3135 Littleton
463 3101 578 3144 (1628,
594 3107 673 3142 etc„
693 3112 726 3144 p.
745 3102 807 3144 ²38
820 3102 863 3143 b).
1040 3100 1054 3120 ⁶
1078 3102 1147 3133 No.
1166 3102 1241 3143 528,
1261 3112 1294 3134 n.
1314 3110 1332 3143 5
1348 3106 1463 3143 supra.
1662 3099 1677 3121 ⁶
1702 3101 1838 3133 Francis
1855 3100 2007 3136 Darwin.
2025 3100 2137 3138 M.A.,
2157 3098 2310 3133 Christ’s.

279 3143 295 3167 ⁷
317 3145 455 3188 Strictly
471 3145 648 3188 speaking,
667 3146 724 3178 the
739 3145 916 3178 invitation
934 3155 1040 3182 came,
1057 3151 1115 3178 not
1132 3144 1219 3177 from
1236 3145 1293 3178 the
1312 3145 1517 3187 University,
1534 3144 1594 3176 but
1609 3144 1696 3177 from
1711 3155 1732 3177 a
1747 3144 1963 3183 Committee,
1982 3143 2038 3176 the
2056 3143 2230 3176 President
2245 3144 2311 3176 and

281 3189 455 3233 Seeretary
471 3189 511 3222 of
522 3189 632 3222 which
648 3200 736 3222 were
751 3189 937 3222 associated
956 3189 1038 3222 with
1054 3189 1112 3222 the
1129 3189 1254 3222 Rector
1269 3189 1307 3221 of
1319 3189 1375 3221 the
1393 3188 1600 3231 University.
1747 3188 1762 3209 ⁸
1785 3189 1853 3221 No.
1871 3189 1934 3231 538
1949 3192 2064 3230 supra.

1264 3261 1338 3308 267
2071 3270 2202 3308 34-2
