2704 3770
948 358 1240 424 Unz'versz‘zy
1271 359 1338 423 of
1359 360 1599 425 Bologna.

261 510 484 553 identidem
513 509 772 551 salutavimus
783 510 809 557 ¹,
836 510 964 561 ipsam
993 507 1132 548 litteris
1161 507 1271 548 hisce
1294 515 1427 548 vetera
1457 507 1620 559 hospitii
1646 507 1731 547 iura
1754 507 1992 547 testantibus
2018 521 2041 548 e
2066 510 2288 560 longinquo

261 575 404 615 saltem
422 572 545 614 affari.
601 573 691 612 Nos
710 579 817 612 certe
835 572 1028 623 temporis
1045 577 1086 611 et
1106 570 1223 622 spatii
1241 569 1449 611 intervallo
1462 569 1605 622 iniquo
1619 567 1779 618 exclusi,
1797 576 1837 609 et
1851 569 2020 621 negotiis
2034 570 2289 611 Academicis

261 634 457 688 impediti,
495 648 580 676 non
623 647 839 687 possumus
876 647 958 686 qua
994 632 1259 674 voluissemus
1297 631 1521 684 frequentia
1563 632 1682 672 ludos
1728 630 1818 671 illos
1863 638 2016 671 vestros
2061 639 2290 683 praesentes

261 698 474 739 celebrare.
533 699 676 739 Unum
695 704 831 737 tamen
852 703 990 736 nostro
1009 709 1033 736 e
1051 708 1221 736 numero
1240 693 1462 747 delegimus
1480 693 1551 746 qui
1568 700 1708 734 nostro
1733 692 1917 733 omnium
1944 692 2108 734 nomine
2133 702 2289 734 nostras

254 761 446 802 ‚omnium
464 760 748 813 gratulationes
768 761 921 812 legatus
940 760 993 800 ad
1012 773 1084 800 vos
1103 760 1274 811 perferat
1285 760 1309 797 ².
1369 760 1465 799 Non
1484 757 1597 798 aliter
1615 764 1772 798 vosmet
1792 756 1868 809 ipsi
1887 756 2014 810 (iuvat
2032 757 2248 810 recordari)
2268 771 2290 798 e

261 825 534 876 professorum
551 830 775 865 vestrorum
795 822 936 863 ordine
962 822 1108 875 insigni
1134 822 1262 862 virum
1288 821 1479 863 eximium
1506 821 1733 874 Collegium
1759 821 1860 861 illud
1885 821 2096 873 antiquum
2127 835 2211 862 non
2236 821 2291 862 ita

261 888 418 939 pridem
436 889 654 928 salutatum
673 886 836 927 misistis
847 887 872 936 ⁸,
887 887 998 927 unde
1016 887 1221 938 profectus
1240 900 1345 926 unus
1365 899 1413 927 ex
1431 885 1606 926 alumnis
1625 885 1782 934 nostris,
1799 885 2079 926 ducentesimo
2099 886 2292 938 quinqua-

235 949 415 1002 ·gesimo
444 951 596 992 abhinc
625 963 746 999 anno,
777 957 887 991 extra
915 949 1146 991 Britanniae
1175 949 1367 990 terminos
1399 949 1564 990 artiores
1594 949 1821 1002 Collegium
1851 950 2025 1003 primum
2053 949 2212 990 illorum
2240 950 2293 989 ad

258 1013 434 1055 fructum
451 1014 647 1063 condidit,
670 1013 740 1066 qui
758 1015 902 1055 eadem
921 1027 970 1053 ac
989 1027 1064 1054 nos
1084 1021 1251 1053 utuntur
1272 1013 1419 1065 lingua,
1442 1013 1595 1054 eisdem
1615 1027 1663 1054 ac
1686 1027 1761 1054 nos
1780 1013 1999 1054 litterarum
2018 1011 2292 1053 monumentis

257 1075 434 1128 antiquis
452 1076 681 1128 gloriantur.
741 1076 958 1115 Laetamur
977 1075 1241 1116 Academiam
1261 1075 1371 1115 illam
1390 1082 1574 1124 vestram,
1596 1089 1718 1128 quam
1739 1077 1846 1116 velut
1865 1075 1988 1116 filiam
2007 1082 2183 1116 nostram
2208 1087 2292 1114 non

255 1139 346 1180 sine
375 1139 562 1192 superbia
594 1140 926 1192 contemplamur,
956 1140 1086 1193 ipsam
1117 1147 1177 1181 tot
1208 1139 1398 1192 Collegiis
1427 1139 1543 1180 novis
1573 1147 1682 1180 trans
1714 1153 1867 1192 aequor
1897 1139 2145 1180 Atlanticum
2180 1138 2294 1190 quasi

259 1207 428 1242 matrem
456 1201 665 1243 exstitisse.
725 1201 888 1242 Etenim
917 1203 1080 1243 flamma
1108 1201 1176 1243 illa
1198 1201 1326 1255 prima
1354 1215 1478 1254 quam
1501 1202 1687 1243 conditor
1714 1202 1781 1243 ille
1806 1210 1936 1243 vester
1959 1210 2069 1242 trans
2094 1214 2291 1242 oceanum

254 1276 397 1305 secum
417 1263 590 1317 pertulit,
611 1278 634 1305 e
652 1263 768 1305 vobis
787 1277 916 1316 usque
934 1266 988 1306 ad
1009 1264 1205 1306 ulterioris
1224 1264 1368 1306 oceani
1390 1266 1536 1305 fluctus
1558 1265 1801 1313 transmissa,
1822 1264 1932 1305 aliud
1955 1278 2004 1306 ex
2026 1263 2106 1305 alio
2130 1265 2292 1304 culmen

258 1325 351 1379 igne
370 1339 479 1368 novo
497 1326 690 1379 deinceps
709 1326 897 1367 accendit
911 1342 976 1367 :-—

803 1411 1014 1463 ὕπερτελής
1042 1429 1083 1452 τε
1110 1413 1250 1452 πόντον
1278 1412 1378 1452 ὥστε
1405 1412 1610 1453 νωτίσαι...

802 1467 996 1507 σθένουσα
1023 1469 1176 1518 λαμπὰς
1205 1467 1350 1507 οὐδέπω
1378 1468 1668 1519 μαυρουμένη...

800 1520 947 1575 ἤγειρεν
974 1521 1099 1572 ἄλλην
1128 1522 1288 1574 ἐκδοχὴν
1315 1525 1469 1573 πομποῦ
1496 1522 1642 1574 πυρόε-4.

369 1609 518 1650 Facem
533 1608 642 1649 illam
662 1608 870 1650 doctrinae
885 1609 1039 1649 utinam
1060 1609 1245 1649 fratribus
1266 1609 1412 1649 nostris
1427 1608 1757 1649 Transatlanticis
1772 1607 1996 1649 diutissime
2010 1608 2292 1660 praetendatis,

258 1669 419 1724 locique
444 1684 607 1720 nomen,
629 1684 714 1711 non
738 1672 871 1712 minus
898 1671 1017 1712 nobis
1043 1684 1166 1724 quam
1190 1671 1305 1712 vobis
1332 1685 1481 1721 carum,
1508 1671 1680 1724 plurima
1705 1671 1746 1711 in
1773 1671 1933 1712 saecula
1955 1670 2085 1712 indies
2104 1670 2293 1711 illustrius

258 1732 448 1775 reddatis.
506 1734 661 1774 Valete.

367 1814 526 1854 Datum
552 1814 829 1865 Cantabrzggzae

466 1869 603 1920 pridie
620 1869 710 1908 idus
732 1869 907 1910 Octobres

585 1923 639 1962 A.
662 1924 703 1963 S.
726 1934 1046 1963 MDcchxxxvr.

1008 2062 1177 2103 Senatus
1209 2062 1546 2113 Cantabrzgnknszk

464 2127 764 2169 Illustnksimae
790 2129 1040 2170 Litterarum
1066 2134 1106 2169 et
1130 2130 1297 2169 Artium
1333 2129 1599 2170 Um'versitati
1630 2129 1873 2169 Bononiensi
1897 2130 1939 2170 S.
1961 2130 2009 2169 P.
2031 2130 2089 2169 D.

366 2217 483 2272 (538)
516 2220 669 2259 ANIMO
702 2233 825 2272 quam
858 2221 964 2260 laeto
997 2233 1126 2272 nuper
1158 2219 1398 2269 audivimus,
1430 2219 1665 2260 societatem
1703 2227 1874 2260 vestram
1911 2219 2150 2272 antiquitate
2183 2229 2295 2262 tanta

254 2281 540 2331 venerabilem,
570 2289 615 2323 ut
647 2283 756 2323 orbis
790 2290 983 2324 terrarum
1016 2283 1120 2324 inter
1153 2283 1444 2326 Universitates
1478 2283 1766 2325 vetustissimas
1795 2291 2038 2333 numeretur,
2068 2285 2184 2326 annis
2213 2287 2295 2327 fere

258 2344 501 2398 octingentis
519 2345 573 2385 ab
592 2345 746 2398 origine
765 2358 838 2385 sua
858 2345 1036 2397 expletis,
1058 2359 1170 2387 sacra
1189 2346 1406 2387 saecularia
1426 2360 1514 2387 esse
1529 2347 1842 2387 celebraturam!
1886 2347 1924 2387 O
1940 2346 2049 2387 diem
2064 2348 2239 2388 faustum
2254 2356 2294 2389 et

256 2407 428 2458 felicem,
458 2421 541 2460 quo
574 2408 794 2460 sapientiae
823 2410 940 2450 sedes
966 2416 1049 2449 tam
1078 2409 1255 2462 insignis,
1286 2410 1356 2450 diu
1386 2411 1554 2451 alterum
1582 2412 1769 2464 Europae
1797 2412 1947 2459 lumen,
1977 2411 2030 2451 ad
2059 2413 2295 2453 condendas

258 2469 501 2511 Academias
519 2471 688 2511 alterum
709 2471 922 2523 exemplar,
944 2472 1158 2512 doctorum
1178 2471 1361 2512 omnium
1382 2472 1452 2524 qui
1471 2472 1623 2524 ubique
1643 2480 1737 2513 sunt
1751 2474 1892 2514 oculos
1910 2474 1964 2513 ad
1979 2486 2067 2514 sese
2085 2474 2293 2524 convertit,

259 2538 300 2573 et
335 2538 471 2573 vetera
507 2531 708 2573 amicitiae
746 2531 831 2572 iura
864 2545 959 2573 eum
991 2532 1068 2573 illis
1106 2535 1244 2574 denuo
1277 2534 1511 2575 confirmat!
1570 2535 1687 2574 Iuvat
1720 2548 1795 2575 nos
1828 2548 1993 2588 quoque
2022 2537 2293 2588 professorum

255 2603 481 2638 vestrorum
506 2596 630 2637 fastos
656 2597 864 2646 evolvere3
891 2595 1000 2636 iuvat
1028 2596 1133 2637 illius
1159 2597 1391 2649 praesertim
1416 2597 1653 2638 memoriam
1682 2611 1877 2647 revocare,
1906 2598 1976 2651 qui
1999 2598 2093 2639 iuris
2117 2600 2294 2641 Romani

258 2659 514 2714 disciplinam
534 2660 637 2702 inter
656 2668 814 2702 vosmet
833 2661 942 2714 ipsos
962 2662 1052 2713 plus
1073 2674 1194 2713 quam
1215 2668 1370 2714 septem
1394 2661 1544 2702 abhinc
1570 2663 1729 2702 saecula
1748 2661 2007 2703 illuminavit³
2017 2677 2030 2713 3
2058 2662 2166 2703 iuvat
2184 2677 2295 2716 prae-

257 2730 467 2776 ceptorum
495 2722 760 2776 plurimorum
789 2722 956 2764 nomina
984 2723 1150 2764 illustria
1178 2725 1388 2773 recordari,
1413 2724 1484 2777 qui
1513 2724 1596 2766 sive
1622 2724 1665 2765 in
1695 2724 1897 2765 medicina
1924 2726 2112 2767 docenda
2140 2725 2223 2767 sive
2249 2726 2291 2767 in

257 2798 390 2827 rerum
417 2793 558 2826 natura
580 2784 879 2838 investiganda⁶
899 2785 981 2826 sive
1005 2786 1048 2826 in
1075 2785 1163 2826 aliis
1186 2786 1330 2827 studiis
1352 2794 1494 2839 postea
1518 2787 1773 2838 enituerunt;
1802 2788 1910 2828 iuvat
1934 2787 2090 2829 illarum
2116 2789 2293 2842 denique

256 2849 398 2890 laudes
435 2862 764 2898 commemorare,
804 2862 909 2900 quae
946 2843 988 2888 in
1029 2848 1169 2889 vestris
1209 2848 1429 2902 sapientiae
1470 2849 1661 2901 sacrariis,
1700 2849 1898 2903 virginum
1939 2850 2164 2892 Vestalium
2202 2851 2291 2900 ritu,

259 2909 467 2952 doctrinae
493 2912 699 2952 flammam
728 2911 923 2952 illibatam
952 2911 1272 2953 conservarunt⁷.

325 3022 338 3044 ²
361 3024 408 3057 A.
422 3025 574 3067 Agassim
589 3025 624 3067 J.
642 3026 680 3058 P.
704 3025 836 3065 Cooke,
854 3026 911 3058 W.
929 3026 986 3058 W.
1004 3026 1185 3065 Goodwin,
1208 3028 1278 3060 Asa
1294 3028 1398 3070 Gray,
1415 3028 1483 3060 and
1499 3028 1541 3061 C.
1557 3028 1599 3061 E.
1617 3028 1761 3061 Norton.
1957 3026 1972 3048 ²
1994 3027 2136 3061 Charles
2150 3028 2289 3071 Taylor,

260 3068 369 3106 D.D.,
386 3068 516 3102 Master
529 3069 568 3102 of
579 3069 619 3103 St
633 3069 765 3111 John‘s,
783 3070 851 3102 and
865 3070 1280 3105 Vice-Chaneellor·elect.
1420 3070 1435 3092 ³
1455 3072 1595 3106 Charles
1610 3073 1703 3105 Eliot
1719 3073 1865 3113 Norton,
1884 3072 1942 3105 the
1956 3083 2065 3114 envoy
2080 3072 2120 3104 of
2132 3073 2290 3105 Harvard

259 3116 294 3145 ut
310 3111 368 3145 the
384 3112 595 3146 Ten-centena
650 3113 689 3146 of
700 3113 914 3152 Emmanuel,
930 3125 986 3147 no.
1004 3115 1047 3149 86
1062 3121 1178 3157 supra.
1299 3114 1314 3135 ⁴
1335 3115 1458 3149 Aesch.
1479 3118 1602 3159 Agum.
1620 3117 1805 3160 286—299.
1931 3116 1944 3136 ⁶
1968 3115 2126 3156 1merius,
2143 3127 2170 3149 c.
2194 3127 2206 3149 1
2218 3127 2289 3160 1¹3·

258 3153 274 3176 ⁸
294 3165 353 3199 eg.
375 3124 866 3200 Aldrovandiz522—1607),
886 3158 1055 3202 Malpighi
1072 3157 1333 3203 (ms—1694),
1351 3160 1418 3192 and
1435 3159 1581 3194 Galvani
1598 3159 1857 3204 (1737—1798).
2056 3159 2071 3181 ⁷
2094 3160 2241 3194 Novella
2255 3159 2289 3193 d’

258 3199 400 3234 Andrea
416 3199 517 3242 (cent.
535 3199 618 3243 xiv),
636 3201 747 3234 Laura
763 3201 858 3235 Bassi
874 3200 921 3244 (d.
945 3201 1054 3245 1778),
1074 3203 1224 3237 Clotilda
1239 3203 1425 3237 Tambroni
1443 3203 1489 3247 (d.
1513 3203 1622 3246 1817).

1242 3287 1320 3326 ²39
