2704 3770
852 328 905 379 C.
943 327 1018 378 H.
1064 327 1188 377 Gz'll.
1274 327 1347 375 W.
1378 326 1437 392 J.
1480 326 1773 376 Lawrance.

290 487 406 527 artes,
435 480 544 520 velut
569 479 672 519 inter
698 474 810 519 arma
834 485 874 519 et
910 476 1007 518 olim
1043 475 1216 516 Horatio
1251 475 1407 515 Nelson
1436 482 1475 515 et
1503 488 1631 526 nuper
1661 474 1835 514 Horatio
1863 474 2005 523 alteri¹‚
2035 476 2210 516 fluminis
2240 477 2323 517 Nili

290 555 315 583 a
333 541 428 594 ripis
446 555 553 582 nova
569 541 695 595 gloria
712 541 870 582 affulsit.
930 542 1156 588 Laetamur,
1178 539 1340 580 foedere
1359 537 1466 578 iusto
1485 537 1588 578 inter
1607 538 1897 590 rempublicam
1918 538 2130 578 maximam
2151 540 2321 580 vicinam

289 611 330 645 et
349 604 598 644 Britanniam
617 611 795 644 nostram
810 617 938 656 nuper
956 604 1075 652 facto,
1090 609 1150 642 tot
1165 600 1457 642 discordiarum
1472 613 1614 640 causas
1633 599 1674 639 in
1695 601 1880 651 Aegypto
1902 613 2062 651 prorsus
2082 601 2319 642 evanuisset

292 668 356 708 Eo
374 667 501 720 magis
519 666 643 708 hodie
661 667 770 707 iuvat
789 668 923 707 laurea
942 673 1078 707 nostra
1096 678 1290 706 coronare
1309 663 1420 716 pacis
1441 663 1668 704 ministrum
1687 663 1900 715 insignem,
1920 663 1961 703 in
1981 677 2062 715 quo
2082 672 2121 704 et
2141 665 2322 705 Britanni

290 737 331 770 et
350 729 536 783 Aegyptii
555 728 774 782 respiciunt
792 742 953 770 suarum
975 731 985 750 ‘
997 729 1147 780 grande
1166 728 1292 768 decus
1311 727 1582 778 columenque
1601 739 1732 766 rerum
1746 726 1785 765 '⁸.

401 793 521 834 Duco
539 794 592 834 ad
612 806 683 834 vos
704 791 935 833 Britanniae
953 793 1130 845 legatum
1150 790 1356 841 illustrem,
1379 791 1559 830 EVELYN
1580 791 1764 839 BARING,
1786 790 1994 831 Comi-EM
2014 801 2071 829 DE
2091 791 2289 832 CROMER.

1121 908 1182 954 26
1224 904 1326 954 Oct.
1373 918 1498 968 1905

395 1017 511 1071 (427)
545 1017 801 1059 COLLEGmM
837 1016 1042 1068 Reginale,
1073 1015 1188 1056 cuius
1218 1015 1421 1067 praesides
1455 1016 1538 1055 duo
1569 1014 1763 1067 deinceps
1797 1014 2053 1066 episcopatus
2086 1016 2139 1055 ad
2173 1030 2319 1057 munus

288 1093 446 1121 sacrum
471 1092 600 1131 nuper
624 1078 757 1119 vocati
782 1086 886 1127 sunt,
909 1078 1032 1118 hodie
1056 1077 1284 1130 Collegium
1307 1091 1444 1118 revera
1463 1077 1692 1129 episcopale
1713 1076 2033 1117 nominaverim⁴.
2092 1079 2159 1118 Ad
2183 1080 2321 1119 sedem

285 1143 405 1185 nobis
432 1142 656 1196 proximam
685 1143 924 1194 nuperrime,
956 1141 1139 1181 omnium
1170 1149 1353 1181 nostrum
1383 1142 1613 1190 commodo,
1645 1148 1902 1181 consecratus
1930 1149 1991 1181 est
2020 1142 2188 1194 Collegii
2217 1143 2321 1184 illius

286 1218 446 1259 praeses
482 1205 663 1254 dilectus,
698 1218 820 1256 quem
858 1203 1159 1256 procancellarii
1196 1204 1372 1244 officium
1413 1217 1618 1244 summurn
1656 1203 1823 1244 feliciter
1861 1204 2081 1244 obeuntem
2120 1206 2229 1246 haud
2268 1206 2322 1247 ita

285 1267 443 1321 pridem
475 1267 671 1317 admirati,
706 1268 902 1307 laetamur
934 1279 1018 1306 non
1053 1267 1178 1307 modo
1211 1267 1346 1307 adhuc
1376 1266 1480 1307 inter
1506 1272 1667 1307 nosmet
1695 1266 1804 1318 ipsos
1834 1267 1986 1315 adesse,
2021 1268 2092 1307 sed
2125 1268 2246 1308 etiam
2279 1269 2320 1309 in

285 1338 492 1385 posterum
510 1345 535 1372 a
554 1331 672 1371 nobis
699 1331 809 1371 haud
832 1331 975 1382 procul
1000 1343 1089 1371 esse
1111 1331 1327 1371 afuturum.
1387 1331 1547 1371 Eodem
1571 1343 1664 1371 vero
1690 1330 1756 1370 die
1782 1329 1903 1370 etiam
1926 1331 2113 1371 alumnus
2139 1332 2320 1373 eiusdem

286 1395 456 1449 Collegii
474 1397 528 1436 ad
547 1396 686 1436 sedem
705 1409 730 1435 a
748 1395 867 1436 nobis
887 1394 1195 1435 remotissimam
1216 1402 1277 1435 est
1296 1402 1565 1443 consecratus,
1587 1394 1646 1434 vir
1668 1393 1709 1433 in
1730 1393 1860 1433 insula
1879 1393 1982 1433 inter
2008 1396 2252 1436 Britanniam
2280 1405 2320 1437 et

288 1458 530 1499 Hiberniam
561 1457 695 1498 media
723 1457 940 1497 maioribus
969 1457 1132 1509 optimis
1161 1456 1368 1506 oriundus,
1399 1456 1469 1508 qui
1499 1455 1619 1496 India
1647 1456 1689 1495 in
1719 1455 2020 1508 septentrionali
2048 1456 2088 1496 in
2117 1458 2322 1499 laboribus

285 1521 406 1562 sacris
439 1527 652 1573 spectatus,
683 1519 804 1560 etiam
837 1519 979 1560 Indiae
1011 1519 1194 1560 australis
1228 1519 1270 1559 in
1303 1518 1509 1571 provincia
1542 1518 1619 1558 sibi
1652 1518 1813 1567 credita,
1847 1518 1933 1558 sine
1963 1518 2090 1559 dubio
2120 1519 2320 1560 bonorum

285 1583 470 1625 omnium
498 1582 575 1623 sibi
601 1581 832 1622 conciliabit
854 1581 1200 1634 approbationem.
1260 1581 1336 1630 Ibi,
1364 1581 1548 1621 laborum
1576 1594 1739 1621 suorum
1764 1580 1926 1633 regione
1954 1588 2116 1630 mutata,
2146 1583 2319 1624 veritatis

285 1653 423 1688 tamen
441 1645 484 1686 in
502 1646 646 1686 eadem
665 1643 730 1684 via
748 1656 906 1696 semper
928 1644 1151 1684 ambulabit
1164 1659 1175 1694 ς
1203 1644 1312 1684 idem
1337 1657 1469 1695 neque
1494 1644 1612 1683 cadet
1638 1656 1832 1694 umquam
1855 1656 1988 1695 neque
2008 1643 2209 1693 titubabit,
2233 1647 2316 1696 sed,

285 1710 440 1751 insulae
459 1723 556 1750 suae
575 1708 719 1749 natalis
738 1721 822 1748 non
841 1707 1042 1760 indignus,
1063 1721 1282 1759 quocunque
1298 1708 1426 1747 ieceris
1444 1708 1565 1746 stabit
1576 1707 1600 1746 ⁶.

394 1775 514 1815 Duco
551 1774 605 1814 ad
641 1785 713 1813 vos
750 1773 878 1812 virum
915 1772 1140 1812 admodum
1177 1772 1454 1820 reverendum,
1495 1770 1711 1811 CAROLUM
1751 1770 1878 1810 ΗοΡΕ
1917 1770 2035 1819 GILL,
2076 1770 2315 1824 episcopum

283 1835 669 1878 Travancoriensem
697 1840 989 1876 consecratum.

1101 1956 1131 2001 9
1181 1939 1312 1989 Nov.
1358 1954 1479 2001 1905

391 2043 508 2098 (428)
534 2044 755 2086 CoLLEGIO
781 2043 961 2095 antiquo,
984 2041 1142 2082 Erasmi
1165 2055 1259 2082 cum
1282 2041 1477 2081 memoria
1499 2040 1542 2081 in
1571 2048 1811 2093 perpetuum
1836 2041 2082 2091 consociato,
2105 2041 2317 2095 episcopos

283 2109 388 2150 duos
407 2108 517 2148 haud
536 2108 590 2147 ita
610 2106 765 2159 pridem
785 2105 947 2146 additos
967 2118 1096 2157 nuper
1114 2104 1410 2153 laudavimus⁶3
1438 2103 1562 2144 hodie
1574 2117 1669 2144 vero
1689 2104 1860 2144 Scholae
1874 2103 2074 2155 antiquae,
2094 2105 2250 2144 Erasmi
2265 2106 2316 2146 ab

283 2173 417 2214 amico
435 2170 624 2212 conditae
643 2178 684 2212 et
709 2169 847 2211 Sancti
872 2169 986 2209 Pauli
1009 2168 1175 2210 nomine
1198 2175 1468 2220 nuncupatae,
1489 2167 1733 2220 discipulum
1760 2166 1958 2219 insignem
1984 2168 2215 2209 salutamus.
2276 2170 2317 2209 Is

283 2242 431 2284 autem,
453 2233 522 2287 qui
542 2234 714 2274 Scholae
734 2231 926 2272 Paulinae
945 2231 1048 2271 inter
1066 2244 1213 2284 pueros
1233 2231 1443 2283 quondam
1463 2231 1632 2271 classem
1653 2229 1822 2282 primam
1847 2231 2023 2278 duxerat,
2046 2230 2318 2283 Collegiorum

285 2305 513 2339 nostrorum
539 2296 715 2345 maximo
741 2295 933 2348 deinceps
959 2295 1195 2348 adscriptus,
1218 2294 1337 2335 etiam
1366 2293 1584 2335 iuventutis
1609 2294 1881 2333 Academicae
1910 2294 2017 2332 velut
2043 2294 2208 2334 Senatui
2235 2308 2318 2335 non

285 2360 372 2402 sine
408 2361 529 2401 laude
566 2358 766 2412 praefuit⁷.
825 2361 972 2399 Postea
1009 2359 1063 2399 ad
1101 2357 1297 2410 oppidum
1332 2356 1488 2409 insigne
1521 2364 1581 2397 est
1612 2364 1788 2406 vocatus,
1823 2356 1902 2405 ubi,
1936 2356 2156 2397 Verulamii
2194 2371 2319 2410 prope

285 2423 462 2478 vestigia,
483 2423 654 2476 Collegii
677 2423 859 2464 eiusdem
888 2421 1046 2463 decoris
1072 2421 1217 2470 eximii,
1245 2423 1277 2460 F
1279 2420 1448 2460 rancisci
1475 2419 1661 2469 Baconis‚
1687 2427 1997 2460 monumentum
2024 2421 2197 2460 cernitur
2208 2436 2220 2470 ,-
2249 2421 2320 2461 ubi

286 2486 424 2528 Sancti
442 2485 602 2534 Albani,
617 2485 849 2526 Britanniae
869 2483 1049 2536 martyris
1065 2483 1194 2536 primi,
1212 2483 1406 2523 memoria
1425 2490 1465 2523 et
1484 2481 1624 2534 oppidi
1644 2489 1684 2522 et
1703 2481 1897 2522 ecclesiae
1916 2482 1995 2522 late
2014 2482 2258 2535 conspicuae
2276 2484 2318 2523 in

286 2549 452 2590 nomine
479 2554 679 2600 superstes
707 2546 812 2587 vivit.
872 2545 938 2586 Ibi
967 2546 1048 2586 iam
1076 2559 1148 2598 per
1175 2559 1304 2585 annos
1334 2552 1489 2597 septem
1518 2551 1558 2584 et
1590 2542 1750 2595 triginta
1784 2545 1936 2583 Rector
1965 2544 2219 2593 constitutus,
2248 2560 2319 2598 per

285 2612 609 2665 quinquennium
634 2611 755 2652 etiam
785 2610 978 2651 ecclesiae
1005 2608 1224 2649 cathedrali
1253 2607 1420 2649 feliciter
1448 2614 1508 2647 est
1536 2605 1798 2658 praepositus,
1830 2606 1943 2646 cuius
1969 2606 2010 2646 in
2036 2607 2229 2648 aedificiis
2255 2608 2319 2647 vix

285 2676 420 2718 dicere
450 2675 573 2716 hodie
605 2674 746 2725 ausim,
777 2682 910 2715 utrum
941 2681 1075 2714 vetera
1105 2686 1157 2713 an
1189 2685 1294 2712 nova
1323 2670 1538 2712 visentium
1568 2671 1708 2710 oculos
1742 2669 1868 2722 magis
1901 2671 1953 2710 ad
1987 2684 2074 2711 sese
2103 2672 2313 2712 attrahant.

287 2741 396 2782 Illud
423 2747 560 2781 autem
588 2740 780 2780 audacter
806 2736 1084 2779 affirmaverim
1100 2735 1269 2777 2-inter
1297 2742 1356 2775 tot
1385 2747 1515 2774 rerum
1545 2733 1651 2773 vices
1679 2734 1866 2773 alumnus
1895 2741 2041 2783 noster,
2064 2733 2135 2774 viri
2163 2734 2317 2786 optimi,

286 2803 437 2845 Vicarii
474 2802 814 2852 Doncastrensis⁸,
850 2800 1063 2853 disciplina
1101 2799 1198 2840 olim
1236 2798 1428 2846 imbutus,
1463 2796 1584 2837 etiam
1623 2796 1664 2836 in
1702 2804 1907 2848 posterum
1941 2797 2107 2837 oratoris
2141 2797 2241 2838 sacri
2278 2798 2320 2837 in

287 2881 464 2917 munere,
486 2868 595 2908 velut
614 2867 744 2908 scriba
762 2866 829 2907 ille
851 2866 1018 2906 ‘doctus
1038 2864 1080 2904 in
1099 2876 1223 2915 regno
1244 2863 1447 2903 caelorum
1459 2862 1480 2909 '‚
1503 2863 1512 2881 ‘
1528 2861 1581 2901 de
1600 2861 1789 2900 thesauro
1812 2861 1908 2900 suo’
1928 2868 1968 2901 et
1991 2874 2097 2901 nova
2122 2868 2161 2901 et
2187 2868 2321 2901 vetera

285 2931 489 2984 proferet⁹.

374 3003 387 3026 ¹
412 3004 558 3037 Horatio
575 3004 724 3037 Herbert
741 3003 928 3036 Kitchener
943 3002 1014 3042 (no.
1032 3010 1095 3043 305
1110 3002 1241 3043 supra).
1351 2996 1367 3018 ²
1388 2998 1464 3031 The
1480 2997 1703 3039 Agreements
1718 2996 1757 3028 of
1770 2998 1789 3029 8
1805 2996 1902 3038 April
1923 3007 2016 3038 1904.
2131 2995 2145 3017 ³
2169 2998 2318 3036 Horace,

290 3050 407 3083 Carm.
425 3047 448 3080 ii
471 3058 519 3090 ¹7·
537 3060 568 3089 4.
724 3046 740 3068 ⁴
763 3047 912 3080 Herbert
928 3045 1075 3078 Edward
1092 3045 1190 3087 Ryle‚
1208 3043 1317 3082 D.D.‚
1339 3043 1465 3084 Bishop
1482 3041 1520 3074 of
1533 3041 1655 3073 Exeter
1675 3051 1769 3084 1901,
1787 3040 1915 3082 Bishop
1930 3040 1969 3072 of
1982 3040 2194 3074 Winchester
2214 3053 2295 3085 1903
2311 3055 2320 3082 ς

285 3093 353 3126 md
378 3092 560 3125 Frederick
584 3091 705 3134 Henry
728 3091 850 3129 Chase,
875 3090 983 3128 D.D.‚
1009 3087 1312 3122 Vice-Chancellor
1339 3096 1487 3128 1902-4;
1517 3084 1732 3117 consecrated
1758 3084 1884 3126 Bishop
1908 3084 1947 3117 of
1971 3085 2035 3127 Ely
2063 3086 2101 3118 18
2126 3085 2202 3118 Oct.
2227 3096 2321 3129 1905.

285 3135 300 3157 ⁶
322 3136 392 3170 No.
409 3137 430 3169 8
444 3141 560 3179 supra,
579 3135 628 3168 ad
625 3135 698 3179 fin.
833 3132 848 3154 ⁶
871 3134 941 3167 No.
958 3142 1033 3176 427.
1168 3131 1181 3153 ⁷
1206 3131 1381 3164 President
1396 3130 1435 3162 of
1446 3130 1503 3163 the
1522 3129 1650 3169 Union,
1670 3128 1788 3161 Easter
1803 3128 1918 3167 Term,
1940 3127 2033 3162 1862.
2144 3127 2158 3149 ⁸
2182 3130 2322 3163 Charles

285 3180 379 3225 John
394 3179 572 3223 Vaughan.
705 3176 719 3199 ⁹
740 3178 810 3211 Ev.
826 3179 864 3212 S.
880 3178 984 3211 Matt.
1001 3177 1059 3211 xiii
1077 3187 1130 3219 52.

1322 3257 1393 3298 ¹95
2082 3258 2211 3298 25—2
