2704 3770
304 319 470 369 Acton
513 317 783 382 W'ndeyer
815 316 1027 367 Sillz'toe.
1112 315 1364 364 Matthew
1398 314 1684 380 Moncm'eff
1708 315 1942 364 Paltz'son
1978 316 2142 364 Muz'r.

323 463 449 515 Quod
474 475 568 502 saxa
593 461 784 502 Sabrinae
809 459 986 500 fluminis
1008 459 1207 500 aestuario
1233 458 1363 499 vicina
1381 458 1461 498 iam
1481 458 1703 498 accuratius
1723 457 2017 509 cognoscimus,
2036 459 2130 498 huic
2155 459 2240 500 viro

213 533 424 579 acceptum
444 525 650 566 referimus
663 540 674 575 ;
703 537 903 576 quaenam
923 523 1026 564 inter
1046 522 1277 563 Britanniae
1300 535 1419 573 rupes
1442 523 1658 561 nonnullas
1678 528 1718 561 et
1743 521 1849 572 ipsas
1875 522 1999 572 Alpes
2027 522 2241 562 Rhaeticas

215 589 472 632 necessitudo
510 587 743 636 intercedat,
776 588 897 627 huius
935 586 1183 627 divinatione
1220 587 1465 638 patefactum
1504 592 1574 625 est.
1634 584 1797 625 Etenim
1830 585 1896 624 illa
1933 586 2113 635 profecto
2150 599 2242 625 vera

214 652 408 694 divinatio
440 659 511 700 est,
542 665 626 692 non
659 664 763 703 quae
793 650 1020 692 divitiarum
1049 663 1172 691 venas
1202 649 1244 688 in
1272 657 1374 689 terra
1406 648 1666 688 absconditas
1694 648 1844 700 virgula
1878 649 2053 700 quadam
2082 649 2242 688 fortuita

215 714 393 756 indicare
425 713 615 762 simulat1,
647 714 719 754 sed
748 726 862 766 quae,
891 712 1045 753 ratione
1073 720 1114 753 et
1141 711 1205 752 via
1233 725 1451 764 progressa,
1480 724 1528 751 ex
1557 710 1709 750 intimis
1738 710 1896 763 rupium
1925 710 2086 750 latebris
2115 710 2242 763 ipsam

215 776 423 819 veritatem
450 782 669 828 extorquet.

326 841 387 882 Ut
403 841 457 880 ad
475 838 662 892 propiora
681 846 940 888 transeamus,
957 845 1154 890 quantum
1174 837 1292 877 huius
1312 836 1538 877 liberalitati
1561 838 1749 877 Museum
1771 844 1952 877 nostrum
1968 836 2244 887 Geologicum,

217 909 414 956 quantum
457 901 576 942 huius
620 901 828 942 doctrinae
871 900 1024 941 alumni
1062 900 1187 941 nostri
1226 900 1368 940 studiis
1405 899 1622 952 geologicis
1661 899 1798 947 dediti,
1839 899 2026 947 debeant,
2066 898 2245 950 plurimis

217 971 361 1006 notum
388 971 450 1006 est
462 979 474 1014 ;
507 971 704 1016 quantum
733 963 910 1015 denique
944 965 1147 1004 Professor
1169 963 1546 1004 Woodwardianus²
1572 963 1690 1003 huius
1720 962 1868 1002 auxilio
1897 962 2058 1002 adiutus
2089 962 2149 1011 sit,
2181 961 2247 1002 ille

217 1026 314 1080 ipse,
344 1039 426 1080 qua
453 1034 514 1068 est
541 1025 742 1075 comitate,
774 1026 946 1066 libenter
973 1027 1197 1066 confitetur.

326 1090 488 1131 Talium
507 1089 624 1142 igitur
643 1089 932 1130 beneficiorum
952 1089 1270 1129 recordationem
1293 1090 1424 1128 Mater
1444 1096 1580 1128 nostra
1603 1090 1731 1137 Alma,
1754 1101 1837 1128 non
1864 1089 1965 1127 duro
1988 1087 2055 1127 illa
2080 1088 2246 1139 quidem

218 1168 314 1196 saxo
338 1154 580 1207 insculptam
606 1161 735 1194 servat
763 1155 836 1194 sed
861 1153 903 1193 in
930 1161 1069 1194 tenero
1095 1153 1229 1205 potius
1253 1153 1374 1192 corde
1401 1151 1636 1204 impressam
1656 1151 1799 1191 retinet
1813 1166 1824 1200 3
1852 1159 1977 1203 utque
1996 1150 2248 1202 aliquatenus

217 1218 398 1260 animum
418 1232 536 1259 suum
556 1225 711 1270 gratum
732 1217 975 1264 testificetur,
994 1230 1104 1256 nunc
1123 1217 1176 1256 ad
1191 1217 1412 1267 perfectum
1432 1217 1600 1267 gradum
1624 1214 1805 1266 Magistri
1825 1214 1866 1254 in
1884 1214 2052 1269 ‘Artibus
2075 1213 2249 1253 admittit

219 1281 348 1322 virum
374 1288 415 1322 et
437 1281 489 1322 de
509 1294 552 1321 se
571 1280 658 1332 ipsa
677 1286 717 1320 et
737 1280 789 1320 de
808 1279 982 1319 alumnis
1001 1279 1083 1319 suis
1106 1287 1146 1319 et
1166 1280 1218 1319 de
1243 1280 1473 1319 Professore
1500 1291 1574 1318 suo
1599 1277 1752 1330 optime
1779 1276 1976 1327 meritum,
2001 1279 2247 1317 EDvARDUM

220 1345 436 1386 Burnum>
454 1345 654 1384 TAwrmv.

1055 1466 1071 1497 1
1084 1466 1109 1497 2
1149 1450 1262 1498 Feb.
1311 1451 1438 1498 1880

332 1563 419 1616 (32)
457 1564 614 1603 ANNUS
642 1561 722 1602 iam
756 1576 871 1612 unus,
903 1561 961 1602 uti
989 1561 1237 1610 meministis,
1268 1561 1501 1612 intercessit,
1534 1575 1582 1602 ex
1612 1575 1694 1613 quo
1727 1561 1908 1613 Reginae
1938 1568 2098 1602 nostrae
2126 1561 2248 1601 filiam

223 1634 352 1668 morte
380 1626 593 1666 immatura
622 1624 914 1676 interemptam,
948 1638 1030 1664 non
1067 1625 1191 1664 modo
1222 1625 1392 1664 Senatus
1426 1631 1571 1674 noster,
1608 1625 1679 1664 sed
1712 1623 1839 1676 patria
1872 1637 2034 1676 quoque
2067 1623 2251 1664 universa

223 1691 442 1730 lamentata
455 1685 548 1729 est⁸.
598 1686 682 1738 Qui
701 1694 836 1727 autern
858 1686 1121 1739 Principissae
1141 1686 1197 1726 illi
1217 1685 1577 1727 desideratissimae
1598 1686 1804 1727 Ecclesiae
1819 1687 2065 1737 Anglicanae
2085 1686 2251 1726 nomine

223 1750 356 1793 verbis
401 1748 597 1802 supremis
644 1749 842 1798 valedixit,
882 1762 975 1789 eum
1022 1749 1155 1801 ipsum
1199 1748 1321 1788 hodie
1363 1748 1609 1788 Academiae
1649 1748 1815 1789 nomine
1859 1748 2045 1788 iubemus
2088 1749 2248 1788 salvere.

225 1815 453 1855 Salutamus
471 1811 599 1852 virum
619 1811 689 1863 qui
708 1811 849 1852 officiis
869 1811 990 1852 sacris
1010 1811 1051 1851 in
1072 1811 1288 1852 Germania
1308 1812 1478 1859 functus,
1502 1824 1630 1862 nuper
1649 1810 1719 1850 uni
1739 1824 1762 1851 e
1787 1810 2062 1851 remotissimis
2082 1810 2252 1850 coloniis

224 1875 371 1918 nostris
389 1873 604 1927 episcopus
623 1875 741 1914 datus
760 1882 831 1923 est,
848 1875 1036 1914 alumnus
1056 1875 1263 1926 quondam
1284 1874 1413 1913 Aulae
1432 1872 1537 1912 illius
1559 1873 1914 1921 Pembrochianae‚
1931 1886 2035 1925 quae
2055 1872 2139 1913 iure
2154 1873 2250 1913 olim

225 1939 347 1993 (sicut
364 1937 509 1990 nostis)
532 1940 542 1958 ‘
554 1938 782 1990 Collegium
805 1938 1045 1990 Episcopale
1061 1939 1070 1956 ’
1090 1937 1385 1977 nominabatur.
1446 1938 1547 1976 Mox
1569 1936 1686 1988 igitur
1706 1944 1814 1977 trans
1833 1950 1984 1988 aequor
2003 1936 2251 1976 Atlanticum

224 2015 296 2055 per
331 2001 551 2042 immensos
587 2001 699 2040 lacus
737 1999 965 2052 provinciae
1003 1999 1265 2048 Canadensis,
1302 2000 1405 2039 ultra
1443 1998 1643 2039 montium
1681 1999 1959 2050 oppositorum
1998 2000 2178 2047 claustra,
2211 1999 2252 2038 in

225 2063 428 2117 regionem
455 2062 564 2102 illam
590 2062 853 2115 longinquam
879 2061 964 2112 ibit,
986 2075 1108 2114 quam
1134 2062 1390 2102 occidentem
1414 2070 1550 2101 versus
1570 2062 1698 2101 solem
1718 2060 1874 2112 imperii
1893 2061 2018 2101 nostri
2038 2061 2253 2101 terminum

225 2140 314 2168 esse
332 2125 520 2174 dicerem,
542 2125 619 2166 nisi
638 2125 911 2166 meminissem
932 2125 1145 2177 imperium
1167 2124 1442 2165 Britannicum
1463 2126 1575 2164 nullo
1595 2124 1689 2165 solis
1709 2138 1855 2165 occasu
1876 2139 1964 2165 esse
1983 2125 2251 2166 terminatum.

228 2191 336 2243 Ergo
362 2190 416 2230 ad
443 2189 559 2230 litora
588 2188 743 2230 Oceani
774 2189 937 2229 Pacifici
965 2189 1075 2241 pacis
1104 2191 1263 2229 satelles
1291 2188 1567 2240 proficiscetur
1580 2204 1590 2239 3
1628 2203 1703 2229 nos
1732 2189 1904 2240 interim,
1935 2190 2088 2242 optima
2116 2203 2187 2242 spe
2216 2198 2256 2230 et

226 2252 505 2306 expectatione
533 2252 857 2306 proficiscentem
886 2252 988 2293 votis
1017 2252 1180 2304 optimis
1210 2252 1423 2304 prosecuti,
1453 2266 1595 2293 omnes
1625 2254 1761 2294 omnia
1790 2255 1918 2294 fausta
1948 2254 2090 2295 nuntio
2118 2262 2255 2294 nostro

227 2315 518 2368 exoptabimus,
542 2316 676 2355 Deum
696 2323 910 2355 vocantem
930 2315 1116 2367 persequi
1135 2323 1274 2367 parato
1297 2318 1306 2336 ‘
1318 2316 1380 2355 vel
1400 2315 1622 2356 occidentis
1642 2330 1770 2368 usque
1788 2318 1841 2357 ad
1862 2317 2046 2357 ultimum
2067 2317 2199 2357 sinum
2214 2318 2253 2357 '⁴.

338 2380 556 2420 Praesento
583 2378 699 2419 vobis
726 2378 855 2418 virum
883 2379 1107 2419 admodum
1134 2380 1408 2427 reverendum,
1440 2381 1591 2420 Acron
1621 2381 1863 2420 WINDEYER
1892 2382 2101 2430 S1LL1TOE,
2136 2383 2257 2422 West-

207 2441 460 2482 'monasterii
488 2441 597 2482 Novi
624 2441 666 2481 in
696 2440 913 2482 Columbia
942 2440 1173 2481 Britannica
1201 2441 1450 2494 episcopum.

1052 2593 1113 2638 26
1148 2589 1266 2639 Feb.
1310 2591 1438 2640 1880

340 2701 428 2755 (33)
458 2703 780 2742 RECEN’HORUM
808 2700 1075 2750 scientiarum,
1098 2708 1137 2742 et
1163 2701 1358 2753 imprimis
1385 2703 1574 2743 scientiae
1600 2704 1817 2753 chemicae,
1839 2718 1886 2744 ea
1905 2712 1964 2745 est
1984 2706 2153 2754 fortuna,
2176 2705 2258 2746 sive

232 2778 374 2818 parum
393 2764 487 2806 felix
505 2763 588 2805 sive
607 2777 800 2817 perquam
826 2763 1056 2812 invidenda,
1078 2772 1122 2803 ut
1142 2763 1182 2803 in
1205 2764 1347 2804 Latina
1368 2766 1597 2817 praesertim
1618 2766 1797 2806 oratione
1817 2766 1879 2806 vix
1899 2781 1971 2818 pro
1991 2767 2047 2807 rei
2067 2767 2259 2820 dignitate

231 2827 326 2868 satis
352 2827 507 2880 possint
530 2826 727 2879 explicari.
789 2827 913 2877 Quod
940 2825 972 2866 si
997 2833 1132 2866 tantae
1158 2826 1349 2867 scientiae
1373 2829 1511 2867 laudes
1532 2828 1660 2868 verbis
1687 2828 1850 2881 exsequi
1876 2843 2066 2881 magnum
2090 2830 2257 2880 videtur,

233 2897 386 2943 quanto
407 2888 536 2929 maius
555 2897 616 2930 est
632 2890 761 2941 (quod
782 2889 875 2929 huic
894 2888 978 2928 viro
993 2888 1246 2941 aliquatenus
1266 2889 1450 2941 contigit)
1467 2890 1575 2942 ipsos
1591 2890 1782 2930 terminos
1802 2890 1886 2931 eius
1906 2892 2020 2931 factis
2035 2894 2256 2944 protulisse.

233 2951 395 2993 Talium
421 2966 553 2992 rerum
577 2951 768 2993 studiosis
794 2952 941 3004 scripta
966 2952 1033 2992 illa
1059 2953 1153 2992 satis
1179 2960 1276 2992 nota
1302 2966 1389 2993 esse
1414 2953 1661 3002 arbitramur,
1683 2967 1787 3006 quae
1813 2955 2003 2996 scientiae
2028 2956 2085 2996 illi
2103 2956 2261 2997 investi-

233 3015 392 3067 gandae
419 3014 631 3056 dedicavit.
692 3015 750 3055 Ut
779 3021 915 3055 tamen
944 3027 1070 3054 unum
1099 3016 1318 3055 alterumve
1347 3029 1370 3055 e
1396 3015 1576 3067 plurimis
1602 3017 1739 3056 leviter
1761 3017 1964 3069 attingam,
1993 3018 2110 3059 huius
2139 3032 2261 3071 opera

321 3107 334 3128 ¹
357 3109 399 3141 E.
418 3109 456 3141 B.
473 3109 634 3152 Tawney,
650 3109 685 3142 in
701 3110 915 3152 Proceedings
929 3109 970 3151 ⁰f
977 3110 1030 3142 tlte
1044 3110 1176 3142 Bristol
1187 3110 1411 3142 Naturalists’
1428 3111 1561 3153 Sodety,
1580 3111 1658 3144 vol.
1676 3112 1697 3150 i,
1717 3118 1792 3154 part
1811 3121 1839 3153 1,
1863 3114 1957 3156 1873.
2074 3113 2088 3134 ²
2111 3115 2261 3147 Thomas

237 3151 421 3196 McKenny
447 3153 601 3195 llughes.
711 3151 725 3173 ⁸
749 3153 901 3186 Princess
917 3154 1013 3186 Alice
1029 3153 1067 3186 of
1080 3154 1189 3186 Hesse
1205 3154 1283 3186 died
1304 3165 1343 3196 14
1360 3154 1444 3187 Dec.
1466 3155 1559 3196 1878.
1695 3155 1709 3176 ⁴
1733 3156 1880 3198 Horace,
1906 3158 2011 3200 Epod.
2039 3159 2049 3190 i
2077 3169 2125 3201 ¹3·

1226 3241 1272 3266 21
