<?xml version="1.0" encoding="UTF-8"?>
<!DOCTYPE html PUBLIC "-//W3C//DTD XHTML 1.0 Transitional//EN"
    "http://www.w3.org/TR/xhtml1/DTD/xhtml1-transitional.dtd">
<html xmlns="http://www.w3.org/1999/xhtml" xml:lang="en" lang="en">
 <head>
  <title>
</title>
<meta http-equiv="Content-Type" content="text/html;charset=utf-8" />
  <meta name='ocr-system' content='tesseract 3.04.00' />
  <meta name='ocr-capabilities' content='ocr_page ocr_carea ocr_par ocr_line ocrx_word'/>
</head>
<body>
  <div class='ocr_page' id='page_1' title='image "./orationesetepist00sanduoft_0101.png"; bbox 0 0 2704 3770; ppageno 0'>
   <div class='ocr_carea' id='block_1_1' title="bbox 570 283 1841 351">
    <p class='ocr_par' dir='ltr' id='par_1_1' title="bbox 570 283 1841 351">
     <span class='ocr_line' id='line_1_1' title="bbox 570 283 1841 351; baseline 0.002 -19"><span class='ocrx_word' id='word_1_1' title='bbox 570 283 668 333; x_wconf 85' lang='lat' dir='ltr'>Sz&#39;r</span> <span class='ocrx_word' id='word_1_2' title='bbox 698 285 932 333; x_wconf 79' lang='lat' dir='ltr'>Andrew</span> <span class='ocrx_word' id='word_1_3' title='bbox 970 284 1144 334; x_wconf 81' lang='lat' dir='ltr'><em>Clark.</em></span> <span class='ocrx_word' id='word_1_4' title='bbox 1199 285 1468 351; x_wconf 81' lang='lat' dir='ltr'>Jonatlzan</span> <span class='ocrx_word' id='word_1_5' title='bbox 1505 286 1841 335; x_wconf 79' lang='lat' dir='ltr'>Hutclzz&#39;nson.</span> 
     </span>
    </p>
   </div>
   <div class='ocr_carea' id='block_1_2' title="bbox 184 427 2220 1165">
    <p class='ocr_par' dir='ltr' id='par_1_2' title="bbox 184 427 2220 1036">
     <span class='ocr_line' id='line_1_2' title="bbox 188 427 2219 483; baseline 0.001 -13"><span class='ocrx_word' id='word_1_6' title='bbox 188 427 285 470; x_wconf 86' lang='lat' dir='ltr'>Non</span> <span class='ocrx_word' id='word_1_7' title='bbox 330 434 467 470; x_wconf 88' lang='lat' dir='ltr'>tamen</span> <span class='ocrx_word' id='word_1_8' title='bbox 513 429 786 471; x_wconf 89' lang='lat' dir='ltr'>obliviscimur</span> <span class='ocrx_word' id='word_1_9' title='bbox 823 437 976 482; x_wconf 90' lang='lat' dir='ltr'>quanto</span> <span class='ocrx_word' id='word_1_10' title='bbox 1014 430 1149 471; x_wconf 91' lang='lat' dir='ltr'>studio</span> <span class='ocrx_word' id='word_1_11' title='bbox 1186 432 1363 483; x_wconf 84' lang='lat' dir='ltr'>collegae</span> <span class='ocrx_word' id='word_1_12' title='bbox 1401 430 1463 471; x_wconf 91' lang='lat' dir='ltr'>sui</span> <span class='ocrx_word' id='word_1_13' title='bbox 1501 429 1754 479; x_wconf 90' lang='lat' dir='ltr'>Oxoniensis,</span> <span class='ocrx_word' id='word_1_14' title='bbox 1794 431 1953 483; x_wconf 86' lang='lat' dir='ltr'>linguae</span> <span class='ocrx_word' id='word_1_15' title='bbox 1992 432 2219 473; x_wconf 89' lang='lat' dir='ltr'>Hebraicae</span> 
     </span>
     <span class='ocr_line' id='line_1_3' title="bbox 185 492 2217 546; baseline 0.001 -14"><span class='ocrx_word' id='word_1_16' title='bbox 185 492 394 543; x_wconf 82' lang='lat' dir='ltr'>quondam</span> <span class='ocrx_word' id='word_1_17' title='bbox 419 493 664 545; x_wconf 87' lang='lat' dir='ltr'>professoris,</span> <span class='ocrx_word' id='word_1_18' title='bbox 686 493 789 535; x_wconf 90' lang='lat' dir='ltr'>vitae</span> <span class='ocrx_word' id='word_1_19' title='bbox 815 493 1132 535; x_wconf 86' lang='lat' dir='ltr'>conscribendae</span> <span class='ocrx_word' id='word_1_20' title='bbox 1158 507 1245 534; x_wconf 91' lang='lat' dir='ltr'>sese</span> <span class='ocrx_word' id='word_1_21' title='bbox 1271 493 1526 542; x_wconf 86' lang='lat' dir='ltr'>dedicaverit,</span> <span class='ocrx_word' id='word_1_22' title='bbox 1552 506 1674 545; x_wconf 89' lang='lat' dir='ltr'>quem</span> <span class='ocrx_word' id='word_1_23' title='bbox 1698 507 1750 533; x_wconf 93' lang='lat' dir='ltr'>ne</span> <span class='ocrx_word' id='word_1_24' title='bbox 1774 493 2027 546; x_wconf 84' lang='lat' dir='ltr'>episcopatus</span> <span class='ocrx_word' id='word_1_25' title='bbox 2054 495 2217 546; x_wconf 88' lang='lat' dir='ltr'>quidem</span> 
     </span>
     <span class='ocr_line' id='line_1_4' title="bbox 185 554 2219 610; baseline 0.001 -15"><span class='ocrx_word' id='word_1_26' title='bbox 185 554 318 596; x_wconf 87' lang='lat' dir='ltr'>honos</span> <span class='ocrx_word' id='word_1_27' title='bbox 342 554 423 596; x_wconf 90' lang='lat' dir='ltr'>iam</span> <span class='ocrx_word' id='word_1_28' title='bbox 448 558 613 598; x_wconf 87' lang='lat' dir='ltr'>tandem</span> <span class='ocrx_word' id='word_1_29' title='bbox 641 557 783 599; x_wconf 91' lang='lat' dir='ltr'>merito</span> <span class='ocrx_word' id='word_1_30' title='bbox 812 558 983 607; x_wconf 90' lang='lat' dir='ltr'>oblatus,</span> <span class='ocrx_word' id='word_1_31' title='bbox 1005 571 1126 610; x_wconf 90' lang='lat' dir='ltr'>opere</span> <span class='ocrx_word' id='word_1_32' title='bbox 1154 558 1207 598; x_wconf 87' lang='lat' dir='ltr'>ab</span> <span class='ocrx_word' id='word_1_33' title='bbox 1233 556 1395 609; x_wconf 89' lang='lat' dir='ltr'>incepto</span> <span class='ocrx_word' id='word_1_34' title='bbox 1419 570 1604 598; x_wconf 88' lang='lat' dir='ltr'>revocare</span> <span class='ocrx_word' id='word_1_35' title='bbox 1627 555 1830 608; x_wconf 85' lang='lat' dir='ltr'>potuerit1.</span> <span class='ocrx_word' id='word_1_36' title='bbox 1891 557 2057 597; x_wconf 85' lang='lat' dir='ltr'>Interim</span> <span class='ocrx_word' id='word_1_37' title='bbox 2084 558 2219 598; x_wconf 85' lang='lat' dir='ltr'>Sancti</span> 
     </span>
     <span class='ocr_line' id='line_1_5' title="bbox 187 617 2220 673; baseline 0.002 -16"><span class='ocrx_word' id='word_1_38' title='bbox 187 617 301 659; x_wconf 88' lang='lat' dir='ltr'>Pauli</span> <span class='ocrx_word' id='word_1_39' title='bbox 320 618 361 659; x_wconf 93' lang='lat' dir='ltr'>in</span> <span class='ocrx_word' id='word_1_40' title='bbox 379 621 482 661; x_wconf 86' lang='lat' dir='ltr'>aede</span> <span class='ocrx_word' id='word_1_41' title='bbox 501 621 728 670; x_wconf 85' lang='lat' dir='ltr'>venerabili,</span> <span class='ocrx_word' id='word_1_42' title='bbox 750 621 791 661; x_wconf 91' lang='lat' dir='ltr'>in</span> <span class='ocrx_word' id='word_1_43' title='bbox 812 621 984 662; x_wconf 89' lang='lat' dir='ltr'>statione</span> <span class='ocrx_word' id='word_1_44' title='bbox 1004 621 1079 661; x_wconf 92' lang='lat' dir='ltr'>sibi</span> <span class='ocrx_word' id='word_1_45' title='bbox 1099 620 1290 662; x_wconf 92' lang='lat' dir='ltr'>divinitus</span> <span class='ocrx_word' id='word_1_46' title='bbox 1310 621 1537 671; x_wconf 88' lang='lat' dir='ltr'>commissa,</span> <span class='ocrx_word' id='word_1_47' title='bbox 1560 620 1838 661; x_wconf 88' lang='lat' dir='ltr'>moderatione</span> <span class='ocrx_word' id='word_1_48' title='bbox 1858 628 2007 671; x_wconf 87' lang='lat' dir='ltr'>quanta</span> <span class='ocrx_word' id='word_1_49' title='bbox 2032 623 2220 673; x_wconf 93' lang='lat' dir='ltr'>eloquen-</span> 
     </span>
     <span class='ocr_line' id='line_1_6' title="bbox 184 679 2219 735; baseline 0.001 -15"><span class='ocrx_word' id='word_1_50' title='bbox 184 679 282 720; x_wconf 88' lang='lat' dir='ltr'>tiam</span> <span class='ocrx_word' id='word_1_51' title='bbox 308 694 422 722; x_wconf 90' lang='lat' dir='ltr'>suam</span> <span class='ocrx_word' id='word_1_52' title='bbox 449 695 530 722; x_wconf 90' lang='lat' dir='ltr'>non</span> <span class='ocrx_word' id='word_1_53' title='bbox 557 683 729 735; x_wconf 87' lang='lat' dir='ltr'>partium</span> <span class='ocrx_word' id='word_1_54' title='bbox 756 683 898 724; x_wconf 88' lang='lat' dir='ltr'>studiis</span> <span class='ocrx_word' id='word_1_55' title='bbox 925 683 1145 724; x_wconf 88' lang='lat' dir='ltr'>excitandis</span> <span class='ocrx_word' id='word_1_56' title='bbox 1167 682 1492 724; x_wconf 87' lang='lat' dir='ltr'>accommodavit</span> <span class='ocrx_word' id='word_1_57' title='bbox 1518 684 1590 723; x_wconf 92' lang='lat' dir='ltr'>sed</span> <span class='ocrx_word' id='word_1_58' title='bbox 1614 682 1796 735; x_wconf 91' lang='lat' dir='ltr'>religioni</span> <span class='ocrx_word' id='word_1_59' title='bbox 1821 695 1944 734; x_wconf 90' lang='lat' dir='ltr'>purae</span> <span class='ocrx_word' id='word_1_60' title='bbox 1970 683 2121 734; x_wconf 91' lang='lat' dir='ltr'>populo</span> <span class='ocrx_word' id='word_1_61' title='bbox 2145 683 2219 722; x_wconf 91' lang='lat' dir='ltr'>toti</span> 
     </span>
     <span class='ocr_line' id='line_1_7' title="bbox 185 745 2217 798; baseline 0.001 -15"><span class='ocrx_word' id='word_1_62' title='bbox 185 745 536 786; x_wconf 83' lang='lat' dir='ltr'>commendandae</span> <span class='ocrx_word' id='word_1_63' title='bbox 555 746 827 787; x_wconf 89' lang='lat' dir='ltr'>consecravit!</span> <span class='ocrx_word' id='word_1_64' title='bbox 883 748 998 787; x_wconf 87' lang='lat' dir='ltr'>Arcis</span> <span class='ocrx_word' id='word_1_65' title='bbox 1017 746 1177 787; x_wconf 91' lang='lat' dir='ltr'>divinae</span> <span class='ocrx_word' id='word_1_66' title='bbox 1197 759 1315 798; x_wconf 92' lang='lat' dir='ltr'>super</span> <span class='ocrx_word' id='word_1_67' title='bbox 1330 759 1466 787; x_wconf 90' lang='lat' dir='ltr'>muros</span> <span class='ocrx_word' id='word_1_68' title='bbox 1483 747 1591 787; x_wconf 91' lang='lat' dir='ltr'>velut</span> <span class='ocrx_word' id='word_1_69' title='bbox 1606 747 1832 798; x_wconf 89' lang='lat' dir='ltr'>speculator</span> <span class='ocrx_word' id='word_1_70' title='bbox 1847 753 1886 785; x_wconf 91' lang='lat' dir='ltr'>et</span> <span class='ocrx_word' id='word_1_71' title='bbox 1901 753 2036 786; x_wconf 90' lang='lat' dir='ltr'>custos</span> <span class='ocrx_word' id='word_1_72' title='bbox 2052 746 2217 798; x_wconf 87' lang='lat' dir='ltr'>positus,</span> 
     </span>
     <span class='ocr_line' id='line_1_8' title="bbox 186 805 2218 861; baseline 0 -15"><span class='ocrx_word' id='word_1_73' title='bbox 186 805 287 846; x_wconf 88' lang='lat' dir='ltr'>caeli</span> <span class='ocrx_word' id='word_1_74' title='bbox 311 807 518 860; x_wconf 88' lang='lat' dir='ltr'>praesagia</span> <span class='ocrx_word' id='word_1_75' title='bbox 543 822 664 860; x_wconf 90' lang='lat' dir='ltr'>quam</span> <span class='ocrx_word' id='word_1_76' title='bbox 691 808 834 849; x_wconf 89' lang='lat' dir='ltr'>acriter</span> <span class='ocrx_word' id='word_1_77' title='bbox 858 808 1061 861; x_wconf 88' lang='lat' dir='ltr'>prospicit,</span> <span class='ocrx_word' id='word_1_78' title='bbox 1094 822 1215 861; x_wconf 89' lang='lat' dir='ltr'>quam</span> <span class='ocrx_word' id='word_1_79' title='bbox 1242 808 1413 849; x_wconf 90' lang='lat' dir='ltr'>fideliter</span> <span class='ocrx_word' id='word_1_80' title='bbox 1439 807 1674 849; x_wconf 85' lang='lat' dir='ltr'>denuntiat!</span> <span class='ocrx_word' id='word_1_81' title='bbox 1731 807 1891 848; x_wconf 87' lang='lat' dir='ltr'>Talium</span> <span class='ocrx_word' id='word_1_82' title='bbox 1916 815 2022 848; x_wconf 91' lang='lat' dir='ltr'>certe</span> <span class='ocrx_word' id='word_1_83' title='bbox 2045 808 2218 848; x_wconf 91' lang='lat' dir='ltr'>virorum</span> 
     </span>
     <span class='ocr_line' id='line_1_9' title="bbox 186 869 2220 923; baseline 0 -14"><span class='ocrx_word' id='word_1_84' title='bbox 186 871 372 922; x_wconf 86' lang='lat' dir='ltr'>exemplo</span> <span class='ocrx_word' id='word_1_85' title='bbox 416 871 516 911; x_wconf 87' lang='lat' dir='ltr'>vatis</span> <span class='ocrx_word' id='word_1_86' title='bbox 555 871 735 912; x_wconf 86' lang='lat' dir='ltr'>Hebraei</span> <span class='ocrx_word' id='word_1_87' title='bbox 775 871 896 912; x_wconf 87' lang='lat' dir='ltr'>verba</span> <span class='ocrx_word' id='word_1_88' title='bbox 939 871 1106 923; x_wconf 87' lang='lat' dir='ltr'>antiqua</span> <span class='ocrx_word' id='word_1_89' title='bbox 1149 873 1286 912; x_wconf 91' lang='lat' dir='ltr'>denuo</span> <span class='ocrx_word' id='word_1_90' title='bbox 1327 885 1420 911; x_wconf 87' lang='lat' dir='ltr'>vera</span> <span class='ocrx_word' id='word_1_91' title='bbox 1464 884 1552 911; x_wconf 88' lang='lat' dir='ltr'>esse</span> <span class='ocrx_word' id='word_1_92' title='bbox 1597 871 1700 910; x_wconf 85' lang='lat' dir='ltr'>facta</span> <span class='ocrx_word' id='word_1_93' title='bbox 1748 869 1984 910; x_wconf 87' lang='lat' dir='ltr'>crediderim</span> <span class='ocrx_word' id='word_1_94' title='bbox 2000 873 2078 910; x_wconf 88' lang='lat'>:—‘</span> <span class='ocrx_word' id='word_1_95' title='bbox 2093 872 2220 921; x_wconf 93' lang='lat' dir='ltr'>Super</span> 
     </span>
     <span class='ocr_line' id='line_1_10' title="bbox 186 931 2220 984; baseline -0.001 -12"><span class='ocrx_word' id='word_1_96' title='bbox 186 944 322 973; x_wconf 89' lang='lat' dir='ltr'>muros</span> <span class='ocrx_word' id='word_1_97' title='bbox 355 939 458 982; x_wconf 89' lang='lat' dir='ltr'>tuos,</span> <span class='ocrx_word' id='word_1_98' title='bbox 496 934 725 981; x_wconf 92' lang='lat' dir='ltr'>Ierusalem,</span> <span class='ocrx_word' id='word_1_99' title='bbox 758 933 947 974; x_wconf 90' lang='lat' dir='ltr'>constitui</span> <span class='ocrx_word' id='word_1_100' title='bbox 980 935 1169 974; x_wconf 90' lang='lat' dir='ltr'>custodes</span> <span class='ocrx_word' id='word_1_101' title='bbox 1183 948 1194 983; x_wconf 81' lang='lat'>3</span> <span class='ocrx_word' id='word_1_102' title='bbox 1234 941 1320 973; x_wconf 88' lang='lat' dir='ltr'>tota</span> <span class='ocrx_word' id='word_1_103' title='bbox 1350 933 1416 974; x_wconf 93' lang='lat' dir='ltr'>die</span> <span class='ocrx_word' id='word_1_104' title='bbox 1446 940 1486 973; x_wconf 91' lang='lat' dir='ltr'>et</span> <span class='ocrx_word' id='word_1_105' title='bbox 1519 940 1604 973; x_wconf 89' lang='lat' dir='ltr'>tota</span> <span class='ocrx_word' id='word_1_106' title='bbox 1637 939 1757 972; x_wconf 92' lang='lat' dir='ltr'>nocte</span> <span class='ocrx_word' id='word_1_107' title='bbox 1790 931 1831 972; x_wconf 92' lang='lat' dir='ltr'>in</span> <span class='ocrx_word' id='word_1_108' title='bbox 1865 939 2103 984; x_wconf 90' lang='lat' dir='ltr'>perpetuum</span> <span class='ocrx_word' id='word_1_109' title='bbox 2137 945 2220 971; x_wconf 88' lang='lat' dir='ltr'>non</span> 
     </span>
     <span class='ocr_line' id='line_1_11' title="bbox 186 994 431 1036; baseline 0.008 -2"><span class='ocrx_word' id='word_1_110' title='bbox 186 994 431 1036; x_wconf 76' lang='lat' dir='ltr'>tacebunt&#39;2.</span> 
     </span>
    </p>

    <p class='ocr_par' dir='ltr' id='par_1_3' title="bbox 187 1059 2218 1165">
     <span class='ocr_line' id='line_1_12' title="bbox 297 1059 2218 1113; baseline -0.001 -14"><span class='ocrx_word' id='word_1_111' title='bbox 297 1059 416 1099; x_wconf 91' lang='lat' dir='ltr'>Duco</span> <span class='ocrx_word' id='word_1_112' title='bbox 443 1060 497 1100; x_wconf 91' lang='lat' dir='ltr'>ad</span> <span class='ocrx_word' id='word_1_113' title='bbox 519 1073 591 1100; x_wconf 92' lang='lat' dir='ltr'>vos</span> <span class='ocrx_word' id='word_1_114' title='bbox 619 1059 746 1100; x_wconf 90' lang='lat' dir='ltr'>virum</span> <span class='ocrx_word' id='word_1_115' title='bbox 773 1060 913 1101; x_wconf 91' lang='lat' dir='ltr'>aetatis</span> <span class='ocrx_word' id='word_1_116' title='bbox 943 1068 1102 1101; x_wconf 88' lang='lat' dir='ltr'>nostrae</span> <span class='ocrx_word' id='word_1_117' title='bbox 1127 1068 1330 1101; x_wconf 88' lang='lat' dir='ltr'>oratorum</span> <span class='ocrx_word' id='word_1_118' title='bbox 1360 1074 1563 1101; x_wconf 91' lang='lat' dir='ltr'>sacrorum</span> <span class='ocrx_word' id='word_1_119' title='bbox 1592 1059 1695 1101; x_wconf 90' lang='lat' dir='ltr'>inter</span> <span class='ocrx_word' id='word_1_120' title='bbox 1724 1059 1923 1113; x_wconf 91' lang='lat' dir='ltr'>principes</span> <span class='ocrx_word' id='word_1_121' title='bbox 1952 1066 2218 1108; x_wconf 88' lang='lat' dir='ltr'>numeratum,</span> 
     </span>
     <span class='ocr_line' id='line_1_13' title="bbox 187 1121 812 1165; baseline 0.006 -4"><span class='ocrx_word' id='word_1_122' title='bbox 187 1121 433 1164; x_wconf 71' lang='lat' dir='ltr'>Hnmucuu</span> <span class='ocrx_word' id='word_1_123' title='bbox 455 1124 604 1164; x_wconf 80' lang='lat' dir='ltr'>PARRY</span> <span class='ocrx_word' id='word_1_124' title='bbox 624 1125 812 1165; x_wconf 70' lang='lat' dir='ltr'>Lmnon.</span> 
     </span>
    </p>
   </div>
   <div class='ocr_carea' id='block_1_3' title="bbox 182 1271 2221 2323">
    <p class='ocr_par' dir='ltr' id='par_1_4' title="bbox 182 1271 2221 2134">
     <span class='ocr_line' id='line_1_14' title="bbox 293 1271 2219 1327; baseline 0.001 -15"><span class='ocrx_word' id='word_1_125' title='bbox 293 1271 410 1326; x_wconf 83' lang='lat'>(160)</span> <span class='ocrx_word' id='word_1_126' title='bbox 438 1275 665 1315; x_wconf 87' lang='lat' dir='ltr'>Salutamus</span> <span class='ocrx_word' id='word_1_127' title='bbox 688 1275 881 1327; x_wconf 90' lang='lat' dir='ltr'>deinceps</span> <span class='ocrx_word' id='word_1_128' title='bbox 908 1275 1045 1316; x_wconf 91' lang='lat' dir='ltr'>salutis</span> <span class='ocrx_word' id='word_1_129' title='bbox 1072 1275 1308 1324; x_wconf 91' lang='lat' dir='ltr'>ministrum,</span> <span class='ocrx_word' id='word_1_130' title='bbox 1331 1274 1563 1327; x_wconf 87' lang='lat' dir='ltr'>Aesculapii</span> <span class='ocrx_word' id='word_1_131' title='bbox 1589 1288 1611 1315; x_wconf 92' lang='lat' dir='ltr'>e</span> <span class='ocrx_word' id='word_1_132' title='bbox 1638 1274 1728 1315; x_wconf 89' lang='lat' dir='ltr'>filiis</span> <span class='ocrx_word' id='word_1_133' title='bbox 1758 1288 1896 1324; x_wconf 90' lang='lat' dir='ltr'>unum,</span> <span class='ocrx_word' id='word_1_134' title='bbox 1918 1287 2040 1326; x_wconf 92' lang='lat' dir='ltr'>quem</span> <span class='ocrx_word' id='word_1_135' title='bbox 2069 1274 2219 1315; x_wconf 90' lang='lat' dir='ltr'>idcirco</span> 
     </span>
     <span class='ocr_line' id='line_1_15' title="bbox 182 1337 2220 1391; baseline -0 -13"><span class='ocrx_word' id='word_1_136' title='bbox 182 1337 415 1389; x_wconf 67' lang='lat' dir='ltr'>maeertim</span> <span class='ocrx_word' id='word_1_137' title='bbox 437 1339 668 1380; x_wconf 84' lang='lat' dir='ltr'>Machaona</span> <span class='ocrx_word' id='word_1_138' title='bbox 688 1339 978 1379; x_wconf 89' lang='lat' dir='ltr'>nominaverim</span> <span class='ocrx_word' id='word_1_139' title='bbox 999 1340 1111 1391; x_wconf 92' lang='lat' dir='ltr'>quod</span> <span class='ocrx_word' id='word_1_140' title='bbox 1126 1338 1275 1379; x_wconf 89' lang='lat' dir='ltr'>saeculi</span> <span class='ocrx_word' id='word_1_141' title='bbox 1290 1339 1415 1379; x_wconf 89' lang='lat' dir='ltr'>nostri</span> <span class='ocrx_word' id='word_1_142' title='bbox 1431 1346 1632 1379; x_wconf 90' lang='lat' dir='ltr'>oratorum</span> <span class='ocrx_word' id='word_1_143' title='bbox 1650 1351 1744 1378; x_wconf 91' lang='lat' dir='ltr'>cum</span> <span class='ocrx_word' id='word_1_144' title='bbox 1761 1339 1932 1378; x_wconf 90' lang='lat' dir='ltr'>Nestore</span> <span class='ocrx_word' id='word_1_145' title='bbox 1947 1337 2057 1390; x_wconf 80' lang='lat' dir='ltr'>ipso³</span> <span class='ocrx_word' id='word_1_146' title='bbox 2073 1337 2220 1378; x_wconf 88' lang='lat' dir='ltr'>totiens</span> 
     </span>
     <span class='ocr_line' id='line_1_16' title="bbox 182 1401 2220 1454; baseline 0 -14"><span class='ocrx_word' id='word_1_147' title='bbox 182 1401 439 1442; x_wconf 76' lang='lat' dir='ltr'>consociatus</span> <span class='ocrx_word' id='word_1_148' title='bbox 458 1409 518 1442; x_wconf 92' lang='lat' dir='ltr'>est</span> <span class='ocrx_word' id='word_1_149' title='bbox 532 1401 674 1451; x_wconf 92' lang='lat' dir='ltr'>;—nisi</span> <span class='ocrx_word' id='word_1_150' title='bbox 694 1404 806 1452; x_wconf 88' lang='lat' dir='ltr'>forte,</span> <span class='ocrx_word' id='word_1_151' title='bbox 830 1404 1019 1442; x_wconf 89' lang='lat' dir='ltr'>Romano</span> <span class='ocrx_word' id='word_1_152' title='bbox 1042 1402 1177 1454; x_wconf 91' lang='lat' dir='ltr'>potius</span> <span class='ocrx_word' id='word_1_153' title='bbox 1201 1404 1386 1454; x_wconf 85' lang='lat' dir='ltr'>exemplo</span> <span class='ocrx_word' id='word_1_154' title='bbox 1409 1403 1641 1451; x_wconf 91' lang='lat' dir='ltr'>delectatus,</span> <span class='ocrx_word' id='word_1_155' title='bbox 1664 1403 1815 1442; x_wconf 91' lang='lat' dir='ltr'>mavult</span> <span class='ocrx_word' id='word_1_156' title='bbox 1840 1401 2092 1453; x_wconf 90' lang='lat' dir='ltr'>Asclepiadis</span> <span class='ocrx_word' id='word_1_157' title='bbox 2117 1401 2220 1441; x_wconf 91' lang='lat' dir='ltr'>illius</span> 
     </span>
     <span class='ocr_line' id='line_1_17' title="bbox 184 1462 2218 1517; baseline 0 -13"><span class='ocrx_word' id='word_1_158' title='bbox 184 1462 434 1504; x_wconf 89' lang='lat' dir='ltr'>disertissimi</span> <span class='ocrx_word' id='word_1_159' title='bbox 466 1477 616 1505; x_wconf 91' lang='lat' dir='ltr'>nomen</span> <span class='ocrx_word' id='word_1_160' title='bbox 650 1465 834 1515; x_wconf 90' lang='lat' dir='ltr'>mutuari,</span> <span class='ocrx_word' id='word_1_161' title='bbox 869 1479 952 1517; x_wconf 92' lang='lat' dir='ltr'>quo</span> <span class='ocrx_word' id='word_1_162' title='bbox 990 1467 1150 1506; x_wconf 90' lang='lat' dir='ltr'>medico</span> <span class='ocrx_word' id='word_1_163' title='bbox 1183 1472 1223 1506; x_wconf 91' lang='lat' dir='ltr'>et</span> <span class='ocrx_word' id='word_1_164' title='bbox 1255 1465 1389 1506; x_wconf 90' lang='lat' dir='ltr'>amico</span> <span class='ocrx_word' id='word_1_165' title='bbox 1422 1466 1609 1506; x_wconf 89' lang='lat' dir='ltr'>utebatur</span> <span class='ocrx_word' id='word_1_166' title='bbox 1642 1465 1791 1506; x_wconf 93' lang='lat' dir='ltr'>Lucius</span> <span class='ocrx_word' id='word_1_167' title='bbox 1826 1465 2004 1505; x_wconf 91' lang='lat' dir='ltr'>Licinius</span> <span class='ocrx_word' id='word_1_168' title='bbox 2039 1466 2218 1514; x_wconf 85' lang='lat' dir='ltr'>Crassus,</span> 
     </span>
     <span class='ocr_line' id='line_1_18' title="bbox 184 1525 2221 1580; baseline 0 -14"><span class='ocrx_word' id='word_1_169' title='bbox 184 1525 333 1566; x_wconf 84' lang='lat' dir='ltr'>saeculi</span> <span class='ocrx_word' id='word_1_170' title='bbox 352 1525 414 1566; x_wconf 91' lang='lat' dir='ltr'>sui</span> <span class='ocrx_word' id='word_1_171' title='bbox 432 1533 635 1567; x_wconf 89' lang='lat' dir='ltr'>oratorum</span> <span class='ocrx_word' id='word_1_172' title='bbox 655 1527 1036 1580; x_wconf 81' lang='lat' dir='ltr'>eloquentissimus⁴.</span> <span class='ocrx_word' id='word_1_173' title='bbox 1097 1529 1146 1567; x_wconf 91' lang='lat' dir='ltr'>In</span> <span class='ocrx_word' id='word_1_174' title='bbox 1173 1541 1215 1568; x_wconf 90' lang='lat' dir='ltr'>re</span> <span class='ocrx_word' id='word_1_175' title='bbox 1240 1527 1403 1579; x_wconf 88' lang='lat' dir='ltr'>publica</span> <span class='ocrx_word' id='word_1_176' title='bbox 1428 1529 1601 1580; x_wconf 89' lang='lat' dir='ltr'>partium</span> <span class='ocrx_word' id='word_1_177' title='bbox 1625 1527 1848 1568; x_wconf 88' lang='lat' dir='ltr'>liberalium</span> <span class='ocrx_word' id='word_1_178' title='bbox 1875 1527 2090 1576; x_wconf 91' lang='lat' dir='ltr'>studiosus,</span> <span class='ocrx_word' id='word_1_179' title='bbox 2111 1527 2153 1566; x_wconf 91' lang='lat' dir='ltr'>in</span> <span class='ocrx_word' id='word_1_180' title='bbox 2179 1541 2221 1567; x_wconf 90' lang='lat' dir='ltr'>re</span> 
     </span>
     <span class='ocr_line' id='line_1_19' title="bbox 185 1587 2221 1642; baseline 0 -13"><span class='ocrx_word' id='word_1_181' title='bbox 185 1587 338 1641; x_wconf 82' lang='lat' dir='ltr'>privata</span> <span class='ocrx_word' id='word_1_182' title='bbox 367 1587 603 1630; x_wconf 90' lang='lat' dir='ltr'>liberalitate</span> <span class='ocrx_word' id='word_1_183' title='bbox 636 1589 824 1642; x_wconf 86' lang='lat' dir='ltr'>singulari</span> <span class='ocrx_word' id='word_1_184' title='bbox 860 1590 1036 1642; x_wconf 88' lang='lat' dir='ltr'>insignis,</span> <span class='ocrx_word' id='word_1_185' title='bbox 1070 1603 1153 1630; x_wconf 92' lang='lat' dir='ltr'>non</span> <span class='ocrx_word' id='word_1_186' title='bbox 1187 1591 1312 1631; x_wconf 89' lang='lat' dir='ltr'>modo</span> <span class='ocrx_word' id='word_1_187' title='bbox 1351 1590 1575 1631; x_wconf 87' lang='lat' dir='ltr'>medicinae</span> <span class='ocrx_word' id='word_1_188' title='bbox 1610 1591 1681 1631; x_wconf 88' lang='lat' dir='ltr'>sed</span> <span class='ocrx_word' id='word_1_189' title='bbox 1714 1589 1835 1630; x_wconf 90' lang='lat' dir='ltr'>etiam</span> <span class='ocrx_word' id='word_1_190' title='bbox 1869 1589 2148 1641; x_wconf 88' lang='lat' dir='ltr'>philosophiae</span> <span class='ocrx_word' id='word_1_191' title='bbox 2181 1596 2221 1630; x_wconf 92' lang='lat' dir='ltr'>et</span> 
     </span>
     <span class='ocr_line' id='line_1_20' title="bbox 183 1651 2221 1706; baseline 0 -14"><span class='ocrx_word' id='word_1_192' title='bbox 183 1651 385 1705; x_wconf 87' lang='lat' dir='ltr'>religionis</span> <span class='ocrx_word' id='word_1_193' title='bbox 417 1653 635 1705; x_wconf 89' lang='lat' dir='ltr'>penetralia</span> <span class='ocrx_word' id='word_1_194' title='bbox 667 1653 866 1706; x_wconf 89' lang='lat' dir='ltr'>ingressus</span> <span class='ocrx_word' id='word_1_195' title='bbox 899 1661 968 1694; x_wconf 89' lang='lat' dir='ltr'>est.</span> <span class='ocrx_word' id='word_1_196' title='bbox 1033 1653 1277 1694; x_wconf 89' lang='lat' dir='ltr'>Meministis</span> <span class='ocrx_word' id='word_1_197' title='bbox 1303 1653 1503 1706; x_wconf 89' lang='lat' dir='ltr'>antiquos,</span> <span class='ocrx_word' id='word_1_198' title='bbox 1534 1667 1618 1694; x_wconf 90' lang='lat' dir='ltr'>non</span> <span class='ocrx_word' id='word_1_199' title='bbox 1650 1654 1775 1694; x_wconf 92' lang='lat' dir='ltr'>modo</span> <span class='ocrx_word' id='word_1_200' title='bbox 1806 1654 1857 1693; x_wconf 92' lang='lat' dir='ltr'>de</span> <span class='ocrx_word' id='word_1_201' title='bbox 1887 1652 2065 1705; x_wconf 92' lang='lat' dir='ltr'>corporis</span> <span class='ocrx_word' id='word_1_202' title='bbox 2093 1654 2221 1693; x_wconf 91' lang='lat' dir='ltr'>salute</span> 
     </span>
     <span class='ocr_line' id='line_1_21' title="bbox 183 1714 2219 1769; baseline 0 -15"><span class='ocrx_word' id='word_1_203' title='bbox 183 1714 238 1755; x_wconf 86' lang='lat' dir='ltr'>ab</span> <span class='ocrx_word' id='word_1_204' title='bbox 256 1714 510 1768; x_wconf 61' lang='lat' dir='ltr'>Aesculapio,</span> <span class='ocrx_word' id='word_1_205' title='bbox 533 1717 605 1756; x_wconf 93' lang='lat' dir='ltr'>sed</span> <span class='ocrx_word' id='word_1_206' title='bbox 624 1716 745 1757; x_wconf 90' lang='lat' dir='ltr'>etiam</span> <span class='ocrx_word' id='word_1_207' title='bbox 765 1717 817 1757; x_wconf 92' lang='lat' dir='ltr'>de</span> <span class='ocrx_word' id='word_1_208' title='bbox 836 1717 954 1756; x_wconf 90' lang='lat' dir='ltr'>rebus</span> <span class='ocrx_word' id='word_1_209' title='bbox 974 1717 1055 1756; x_wconf 92' lang='lat' dir='ltr'>fere</span> <span class='ocrx_word' id='word_1_210' title='bbox 1075 1715 1275 1765; x_wconf 90' lang='lat' dir='ltr'>omnibus,</span> <span class='ocrx_word' id='word_1_211' title='bbox 1298 1730 1402 1769; x_wconf 93' lang='lat' dir='ltr'>quae</span> <span class='ocrx_word' id='word_1_212' title='bbox 1422 1716 1544 1756; x_wconf 87' lang='lat' dir='ltr'>vitam</span> <span class='ocrx_word' id='word_1_213' title='bbox 1564 1715 1724 1756; x_wconf 90' lang='lat' dir='ltr'>anxiam</span> <span class='ocrx_word' id='word_1_214' title='bbox 1743 1722 1783 1756; x_wconf 87' lang='lat' dir='ltr'>et</span> <span class='ocrx_word' id='word_1_215' title='bbox 1804 1714 2015 1755; x_wconf 91' lang='lat' dir='ltr'>sollicitam</span> <span class='ocrx_word' id='word_1_216' title='bbox 2036 1716 2219 1764; x_wconf 90' lang='lat' dir='ltr'>reddant,</span> 
     </span>
     <span class='ocr_line' id='line_1_22' title="bbox 183 1774 2221 1832; baseline 0.001 -15"><span class='ocrx_word' id='word_1_217' title='bbox 183 1776 238 1818; x_wconf 85' lang='lat' dir='ltr'>ab</span> <span class='ocrx_word' id='word_1_218' title='bbox 269 1777 359 1830; x_wconf 88' lang='lat' dir='ltr'>ipso</span> <span class='ocrx_word' id='word_1_219' title='bbox 389 1774 578 1831; x_wconf 80' lang='lat' dir='ltr'>Apolline</span> <span class='ocrx_word' id='word_1_220' title='bbox 616 1779 756 1820; x_wconf 87' lang='lat' dir='ltr'>solitos</span> <span class='ocrx_word' id='word_1_221' title='bbox 793 1793 881 1820; x_wconf 90' lang='lat' dir='ltr'>esse</span> <span class='ocrx_word' id='word_1_222' title='bbox 919 1781 1080 1820; x_wconf 89' lang='lat' dir='ltr'>oracula</span> <span class='ocrx_word' id='word_1_223' title='bbox 1114 1793 1338 1832; x_wconf 72' lang='lat' dir='ltr'>exposcere,</span> <span class='ocrx_word' id='word_1_224' title='bbox 1399 1780 1485 1820; x_wconf 89' lang='lat' dir='ltr'>Viri</span> <span class='ocrx_word' id='word_1_225' title='bbox 1523 1780 1612 1821; x_wconf 91' lang='lat' dir='ltr'>talis</span> <span class='ocrx_word' id='word_1_226' title='bbox 1645 1779 1773 1832; x_wconf 88' lang='lat' dir='ltr'>igitur,</span> <span class='ocrx_word' id='word_1_227' title='bbox 1809 1781 1918 1820; x_wconf 89' lang='lat' dir='ltr'>velut</span> <span class='ocrx_word' id='word_1_228' title='bbox 1950 1779 2221 1820; x_wconf 90' lang='lat' dir='ltr'>iurisconsulti</span> 
     </span>
     <span class='ocr_line' id='line_1_23' title="bbox 186 1839 2220 1894; baseline 0.001 -14"><span class='ocrx_word' id='word_1_229' title='bbox 186 1839 363 1880; x_wconf 89' lang='lat' dir='ltr'>Romani</span> <span class='ocrx_word' id='word_1_230' title='bbox 391 1841 548 1890; x_wconf 91' lang='lat' dir='ltr'>domus,</span> <span class='ocrx_word' id='word_1_231' title='bbox 577 1848 637 1881; x_wconf 91' lang='lat' dir='ltr'>est</span> <span class='ocrx_word' id='word_1_232' title='bbox 666 1843 774 1882; x_wconf 92' lang='lat' dir='ltr'>velut</span> <span class='ocrx_word' id='word_1_233' title='bbox 802 1841 972 1882; x_wconf 90' lang='lat' dir='ltr'>civitatis</span> <span class='ocrx_word' id='word_1_234' title='bbox 1002 1843 1219 1890; x_wconf 85' lang='lat' dir='ltr'>oraculum,</span> <span class='ocrx_word' id='word_1_235' title='bbox 1251 1843 1361 1882; x_wconf 90' lang='lat' dir='ltr'>unde</span> <span class='ocrx_word' id='word_1_236' title='bbox 1390 1842 1497 1882; x_wconf 90' lang='lat' dir='ltr'>cives</span> <span class='ocrx_word' id='word_1_237' title='bbox 1525 1842 1622 1892; x_wconf 92' lang='lat' dir='ltr'>eius,</span> <span class='ocrx_word' id='word_1_238' title='bbox 1653 1849 1697 1883; x_wconf 93' lang='lat' dir='ltr'>ut</span> <span class='ocrx_word' id='word_1_239' title='bbox 1730 1843 1880 1894; x_wconf 91' lang='lat' dir='ltr'>Apollo</span> <span class='ocrx_word' id='word_1_240' title='bbox 1912 1841 2078 1893; x_wconf 91' lang='lat' dir='ltr'>Pythius</span> <span class='ocrx_word' id='word_1_241' title='bbox 2110 1843 2220 1894; x_wconf 91' lang='lat' dir='ltr'>apud</span> 
     </span>
     <span class='ocr_line' id='line_1_24' title="bbox 185 1901 2219 1956; baseline 0 -13"><span class='ocrx_word' id='word_1_242' title='bbox 185 1901 365 1943; x_wconf 90' lang='lat' dir='ltr'>Ennium</span> <span class='ocrx_word' id='word_1_243' title='bbox 401 1902 511 1953; x_wconf 88' lang='lat' dir='ltr'>dicit,</span> <span class='ocrx_word' id='word_1_244' title='bbox 544 1902 757 1943; x_wconf 92' lang='lat' dir='ltr'>consilium</span> <span class='ocrx_word' id='word_1_245' title='bbox 791 1911 993 1956; x_wconf 88' lang='lat' dir='ltr'>expetunt,</span> <span class='ocrx_word' id='word_1_246' title='bbox 1030 1918 1112 1944; x_wconf 91' lang='lat' dir='ltr'>non</span> <span class='ocrx_word' id='word_1_247' title='bbox 1152 1904 1289 1944; x_wconf 89' lang='lat' dir='ltr'>salutis</span> <span class='ocrx_word' id='word_1_248' title='bbox 1327 1912 1483 1944; x_wconf 88' lang='lat' dir='ltr'>tanturn</span> <span class='ocrx_word' id='word_1_249' title='bbox 1522 1905 1594 1945; x_wconf 91' lang='lat' dir='ltr'>sed</span> <span class='ocrx_word' id='word_1_250' title='bbox 1631 1904 1752 1945; x_wconf 92' lang='lat' dir='ltr'>etiam</span> <span class='ocrx_word' id='word_1_251' title='bbox 1789 1906 2058 1944; x_wconf 91' lang='lat' dir='ltr'>‘summarum</span> <span class='ocrx_word' id='word_1_252' title='bbox 2089 1918 2219 1944; x_wconf 90' lang='lat' dir='ltr'>rerum</span> 
     </span>
     <span class='ocr_line' id='line_1_25' title="bbox 182 1964 2220 2019; baseline 0 -14"><span class='ocrx_word' id='word_1_253' title='bbox 182 1964 358 2014; x_wconf 81' lang='lat' dir='ltr'>incerti&#39;‚</span> <span class='ocrx_word' id='word_1_254' title='bbox 394 1978 497 2018; x_wconf 92' lang='lat' dir='ltr'>quos</span> <span class='ocrx_word' id='word_1_255' title='bbox 529 1965 679 2018; x_wconf 90' lang='lat' dir='ltr'>incepti</span> <span class='ocrx_word' id='word_1_256' title='bbox 712 1973 842 2007; x_wconf 88' lang='lat' dir='ltr'>certos</span> <span class='ocrx_word' id='word_1_257' title='bbox 878 1970 1191 2019; x_wconf 88' lang='lat' dir='ltr'>‘compotesque</span> <span class='ocrx_word' id='word_1_258' title='bbox 1222 1967 1364 2007; x_wconf 89' lang='lat' dir='ltr'>consili</span> <span class='ocrx_word' id='word_1_259' title='bbox 1398 1967 1615 2008; x_wconf 59' lang='lat' dir='ltr'>dimittitffi.</span> <span class='ocrx_word' id='word_1_260' title='bbox 1675 1969 1782 2018; x_wconf 91' lang='lat' dir='ltr'>Ergo</span> <span class='ocrx_word' id='word_1_261' title='bbox 1815 1967 1954 2016; x_wconf 89' lang='lat' dir='ltr'>virum,</span> <span class='ocrx_word' id='word_1_262' title='bbox 1991 1980 2113 2018; x_wconf 91' lang='lat' dir='ltr'>quem</span> <span class='ocrx_word' id='word_1_263' title='bbox 2151 1974 2220 2006; x_wconf 91' lang='lat' dir='ltr'>aut</span> 
     </span>
     <span class='ocr_line' id='line_1_26' title="bbox 182 2027 2219 2080; baseline 0.001 -11"><span class='ocrx_word' id='word_1_264' title='bbox 182 2027 403 2070; x_wconf 80' lang='lat' dir='ltr'>litterarum</span> <span class='ocrx_word' id='word_1_265' title='bbox 429 2035 500 2070; x_wconf 88' lang='lat' dir='ltr'>aut</span> <span class='ocrx_word' id='word_1_266' title='bbox 528 2028 719 2071; x_wconf 90' lang='lat' dir='ltr'>scientiae</span> <span class='ocrx_word' id='word_1_267' title='bbox 747 2037 816 2071; x_wconf 92' lang='lat' dir='ltr'>aut</span> <span class='ocrx_word' id='word_1_268' title='bbox 845 2030 1071 2071; x_wconf 90' lang='lat' dir='ltr'>medicinae</span> <span class='ocrx_word' id='word_1_269' title='bbox 1097 2031 1305 2071; x_wconf 90' lang='lat' dir='ltr'>doctorem</span> <span class='ocrx_word' id='word_1_270' title='bbox 1333 2030 1541 2072; x_wconf 88' lang='lat' dir='ltr'>nominare</span> <span class='ocrx_word' id='word_1_271' title='bbox 1570 2031 1757 2080; x_wconf 89' lang='lat' dir='ltr'>licuisset,</span> <span class='ocrx_word' id='word_1_272' title='bbox 1778 2031 1874 2072; x_wconf 90' lang='lat' dir='ltr'>iuris</span> <span class='ocrx_word' id='word_1_273' title='bbox 1899 2032 2106 2072; x_wconf 91' lang='lat' dir='ltr'>doctorem</span> <span class='ocrx_word' id='word_1_274' title='bbox 2137 2045 2219 2071; x_wconf 93' lang='lat' dir='ltr'>non</span> 
     </span>
     <span class='ocr_line' id='line_1_27' title="bbox 183 2090 598 2134; baseline 0 -2"><span class='ocrx_word' id='word_1_275' title='bbox 183 2090 386 2134; x_wconf 88' lang='lat' dir='ltr'>immerito</span> <span class='ocrx_word' id='word_1_276' title='bbox 405 2105 598 2133; x_wconf 87' lang='lat' dir='ltr'>creamus.</span> 
     </span>
    </p>

    <p class='ocr_par' dir='ltr' id='par_1_5' title="bbox 184 2155 2218 2323">
     <span class='ocr_line' id='line_1_28' title="bbox 294 2155 2218 2209; baseline 0.002 -14"><span class='ocrx_word' id='word_1_277' title='bbox 294 2155 414 2195; x_wconf 89' lang='lat' dir='ltr'>Duco</span> <span class='ocrx_word' id='word_1_278' title='bbox 444 2156 497 2196; x_wconf 86' lang='lat' dir='ltr'>ad</span> <span class='ocrx_word' id='word_1_279' title='bbox 529 2169 600 2196; x_wconf 90' lang='lat' dir='ltr'>vos</span> <span class='ocrx_word' id='word_1_280' title='bbox 632 2155 857 2196; x_wconf 91' lang='lat' dir='ltr'>medicinae</span> <span class='ocrx_word' id='word_1_281' title='bbox 890 2157 1155 2208; x_wconf 89' lang='lat' dir='ltr'>professorem</span> <span class='ocrx_word' id='word_1_282' title='bbox 1189 2156 1413 2206; x_wconf 90' lang='lat' dir='ltr'>emeritum,</span> <span class='ocrx_word' id='word_1_283' title='bbox 1441 2157 1558 2209; x_wconf 88' lang='lat' dir='ltr'>Regii</span> <span class='ocrx_word' id='word_1_284' title='bbox 1583 2157 1838 2199; x_wconf 88' lang='lat' dir='ltr'>Medicorum</span> <span class='ocrx_word' id='word_1_285' title='bbox 1867 2156 2038 2209; x_wconf 91' lang='lat' dir='ltr'>Collegii</span> <span class='ocrx_word' id='word_1_286' title='bbox 2068 2156 2218 2198; x_wconf 90' lang='lat' dir='ltr'>Londi-</span> 
     </span>
     <span class='ocr_line' id='line_1_29' title="bbox 184 2216 2217 2272; baseline 0.001 -15"><span class='ocrx_word' id='word_1_287' title='bbox 184 2216 334 2258; x_wconf 87' lang='lat' dir='ltr'>niensis</span> <span class='ocrx_word' id='word_1_288' title='bbox 371 2219 607 2270; x_wconf 89' lang='lat' dir='ltr'>praesidem,</span> <span class='ocrx_word' id='word_1_289' title='bbox 653 2218 909 2259; x_wconf 90' lang='lat' dir='ltr'>baronettum</span> <span class='ocrx_word' id='word_1_290' title='bbox 956 2219 1164 2271; x_wconf 89' lang='lat' dir='ltr'>insignem,</span> <span class='ocrx_word' id='word_1_291' title='bbox 1211 2233 1385 2269; x_wconf 89' lang='lat' dir='ltr'>suavem,</span> <span class='ocrx_word' id='word_1_292' title='bbox 1426 2220 1640 2269; x_wconf 91' lang='lat' dir='ltr'>eruditum,</span> <span class='ocrx_word' id='word_1_293' title='bbox 1681 2222 1952 2272; x_wconf 91' lang='lat' dir='ltr'>eloquentem,</span> <span class='ocrx_word' id='word_1_294' title='bbox 1994 2221 2217 2259; x_wconf 74' lang='lat' dir='ltr'>ANDREAM</span> 
     </span>
     <span class='ocr_line' id='line_1_30' title="bbox 185 2281 350 2323; baseline -0.006 0"><span class='ocrx_word' id='word_1_295' title='bbox 185 2281 350 2323; x_wconf 64' lang='lat' dir='ltr'>emax.</span> 
     </span>
    </p>
   </div>
   <div class='ocr_carea' id='block_1_4' title="bbox 182 2420 2218 3041">
    <p class='ocr_par' dir='ltr' id='par_1_6' title="bbox 182 2420 2218 3041">
     <span class='ocr_line' id='line_1_31' title="bbox 293 2420 2218 2476; baseline 0.002 -16"><span class='ocrx_word' id='word_1_296' title='bbox 293 2420 409 2474; x_wconf 87' lang='lat'>(161)</span> <span class='ocrx_word' id='word_1_297' title='bbox 448 2420 582 2461; x_wconf 88' lang='lat' dir='ltr'>Etiam</span> <span class='ocrx_word' id='word_1_298' title='bbox 618 2423 718 2462; x_wconf 90' lang='lat' dir='ltr'>alter</span> <span class='ocrx_word' id='word_1_299' title='bbox 754 2421 985 2473; x_wconf 87' lang='lat' dir='ltr'>Aesculapii</span> <span class='ocrx_word' id='word_1_300' title='bbox 1023 2422 1208 2471; x_wconf 90' lang='lat' dir='ltr'>filiorum,</span> <span class='ocrx_word' id='word_1_301' title='bbox 1243 2421 1467 2463; x_wconf 91' lang='lat' dir='ltr'>Podalirius</span> <span class='ocrx_word' id='word_1_302' title='bbox 1506 2421 1600 2476; x_wconf 91' lang='lat' dir='ltr'>(nisi</span> <span class='ocrx_word' id='word_1_303' title='bbox 1638 2422 1780 2476; x_wconf 89' lang='lat' dir='ltr'>fallor),</span> <span class='ocrx_word' id='word_1_304' title='bbox 1814 2422 1937 2464; x_wconf 90' lang='lat' dir='ltr'>hodie</span> <span class='ocrx_word' id='word_1_305' title='bbox 1974 2421 2092 2462; x_wconf 88' lang='lat' dir='ltr'>nobis</span> <span class='ocrx_word' id='word_1_306' title='bbox 2130 2435 2218 2463; x_wconf 88' lang='lat' dir='ltr'>sese</span> 
     </span>
     <span class='ocr_line' id='line_1_32' title="bbox 183 2484 2215 2539; baseline -0.001 -13"><span class='ocrx_word' id='word_1_307' title='bbox 183 2492 436 2537; x_wconf 75' lang='lat' dir='ltr'>praesentem</span> <span class='ocrx_word' id='word_1_308' title='bbox 455 2484 611 2534; x_wconf 90' lang='lat' dir='ltr'>obtulit,</span> <span class='ocrx_word' id='word_1_309' title='bbox 634 2499 755 2537; x_wconf 92' lang='lat' dir='ltr'>quem</span> <span class='ocrx_word' id='word_1_310' title='bbox 776 2499 800 2526; x_wconf 86' lang='lat' dir='ltr'>a</span> <span class='ocrx_word' id='word_1_311' title='bbox 818 2487 935 2526; x_wconf 90' lang='lat' dir='ltr'>fratre</span> <span class='ocrx_word' id='word_1_312' title='bbox 955 2499 1029 2526; x_wconf 94' lang='lat' dir='ltr'>suo</span> <span class='ocrx_word' id='word_1_313' title='bbox 1048 2485 1199 2526; x_wconf 91' lang='lat' dir='ltr'>idcirco</span> <span class='ocrx_word' id='word_1_314' title='bbox 1219 2485 1445 2538; x_wconf 89' lang='lat' dir='ltr'>disiungere</span> <span class='ocrx_word' id='word_1_315' title='bbox 1466 2499 1598 2538; x_wconf 92' lang='lat' dir='ltr'>neque</span> <span class='ocrx_word' id='word_1_316' title='bbox 1621 2499 1835 2539; x_wconf 88' lang='lat' dir='ltr'>possumus</span> <span class='ocrx_word' id='word_1_317' title='bbox 1862 2499 1994 2537; x_wconf 90' lang='lat' dir='ltr'>neque</span> <span class='ocrx_word' id='word_1_318' title='bbox 2018 2486 2215 2534; x_wconf 90' lang='lat' dir='ltr'>volumus,</span> 
     </span>
     <span class='ocr_line' id='line_1_33' title="bbox 183 2547 2218 2601; baseline 0 -13"><span class='ocrx_word' id='word_1_319' title='bbox 183 2547 356 2600; x_wconf 88' lang='lat' dir='ltr'>primum</span> <span class='ocrx_word' id='word_1_320' title='bbox 386 2549 499 2601; x_wconf 90' lang='lat' dir='ltr'>quod</span> <span class='ocrx_word' id='word_1_321' title='bbox 527 2549 761 2601; x_wconf 87' lang='lat' dir='ltr'>professoris</span> <span class='ocrx_word' id='word_1_322' title='bbox 790 2549 831 2589; x_wconf 93' lang='lat' dir='ltr'>in</span> <span class='ocrx_word' id='word_1_323' title='bbox 861 2563 1026 2590; x_wconf 90' lang='lat' dir='ltr'>munere</span> <span class='ocrx_word' id='word_1_324' title='bbox 1052 2550 1258 2601; x_wconf 89' lang='lat' dir='ltr'>quondam</span> <span class='ocrx_word' id='word_1_325' title='bbox 1288 2556 1371 2589; x_wconf 89' lang='lat' dir='ltr'>erat</span> <span class='ocrx_word' id='word_1_326' title='bbox 1397 2550 1550 2601; x_wconf 89' lang='lat' dir='ltr'>collega</span> <span class='ocrx_word' id='word_1_327' title='bbox 1572 2549 1658 2590; x_wconf 92' lang='lat' dir='ltr'>eius</span> <span class='ocrx_word' id='word_1_328' title='bbox 1684 2548 2047 2597; x_wconf 90' lang='lat' dir='ltr'>coniunctissimus,</span> <span class='ocrx_word' id='word_1_329' title='bbox 2069 2547 2218 2588; x_wconf 89' lang='lat' dir='ltr'>deinde</span> 
     </span>
     <span class='ocr_line' id='line_1_34' title="bbox 183 2610 2218 2663; baseline -0.001 -11"><span class='ocrx_word' id='word_1_330' title='bbox 183 2612 297 2663; x_wconf 90' lang='lat' dir='ltr'>quod</span> <span class='ocrx_word' id='word_1_331' title='bbox 315 2612 416 2652; x_wconf 88' lang='lat' dir='ltr'>forte</span> <span class='ocrx_word' id='word_1_332' title='bbox 435 2613 611 2663; x_wconf 89' lang='lat' dir='ltr'>quadam</span> <span class='ocrx_word' id='word_1_333' title='bbox 632 2613 800 2652; x_wconf 93' lang='lat' dir='ltr'>domum</span> <span class='ocrx_word' id='word_1_334' title='bbox 822 2611 992 2652; x_wconf 91' lang='lat' dir='ltr'>vicinam</span> <span class='ocrx_word' id='word_1_335' title='bbox 1013 2618 1134 2663; x_wconf 89' lang='lat' dir='ltr'>atque</span> <span class='ocrx_word' id='word_1_336' title='bbox 1153 2612 1257 2651; x_wconf 92' lang='lat' dir='ltr'>adeo</span> <span class='ocrx_word' id='word_1_337' title='bbox 1276 2611 1500 2663; x_wconf 87' lang='lat' dir='ltr'>proximam</span> <span class='ocrx_word' id='word_1_338' title='bbox 1520 2611 1670 2658; x_wconf 90' lang='lat' dir='ltr'>incolit,</span> <span class='ocrx_word' id='word_1_339' title='bbox 1693 2611 1870 2663; x_wconf 92' lang='lat' dir='ltr'>denique</span> <span class='ocrx_word' id='word_1_340' title='bbox 1889 2611 2001 2663; x_wconf 92' lang='lat' dir='ltr'>quod</span> <span class='ocrx_word' id='word_1_341' title='bbox 2025 2610 2218 2662; x_wconf 88' lang='lat' dir='ltr'>dignitate</span> 
     </span>
     <span class='ocr_line' id='line_1_35' title="bbox 184 2673 2217 2727; baseline -0.001 -13"><span class='ocrx_word' id='word_1_342' title='bbox 184 2686 267 2716; x_wconf 89' lang='lat' dir='ltr'>non</span> <span class='ocrx_word' id='word_1_343' title='bbox 285 2673 441 2715; x_wconf 89' lang='lat' dir='ltr'>minore</span> <span class='ocrx_word' id='word_1_344' title='bbox 461 2674 643 2727; x_wconf 92' lang='lat' dir='ltr'>Collegio</span> <span class='ocrx_word' id='word_1_345' title='bbox 663 2674 775 2714; x_wconf 91' lang='lat' dir='ltr'>alteri</span> <span class='ocrx_word' id='word_1_346' title='bbox 795 2674 1004 2726; x_wconf 89' lang='lat' dir='ltr'>praesidet,</span> <span class='ocrx_word' id='word_1_347' title='bbox 1027 2673 1098 2714; x_wconf 91' lang='lat' dir='ltr'>ubi</span> <span class='ocrx_word' id='word_1_348' title='bbox 1125 2673 1354 2714; x_wconf 90' lang='lat' dir='ltr'>Britanniae</span> <span class='ocrx_word' id='word_1_349' title='bbox 1381 2673 1552 2726; x_wconf 89' lang='lat' dir='ltr'>chirurgi</span> <span class='ocrx_word' id='word_1_350' title='bbox 1577 2687 1648 2726; x_wconf 91' lang='lat' dir='ltr'>per</span> <span class='ocrx_word' id='word_1_351' title='bbox 1674 2681 1733 2714; x_wconf 92' lang='lat' dir='ltr'>tot</span> <span class='ocrx_word' id='word_1_352' title='bbox 1755 2686 1885 2714; x_wconf 90' lang='lat' dir='ltr'>annos</span> <span class='ocrx_word' id='word_1_353' title='bbox 1912 2673 2024 2725; x_wconf 89' lang='lat' dir='ltr'>quasi</span> <span class='ocrx_word' id='word_1_354' title='bbox 2051 2679 2217 2724; x_wconf 91' lang='lat' dir='ltr'>penates</span> 
     </span>
     <span class='ocr_line' id='line_1_36' title="bbox 182 2735 2216 2790; baseline -0.001 -14"><span class='ocrx_word' id='word_1_355' title='bbox 182 2748 278 2778; x_wconf 87' lang='lat' dir='ltr'>suos</span> <span class='ocrx_word' id='word_1_356' title='bbox 296 2744 527 2790; x_wconf 87' lang='lat' dir='ltr'>posuerunt.</span> <span class='ocrx_word' id='word_1_357' title='bbox 588 2736 818 2778; x_wconf 89' lang='lat' dir='ltr'>Medicinae</span> <span class='ocrx_word' id='word_1_358' title='bbox 843 2736 1031 2777; x_wconf 91' lang='lat' dir='ltr'>studiosis</span> <span class='ocrx_word' id='word_1_359' title='bbox 1058 2743 1155 2777; x_wconf 89' lang='lat' dir='ltr'>nota</span> <span class='ocrx_word' id='word_1_360' title='bbox 1180 2743 1273 2776; x_wconf 92' lang='lat' dir='ltr'>sunt</span> <span class='ocrx_word' id='word_1_361' title='bbox 1297 2736 1443 2789; x_wconf 89' lang='lat' dir='ltr'>scripta</span> <span class='ocrx_word' id='word_1_362' title='bbox 1468 2736 1554 2777; x_wconf 92' lang='lat' dir='ltr'>eius</span> <span class='ocrx_word' id='word_1_363' title='bbox 1580 2750 1650 2789; x_wconf 91' lang='lat' dir='ltr'>per</span> <span class='ocrx_word' id='word_1_364' title='bbox 1677 2736 1819 2777; x_wconf 90' lang='lat' dir='ltr'>seriem</span> <span class='ocrx_word' id='word_1_365' title='bbox 1846 2737 2007 2787; x_wconf 91' lang='lat' dir='ltr'>longam</span> <span class='ocrx_word' id='word_1_366' title='bbox 2034 2735 2153 2785; x_wconf 90' lang='lat' dir='ltr'>edita,</span> <span class='ocrx_word' id='word_1_367' title='bbox 2175 2735 2216 2775; x_wconf 93' lang='lat' dir='ltr'>in</span> 
     </span>
     <span class='ocr_line' id='line_1_37' title="bbox 182 2797 2214 2852; baseline -0.001 -13"><span class='ocrx_word' id='word_1_368' title='bbox 182 2798 330 2851; x_wconf 88' lang='lat' dir='ltr'>quibus</span> <span class='ocrx_word' id='word_1_369' title='bbox 348 2812 439 2851; x_wconf 88' lang='lat' dir='ltr'>pars</span> <span class='ocrx_word' id='word_1_370' title='bbox 459 2812 507 2841; x_wconf 88' lang='lat' dir='ltr'>ea</span> <span class='ocrx_word' id='word_1_371' title='bbox 528 2798 752 2840; x_wconf 89' lang='lat' dir='ltr'>medicinae</span> <span class='ocrx_word' id='word_1_372' title='bbox 772 2812 876 2852; x_wconf 91' lang='lat' dir='ltr'>quae</span> <span class='ocrx_word' id='word_1_373' title='bbox 896 2812 1018 2839; x_wconf 90' lang='lat' dir='ltr'>manu</span> <span class='ocrx_word' id='word_1_374' title='bbox 1038 2806 1150 2839; x_wconf 90' lang='lat' dir='ltr'>curat</span> <span class='ocrx_word' id='word_1_375' title='bbox 1169 2798 1394 2847; x_wconf 90' lang='lat' dir='ltr'>illustratur,</span> <span class='ocrx_word' id='word_1_376' title='bbox 1413 2805 1452 2838; x_wconf 91' lang='lat' dir='ltr'>et</span> <span class='ocrx_word' id='word_1_377' title='bbox 1466 2798 1685 2839; x_wconf 88' lang='lat' dir='ltr'>litterarum</span> <span class='ocrx_word' id='word_1_378' title='bbox 1703 2797 1976 2839; x_wconf 90' lang='lat' dir='ltr'>monumentis</span> <span class='ocrx_word' id='word_1_379' title='bbox 1992 2798 2214 2838; x_wconf 88' lang='lat' dir='ltr'>mandatur.</span> 
     </span>
     <span class='ocr_line' id='line_1_38' title="bbox 182 2861 2217 2915; baseline -0.002 -11"><span class='ocrx_word' id='word_1_380' title='bbox 182 2863 330 2915; x_wconf 90' lang='lat' dir='ltr'>Neque</span> <span class='ocrx_word' id='word_1_381' title='bbox 349 2863 506 2904; x_wconf 89' lang='lat' dir='ltr'>silentio</span> <span class='ocrx_word' id='word_1_382' title='bbox 526 2863 738 2915; x_wconf 89' lang='lat' dir='ltr'>praeterire</span> <span class='ocrx_word' id='word_1_383' title='bbox 757 2876 972 2914; x_wconf 90' lang='lat' dir='ltr'>possumus</span> <span class='ocrx_word' id='word_1_384' title='bbox 992 2876 1272 2915; x_wconf 88' lang='lat' dir='ltr'>quaecumque</span> <span class='ocrx_word' id='word_1_385' title='bbox 1293 2864 1344 2903; x_wconf 93' lang='lat' dir='ltr'>de</span> <span class='ocrx_word' id='word_1_386' title='bbox 1364 2861 1595 2914; x_wconf 88' lang='lat' dir='ltr'>pathologia</span> <span class='ocrx_word' id='word_1_387' title='bbox 1607 2861 1849 2914; x_wconf 89' lang='lat' dir='ltr'>praesertim,</span> <span class='ocrx_word' id='word_1_388' title='bbox 1867 2874 1989 2913; x_wconf 92' lang='lat' dir='ltr'>quam</span> <span class='ocrx_word' id='word_1_389' title='bbox 2010 2861 2217 2912; x_wconf 91' lang='lat' dir='ltr'>quondam</span> 
     </span>
     <span class='ocr_line' id='line_1_39' title="bbox 182 2922 2218 2977; baseline -0 -14"><span class='ocrx_word' id='word_1_390' title='bbox 182 2925 454 2976; x_wconf 88' lang='lat' dir='ltr'>profitebatur,</span> <span class='ocrx_word' id='word_1_391' title='bbox 484 2924 780 2966; x_wconf 90' lang='lat' dir='ltr'>accuratissime</span> <span class='ocrx_word' id='word_1_392' title='bbox 815 2925 995 2977; x_wconf 79' lang='lat' dir='ltr'>scripsit3</span> <span class='ocrx_word' id='word_1_393' title='bbox 1035 2924 1185 2965; x_wconf 92' lang='lat' dir='ltr'>scilicet</span> <span class='ocrx_word' id='word_1_394' title='bbox 1217 2932 1386 2965; x_wconf 89' lang='lat' dir='ltr'>mortem</span> <span class='ocrx_word' id='word_1_395' title='bbox 1421 2924 1560 2977; x_wconf 89' lang='lat' dir='ltr'>ipsam,</span> <span class='ocrx_word' id='word_1_396' title='bbox 1591 2937 1694 2976; x_wconf 92' lang='lat' dir='ltr'>quae</span> <span class='ocrx_word' id='word_1_397' title='bbox 1723 2924 1809 2964; x_wconf 89' lang='lat' dir='ltr'>aliis</span> <span class='ocrx_word' id='word_1_398' title='bbox 1838 2931 1954 2972; x_wconf 89' lang='lat' dir='ltr'>tacet,</span> <span class='ocrx_word' id='word_1_399' title='bbox 1987 2922 2081 2963; x_wconf 91' lang='lat' dir='ltr'>huic</span> <span class='ocrx_word' id='word_1_400' title='bbox 2109 2923 2218 2962; x_wconf 88' lang='lat' dir='ltr'>velut</span> 
     </span>
     <span class='ocr_line' id='line_1_40' title="bbox 183 2987 2218 3041; baseline -0.001 -13"><span class='ocrx_word' id='word_1_401' title='bbox 183 2999 316 3029; x_wconf 86' lang='lat' dir='ltr'>rerum</span> <span class='ocrx_word' id='word_1_402' title='bbox 348 2996 513 3030; x_wconf 86' lang='lat' dir='ltr'>naturae</span> <span class='ocrx_word' id='word_1_403' title='bbox 545 2989 625 3030; x_wconf 90' lang='lat' dir='ltr'>vati</span> <span class='ocrx_word' id='word_1_404' title='bbox 658 2997 698 3030; x_wconf 90' lang='lat' dir='ltr'>et</span> <span class='ocrx_word' id='word_1_405' title='bbox 730 2988 935 3041; x_wconf 90' lang='lat' dir='ltr'>interpreti</span> <span class='ocrx_word' id='word_1_406' title='bbox 968 2996 1127 3029; x_wconf 86' lang='lat' dir='ltr'>constat</span> <span class='ocrx_word' id='word_1_407' title='bbox 1159 3002 1246 3029; x_wconf 90' lang='lat' dir='ltr'>esse</span> <span class='ocrx_word' id='word_1_408' title='bbox 1279 2990 1548 3040; x_wconf 90' lang='lat' dir='ltr'>eloquentem.</span> <span class='ocrx_word' id='word_1_409' title='bbox 1608 2989 1753 3040; x_wconf 92' lang='lat' dir='ltr'>Neque</span> <span class='ocrx_word' id='word_1_410' title='bbox 1786 3001 1946 3039; x_wconf 90' lang='lat' dir='ltr'>prorsus</span> <span class='ocrx_word' id='word_1_411' title='bbox 1980 2987 2130 3027; x_wconf 87' lang='lat' dir='ltr'>intacta</span> <span class='ocrx_word' id='word_1_412' title='bbox 2163 2999 2218 3025; x_wconf 92' lang='lat' dir='ltr'>re-</span> 
     </span>
    </p>
   </div>
   <div class='ocr_carea' id='block_1_5' title="bbox 183 3081 2214 3172">
    <p class='ocr_par' dir='ltr' id='par_1_7' title="bbox 183 3081 2214 3172">
     <span class='ocr_line' id='line_1_41' title="bbox 268 3081 2214 3130; baseline -0.001 -14"><span class='ocrx_word' id='word_1_413' title='bbox 268 3081 280 3102; x_wconf 82' lang='lat'>²</span> <span class='ocrx_word' id='word_1_414' title='bbox 303 3083 381 3126; x_wconf 81' lang='lat' dir='ltr'>Life</span> <span class='ocrx_word' id='word_1_415' title='bbox 393 3084 562 3127; x_wconf 80' lang='lat' dir='ltr'>ofPusey,</span> <span class='ocrx_word' id='word_1_416' title='bbox 584 3088 744 3130; x_wconf 84' lang='lat'>1893-97.</span> <span class='ocrx_word' id='word_1_417' title='bbox 895 3084 910 3105; x_wconf 75' lang='lat'><strong>²</strong></span> <span class='ocrx_word' id='word_1_418' title='bbox 932 3086 1061 3125; x_wconf 79' lang='lat' dir='ltr'>Isaialz,</span> <span class='ocrx_word' id='word_1_419' title='bbox 1081 3085 1139 3118; x_wconf 89' lang='lat' dir='ltr'>lxii</span> <span class='ocrx_word' id='word_1_420' title='bbox 1156 3084 1188 3118; x_wconf 94' lang='lat'>6.</span> <span class='ocrx_word' id='word_1_421' title='bbox 1321 3084 1337 3106; x_wconf 78' lang='lat'>³</span> <span class='ocrx_word' id='word_1_422' title='bbox 1358 3085 1414 3117; x_wconf 88' lang='lat' dir='ltr'>W.</span> <span class='ocrx_word' id='word_1_423' title='bbox 1433 3086 1472 3118; x_wconf 91' lang='lat' dir='ltr'>E.</span> <span class='ocrx_word' id='word_1_424' title='bbox 1484 3085 1684 3118; x_wconf 80' lang='lat' dir='ltr'>Gladstone.</span> <span class='ocrx_word' id='word_1_425' title='bbox 1730 3085 1787 3118; x_wconf 90' lang='lat' dir='ltr'>On</span> <span class='ocrx_word' id='word_1_426' title='bbox 1804 3085 1929 3119; x_wconf 86' lang='lat' dir='ltr'>Nestor</span> <span class='ocrx_word' id='word_1_427' title='bbox 1944 3084 2012 3117; x_wconf 84' lang='lat' dir='ltr'>and</span> <span class='ocrx_word' id='word_1_428' title='bbox 2030 3083 2214 3122; x_wconf 89' lang='lat' dir='ltr'>Machaon,</span> 
     </span>
     <span class='ocr_line' id='line_1_42' title="bbox 183 3127 1571 3172; baseline 0.002 -14"><span class='ocrx_word' id='word_1_429' title='bbox 183 3136 236 3168; x_wconf 88' lang='lat' dir='ltr'>ep.</span> <span class='ocrx_word' id='word_1_430' title='bbox 256 3127 359 3166; x_wconf 82' lang='lat' dir='ltr'>Iliad,</span> <span class='ocrx_word' id='word_1_431' title='bbox 379 3128 411 3160; x_wconf 87' lang='lat' dir='ltr'>xi</span> <span class='ocrx_word' id='word_1_432' title='bbox 430 3138 590 3169; x_wconf 80' lang='lat'><strong>510·5²0·</strong></span> <span class='ocrx_word' id='word_1_433' title='bbox 725 3129 739 3150; x_wconf 82' lang='lat'><strong>⁴</strong></span> <span class='ocrx_word' id='word_1_434' title='bbox 761 3129 891 3170; x_wconf 85' lang='lat' dir='ltr'>Cicero,</span> <span class='ocrx_word' id='word_1_435' title='bbox 911 3131 964 3162; x_wconf 83' lang='lat' dir='ltr'>De</span> <span class='ocrx_word' id='word_1_436' title='bbox 982 3131 1129 3168; x_wconf 62' lang='lat' dir='ltr'>Orraon,</span> <span class='ocrx_word' id='word_1_437' title='bbox 1151 3129 1160 3161; x_wconf 86' lang='lat' dir='ltr'>i</span> <span class='ocrx_word' id='word_1_438' title='bbox 1178 3128 1230 3162; x_wconf 82' lang='lat'>62.</span> <span class='ocrx_word' id='word_1_439' title='bbox 1368 3128 1382 3147; x_wconf 84' lang='lat'><em>⁶</em></span> <span class='ocrx_word' id='word_1_440' title='bbox 1405 3129 1447 3162; x_wconf 84' lang='lat' dir='ltr'>ib.</span> <span class='ocrx_word' id='word_1_441' title='bbox 1468 3129 1478 3161; x_wconf 91' lang='lat' dir='ltr'>i</span> <span class='ocrx_word' id='word_1_442' title='bbox 1500 3139 1571 3172; x_wconf 89' lang='lat'>¹99·</span> 
     </span>
    </p>
   </div>
   <div class='ocr_carea' id='block_1_6' title="bbox 294 3204 2102 3240">
    <p class='ocr_par' dir='ltr' id='par_1_8' title="bbox 294 3204 2102 3240">
     <span class='ocr_line' id='line_1_43' title="bbox 294 3204 2102 3240; baseline -0.001 -1"><span class='ocrx_word' id='word_1_443' title='bbox 294 3210 326 3239; x_wconf 87' lang='lat' dir='ltr'>S.</span> <span class='ocrx_word' id='word_1_444' title='bbox 349 3211 377 3238; x_wconf 86' lang='lat' dir='ltr'>S.</span> <span class='ocrx_word' id='word_1_445' title='bbox 1165 3204 1210 3240; x_wconf 89' lang='lat'>81</span> <span class='ocrx_word' id='word_1_446' title='bbox 2060 3213 2102 3237; x_wconf 82' lang='lat'>11</span> 
     </span>
    </p>
   </div>
  </div>
 </body>
</html>
