2704 3770
767 307 827 372 J.
851 307 909 372 J.
952 308 1213 372 Sylvester.
1287 308 1438 356 Alex.
1473 309 1532 374 J.
1572 310 1722 359 Ellis.

232 451 388 504 aquilas
406 464 498 492 suas
517 451 652 492 felices
672 451 761 492 tulit
777 454 784 491 1
844 451 955 502 Quid
975 452 1008 491 si
1027 465 1110 491 non
1132 450 1258 502 (velut
1277 453 1376 492 alter
1395 451 1461 492 ille
1481 465 1603 503 quem
1623 452 1745 492 hodie
1770 455 2262 508 expectabamus)—quid‚

230 513 409 566 inquam,
428 513 462 558 si
476 526 559 554 non
573 517 583 536 ‘
597 527 748 554 nomen
762 514 815 554 ab
835 513 971 554 Africa
989 515 1164 553 lucratus
1185 513 1302 554 rediit
1315 514 1353 562 '¹,
1369 520 1505 553 tamen
1526 515 1666 554 laudes
1686 514 1771 554 eius
1794 517 1936 555 Musae
1949 517 2082 556 nullae
2100 520 2109 537 ‘
2121 517 2264 557 clarius

230 575 432 616 indicant.
456 606 483 624 .,
500 589 623 627 quam
643 575 838 617 Calabrae
854 575 1042 625 Pierides,
1059 588 1192 627 neque
1212 575 1244 615 si
1264 576 1425 616 chartae
1441 582 1599 615 taceant
1619 578 1731 627 quod
1751 577 1855 617 bene
1875 577 2014 617 feceris
2035 580 2263 618 mercedem

230 638 418 680 tuleris’2.
478 638 628 679 Audite
646 637 764 691 igitur
783 638 916 690 ipsum
937 639 1115 679 Ennium
1136 638 1208 679 viri
1227 638 1396 679 huiusce
1415 641 1630 691 praeconia
1650 640 1966 693 praesagientem
1985 657 2048 681 :—

1298 714 1307 732 ‘
1320 712 1475 760 doctus,
1507 712 1648 762 fidelis,

693 766 823 807 suavis
852 767 988 815 homo,
1019 768 1228 816 facundus,
1259 780 1333 806 suo
1361 773 1587 816 contentus,
1619 767 1773 816 beatus,

692 821 827 869 scitus,
858 823 1037 862 secunda
1064 823 1235 873 loquens
1265 821 1306 861 in
1336 828 1567 873 tempore...

693 877 819 916 multa
846 883 989 916 tenens
1018 876 1235 928 antiqua’³.

340 953 460 993 Duco
478 952 531 992 ad
550 964 621 992 vos
640 951 767 991 virum
788 952 840 992 de
860 950 1108 1003 antiquitatis
1128 950 1270 991 studiis
1290 952 1491 1003 praeclare
1511 952 1709 1001 meritum,
1734 954 1939 992 ΙΟΑΝΝΕΜ
1962 954 2120 993 EvANs.

337 1070 453 1126 (164)
482 1074 576 1112 Plus
599 1085 722 1124 quam
748 1079 826 1113 tres
850 1080 890 1114 et
916 1073 1207 1126 quinquaginta
1232 1073 1328 1114 anni
1354 1074 1628 1122 interfuerunt,
1651 1088 1699 1115 ex
1725 1088 1807 1126 quo
1830 1075 2076 1115 Academiae
2102 1083 2261 1117 nostrae

226 1133 330 1176 inter
357 1134 474 1175 silvas
501 1136 740 1176 adulescens
769 1135 934 1188 quidem
963 1136 1130 1182 errabat,
1157 1136 1297 1188 populi
1326 1136 1426 1176 sacri
1454 1136 1734 1188 antiquissima
1762 1136 1883 1188 stirpe
1912 1136 2118 1186 oriundus,
2147 1138 2261 1179 cuius

226 1189 397 1238 maiores
426 1197 567 1247 ultimi,
600 1197 774 1250 primum
809 1198 1108 1239 Chaldaeorum
1142 1200 1183 1238 in
1217 1198 1381 1250 campis,
1419 1198 1567 1239 deinde
1607 1199 1831 1239 Palestinae
1865 1198 1905 1238 in
1944 1198 2124 1248 collibus,
2161 1201 2261 1240 caeli

226 1259 413 1300 nocturni
427 1261 561 1301 stellas
577 1260 899 1309 innumerabiles,
915 1260 1036 1312 prolis
1052 1262 1207 1301 futurae
1222 1263 1331 1302 velut
1346 1261 1562 1313 imaginem
1578 1262 1823 1310 referentes⁴¹‚
1841 1274 1924 1301 non
1940 1261 2025 1301 sine
2041 1262 2260 1303 reverentia

224 1323 399 1374 quadam
429 1322 711 1376 suspiciebant.
783 1325 877 1375 Ipse
906 1337 1165 1365 numerorum
1194 1324 1336 1376 peritia
1363 1326 1600 1375 praeclarus,
1629 1324 1803 1376 primum
1833 1324 1935 1364 inter
1965 1324 2259 1365 Londinienses

225 1385 472 1426 Academiae
493 1393 653 1426 nostrae
676 1386 809 1426 studia
831 1386 1046 1439 praecipua
1069 1387 1217 1439 ingenii
1244 1387 1305 1427 sui
1333 1388 1486 1428 lumine
1515 1388 1746 1429 illustrabat.
1807 1391 1953 1429 Postea
1977 1396 2084 1429 trans
2109 1402 2260 1440 aequor

226 1447 472 1489 Atlanticum
500 1451 590 1501 plus
617 1462 739 1500 quam
768 1450 891 1489 semel
918 1450 1139 1490 honorifice
1168 1458 1344 1500 vocatus,
1366 1451 1551 1491 fratribus
1581 1452 1726 1492 nostris
1753 1452 2024 1492 transmarinis
2052 1453 2260 1493 doctrinae

226 1513 534 1554 mathematicae
581 1515 710 1554 facem
752 1515 1029 1565 praeferebat¹⁵.
1104 1517 1245 1567 Nuper
1282 1515 1515 1567 professoris
1556 1516 1721 1568 insignis
1759 1516 1799 1555 in
1843 1518 1978 1556 locum
2016 1517 2178 1563 electus,
2219 1522 2259 1556 et

225 1573 455 1616 Britanniae
486 1588 569 1615 non
599 1574 685 1615 sine
713 1576 832 1616 laude
866 1576 1058 1626 redditus,
1089 1577 1130 1616 in
1162 1577 1383 1617 Academia
1417 1577 1636 1618 Oxoniensi
1669 1578 1858 1619 scientiae
1892 1579 2094 1617 flammam
2129 1577 2258 1618 indies

223 1636 431 1678 clariorem
451 1637 625 1678 excitat⁰.
685 1638 947 1690 Ubicumque
973 1639 1136 1689 incedit,
1158 1642 1342 1692 exemplo
1363 1653 1436 1680 suo
1461 1653 1566 1679 nova
1586 1641 1717 1681 studia
1737 1655 1895 1692 semper
1913 1639 2107 1680 accendit.
2168 1640 2258 1681 Sive

223 1711 482 1740 numerorum
502 1699 659 1750 θεωρίαν
677 1700 859 1752 explicat,
880 1701 963 1741 sive
987 1702 1244 1742 Geometriae
1268 1701 1498 1742 recentioris
1523 1703 1714 1743 terminos
1739 1703 1929 1751 extendit,
1952 1702 2034 1742 sive
2063 1702 2172 1754 regni
2197 1703 2258 1743 sui

224 1763 331 1804 velut
358 1763 400 1804 in
432 1777 534 1816 puro
564 1765 677 1804 caelo
707 1764 888 1817 regiones
917 1765 1025 1817 prius
1054 1765 1320 1816 inexploratas
1353 1773 1537 1817 perrerat,
1573 1766 1763 1806 scientiae
1797 1780 1892 1806 suae
1926 1765 2028 1806 inter
2058 1765 2258 1818 principes

223 1825 374 1878 ubique
420 1826 674 1879 conspicitur.
743 1828 951 1867 Nonnulla
998 1841 1101 1879 quae
1149 1829 1371 1868 Newtonus
1419 1835 1564 1876 noster,
1614 1842 1718 1879 quae
1767 1828 2003 1875 Fresnelius,
2054 1827 2255 1876 Iacobius,

222 1888 431 1938 Sturmius‚
470 1888 548 1937 alii,
589 1888 823 1941 imperfecta
860 1890 1116 1942 reliquerunt,
1155 1892 1352 1942 Sylvester
1390 1897 1525 1930 noster
1562 1897 1631 1929 aut
1669 1890 1887 1942 elegantius
1926 1888 2146 1942 explicavit,
2189 1898 2258 1930 aut

219 1952 464 2004 argumentis
490 1953 591 1993 veris
617 1953 905 2006 comprobavit.
965 1955 1100 2004 Quam
1126 1954 1256 2006 parvis
1282 1954 1334 1994 ab
1357 1953 1479 1993 initiis
1505 1962 1739 2005 argumenta
1765 1967 1887 2006 quam
1915 1967 2060 2006 magna
2085 1953 2232 1993 evolvit
2245 1969 2256 2004 3

220 2015 408 2068 quotiens
433 2030 496 2057 res
521 2017 630 2069 prius
652 2018 810 2058 abditas
840 2018 1058 2070 exprimere
1086 2026 1265 2067 conatus,
1288 2031 1513 2057 sermonem
1541 2024 1721 2056 nostrum
1751 2017 1901 2066 ditavit,
1925 2026 1964 2057 et
1993 2030 2097 2056 nova
2125 2030 2256 2056 rerum

219 2079 386 2120 nomina
422 2081 614 2120 audacter
650 2081 814 2133 protulit
831 2082 859 2120 1⁷
914 2083 1012 2121 Arte
1051 2080 1159 2132 quali
1193 2093 1451 2120 numerorum
1490 2081 1596 2131 leges
1628 2093 1711 2119 non
1751 2080 1875 2119 modo
1913 2078 2042 2131 poetis
2081 2078 2255 2130 antiquis

217 2140 525 2194 interpretandis
544 2144 617 2184 sed
636 2143 758 2184 etiam
777 2143 1022 2184 carminibus
1043 2143 1156 2183 novis
1177 2142 1400 2195 pangendis
1426 2143 1711 2182 accommodat
1727 2141 1756 2181 ΞΘ
1812 2143 1958 2193 Neque
1978 2141 2107 2182 surdis
2135 2142 2253 2191 canit,

218 2205 292 2246 sed
330 2208 598 2259 ‘respondent
628 2207 764 2248 omnia
797 2208 970 2255 silvae'9,
1002 2206 1035 2246 si
1069 2207 1244 2258 quando,
1275 2206 1378 2246 inter
1411 2219 1541 2245 rerum
1575 2205 1799 2257 graviorum
1838 2218 1964 2254 curas,
1995 2204 2083 2245 aevi
2114 2204 2254 2256 prioris

219 2275 399 2321 pastores
426 2272 661 2320 aemulatus,

711 2345 960 2386 ‘Silvestrem
990 2344 1101 2385 tenui
1130 2358 1286 2384 musam
1316 2344 1533 2384 meditatur
1561 2345 1753 2384 avena'10.

330 2421 448 2460 Duco
476 2421 529 2460 ad
557 2433 628 2460 vos
657 2420 827 2472 Collegii
857 2420 950 2459 Divi
980 2419 1146 2460 Ioannis
1172 2419 1346 2468 Socium,
1375 2419 1494 2459 trium
1520 2419 1639 2459 simul
1665 2418 1976 2459 Academiarum
2004 2420 2250 2467 Senatorem‚

218 2488 407 2534 quattuor
425 2482 618 2535 deinceps
636 2481 947 2523 Academiarum
970 2483 1252 2528 Professorem‚
1277 2483 1474 2522 IACOBUM
1497 2483 1723 2522 IOSEPHUM
1745 2483 1999 2521 SvLVESTER.

326 2614 443 2668 (165)
490 2616 653 2658 Claudit
700 2617 842 2658 seriem
886 2616 956 2656 viri
995 2616 1177 2656 eiusdem
1220 2616 1409 2667 aequalis,
1450 2615 1519 2666 qui
1559 2615 1766 2655 doctrinae
1804 2613 2039 2654 rudimentis
2077 2613 2250 2666 primum

217 2677 412 2730 Salopiae,
445 2678 593 2719 deinde
632 2681 800 2729 Etonae,
837 2679 1013 2731 denique
1046 2678 1252 2718 Trinitatis
1287 2677 1328 2717 in
1367 2677 1550 2729 Collegio
1590 2677 1763 2717 maximo
1802 2676 1991 2724 imbutus,
2027 2677 2170 2716 eadem
2210 2676 2250 2715 in

216 2740 439 2782 Academia
457 2740 586 2782 isdem
607 2755 629 2782 e
655 2742 797 2782 studiis
820 2744 997 2782 lauream
1023 2755 1137 2781 suam
1161 2740 1330 2792 primam
1357 2740 1582 2792 reportavit.
1641 2741 1720 2780 Sed
1747 2753 1798 2779 ne
1824 2738 1886 2778 his
1912 2737 2075 2789 quidem
2103 2738 2250 2778 finibus

216 2810 441 2853 contentus,
459 2802 579 2844 etiam
601 2803 772 2844 musices
788 2803 974 2856 mysteria
988 2810 1256 2855 perscrutatus
1272 2803 1375 2851 estu,
1390 2810 1429 2842 et
1445 2801 1686 2854 philologiae
1702 2800 1948 2853 provinciam
1964 2799 2058 2839 satis
2073 2800 2248 2851 amplam

216 2865 293 2906 sibi
311 2865 537 2907 vindicavit.
598 2867 761 2917 Quanta
789 2865 1081 2919 perseverantia
1106 2865 1225 2906 etiam
1252 2872 1392 2905 contra
1417 2863 1765 2913 consuetudinem,
1787 2870 1831 2903 ut
1858 2862 2096 2912 Quintiliani
2119 2862 2249 2902 verbis

304 2956 316 2978 ¹
341 2959 391 2991 H.
407 2959 457 2991 M.
474 2959 625 3002 Stanley‚
644 2972 700 2993 no.
722 2959 782 2994 166
798 2960 904 3003 infra.
1028 2959 1043 2980 ²
1067 2961 1213 2999 Horace,
1237 2961 1350 2993 Carm.
1371 2960 1403 2992 iv
1420 2962 1451 3000 8,
1475 2970 1590 3003 19-22.
1719 2958 1732 2978 ³
1757 2958 1896 2998 Ennius,
1915 2969 1970 3000 ap.
1987 2957 2136 2991 Gellium
2152 2958 2198 2992 xii
2214 2970 2247 3000 4.

215 2999 230 3022 ⁴
255 3002 396 3040 Genesis,
413 3013 456 3035 xv
474 3013 504 3044 5.
586 3004 600 3025 ⁵
625 3005 819 3048 University
834 3005 873 3037 of
884 3005 1047 3048 Virginia‚
1063 3006 1188 3045 1841-5
1203 3016 1213 3044 3
1234 3004 1342 3046 Johns
1360 3003 1522 3046 Hopkins
1540 3003 1693 3042 Univer.,
1713 3004 1873 3044 1877-83.
2014 3001 2028 3022 ⁶
2052 3002 2246 3035 Succeeded

218 3045 311 3088 1-1.J.
329 3046 365 3079 S.
382 3046 492 3079 Smith
509 3057 546 3079 as
562 3048 711 3081 Savilian
728 3049 909 3086 Professor,
931 3050 1092 3092 1883-97.
1248 3047 1261 3068 ⁷
1286 3047 1375 3080 Prof.
1395 3047 1522 3111 Cayleg
1538 3047 1571 3079 in
1589 3047 1732 3086 Nature,
1753 3057 1771 3087 3
1785 3047 1863 3089 Jan.
1885 3047 1980 3089 1889.
2138 3045 2153 3066 ⁸
2180 3047 2249 3079 The

215 3089 318 3122 Laws
331 3089 372 3132 of
388 3090 490 3128 Versa,
510 3092 617 3133 18703
640 3093 757 3135 Eagle,
775 3093 830 3125 xiv
849 3103 922 3134 251,
940 3104 983 3125 xv
1002 3103 1075 3133 251,
1092 3092 1147 3124 xix
1165 3091 1224 3124 601
1242 3092 1263 3129 f,
1282 3091 1358 3133 604.
1540 3091 1660 3133 Vir-gil,
1679 3090 1755 3123 Ecl.
1773 3101 1793 3122 x
1815 3091 1846 3122 8.
1980 3088 2007 3110 ¹⁰
2030 3089 2071 3123 ib.
2090 3090 2165 3122 Ecl.
2182 3091 2193 3123 i
2210 3101 2240 3124 2.

216 3130 242 3152 ¹¹
269 3133 394 3176 Papers
408 3144 453 3166 on
470 3135 614 3168 Musical
633 3136 728 3169 Pitch
745 3137 938 3178 (1877-80)‚
959 3137 1104 3169 Musical
1121 3136 1236 3170 Scales
1252 3135 1380 3178 (1885),
1393 3140 1458 3168 etc.

1211 3211 1261 3260 83
2006 3221 2021 3245 1
2034 3220 2133 3245 1-—2
