2704 3770
663 291 718 340 A
724 292 879 340 rtlzur
913 291 958 341 C
955 293 1105 356 ayley.
1169 291 1313 358 Jolzn
1353 292 1514 341 Couclc
1549 294 1604 342 A
1609 294 1762 343 dams.

201 442 345 485 Martis
363 441 532 483 fulmina
549 441 617 482 illa
634 440 809 494 antiquis
828 440 965 492 ignota
983 453 1104 492 quam
1125 439 1367 480 familiariter
1380 446 1546 488 tractat3
1574 440 1779 491 pulverem
1794 439 1907 480 illum
1927 441 2231 482 formidulosum

200 519 284 560 quo
321 506 490 546 Bellona
525 506 684 558 gaudet,
725 511 825 556 quot
862 502 1143 556 experimentis
1181 511 1297 543 vexat
1310 518 1321 552 3
1361 516 1484 555 quam
1522 502 1799 543 admirabilem
1838 503 1879 543 in
1919 506 2085 545 modum
2124 507 2231 545 velut

200 570 414 622 Olympius
442 568 510 609 ille
534 567 824 621 Aristophanis,
852 568 1033 619 fulgurat,
1063 574 1186 614 tonat,
1217 565 1355 606 omnia
1380 565 1623 618 permiscet1.
1682 565 1808 617 Atqui
1837 579 1918 606 non
1950 567 2081 608 minus
2109 581 2231 620 quam

199 630 372 673 Pericles
396 630 463 672 ille
488 630 760 680 Atheniensis,
779 629 849 682 qui
875 637 934 670 tot
959 629 1179 670 insularum
1208 628 1420 680 imperium
1448 627 1598 668 civitati
1626 641 1721 668 suae
1750 628 1987 677 conciliavit,
2018 629 2120 670 inter
2146 630 2232 682 ipsa

199 693 375 736 tonitrua
405 693 519 735 audit
549 700 610 735 tot
642 692 891 734 coloniarum
923 691 1240 732 Britannicarum
1272 705 1355 731 uno
1393 690 1434 730 in
1465 689 1634 742 imperio
1668 689 1973 730 coniunctarum
2004 705 2156 738 vocem.
2191 700 2231 733 et

199 757 359 799 illorum
382 756 559 798 consiliis
586 770 660 809 pro
685 755 785 797 virili
813 763 926 808 parte
947 755 1165 808 opitulatur
1193 754 1262 807 qui
1287 754 1328 794 in
1358 754 1444 806 ipsa
1471 753 1708 804 μητροπόλει
1735 753 1880 794 artium
1908 762 1948 795 et
1977 755 2230 796 scientiarum

200 820 396 873 templum
425 821 634 872 quoddam
659 817 827 871 imperio
850 825 964 858 tanto
993 817 1160 870 dignum
1187 829 1421 857 consecrare
1444 816 1686 856 voluerunt2.
1744 816 1904 869 Templi
1931 816 2034 857 illius
2058 832 2080 858 e
2109 831 2233 858 sacer-

199 882 364 924 dotibus
382 896 520 931 unum,
542 882 656 923 cuius
674 889 909 934 praeceptor
928 894 1062 922 coram
1085 880 1269 932 Principe
1289 887 1426 920 nostro
1446 879 1487 919 in
1507 881 1586 919 hoc
1605 881 1795 920 senaculo
1815 882 2022 932 quondam
2046 882 2231 922 laudatus

197 944 290 995 ew,
311 945 435 987 hodie
453 959 588 986 coram
609 946 766 994 eodem,
783 945 922 997 templi
941 944 1046 984 illius
1065 944 1247 996 praeside
1261 943 1538 993 illustrissimo,
1555 943 1672 984 titulo
1692 952 1830 985 nostro
1844 944 2015 985 libenter
2028 959 2229 986 ornamus.

910 1026 1025 1061 ‘sunt
1054 1020 1120 1061 hic
1149 1020 1270 1061 etiam
1299 1033 1371 1060 sua
1399 1019 1577 1072 praemia
1604 1019 1738 1070 laudi;

608 1083 702 1117 sunt
729 1075 916 1116 lacrimae
945 1089 1076 1116 rerum
1105 1083 1145 1116 et
1174 1082 1352 1115 mentem
1380 1074 1563 1115 mortalia
1590 1075 1811 1127 tangunt'⁴.

309 1153 430 1193 Duco
454 1153 507 1194 ad
533 1165 604 1193 vos
631 1150 858 1193 Hofmanni
884 1150 1140 1203 discipulum,
1164 1148 1331 1190 Faradai
1354 1162 1638 1198 successorem,
1667 1151 1700 1189 F
1702 1161 1956 1190 REDERICUM
1985 1152 2229 1191 AUGUSTUM

198 1215 328 1256 Anu.

307 1325 423 1379 (141)
455 1325 623 1367 Perveni
650 1327 815 1367 tandem
844 1327 898 1366 ad
932 1326 1204 1366 Professorem
1234 1332 1416 1366 nostrum
1447 1324 1735 1374 Sadlerianum,
1765 1324 1893 1365 virum
1923 1338 2006 1366 non
2034 1326 2160 1367 modo
2189 1326 2229 1366 in

197 1389 429 1431 recentioris
447 1403 552 1442 quae
571 1390 717 1431 dicitur
736 1390 934 1442 Algebrae
953 1388 1169 1442 provincia,
1191 1389 1263 1429 sed
1282 1388 1403 1429 etiam
1427 1388 1650 1429 studiorum
1675 1388 2049 1429 mathematicorum
2075 1388 2117 1429 in
2143 1396 2230 1430 toto

196 1465 322 1505 regno
342 1452 447 1494 inter
468 1452 669 1506 principes
692 1459 971 1501 numeratum;
1001 1451 1081 1503 qui,
1103 1465 1348 1503 quamquam
1375 1451 1468 1491 iuris
1492 1450 1632 1503 peritia
1658 1452 1831 1492 honores
1858 1465 2038 1492 summos
2061 1451 2229 1503 adipisci

198 1523 366 1569 poterat,
387 1516 528 1558 maluit
552 1531 640 1557 sese
666 1516 856 1557 scientiae
882 1515 938 1555 illi
961 1514 1159 1563 dedicare,
1183 1528 1286 1566 quae
1311 1514 1443 1554 verbis
1469 1527 1591 1566 quarn
1612 1513 1873 1566 paucissimis,
1896 1528 2017 1566 quam
2043 1515 2099 1555 illi
2125 1528 2229 1567 quae

195 1578 327 1620 verbis
355 1592 478 1631 quam
504 1579 696 1632 plurimis,
726 1593 856 1619 rerum
885 1577 1091 1618 veritatem
1121 1577 1340 1629 exprimere
1368 1584 1545 1617 conatur.
1605 1577 1813 1626 Quantum
1847 1583 1982 1617 tamen
2016 1578 2229 1629 prudentia

196 1640 283 1682 eius
314 1641 561 1683 Academiae
585 1641 787 1694 profuerit,
819 1647 859 1681 et
884 1641 1054 1681 Senatus
1079 1639 1201 1679 totius
1232 1639 1462 1680 Concilium
1490 1646 1530 1679 et
1563 1638 1789 1690 Collegium
1822 1639 1912 1690 plus
1945 1653 2067 1691 quam
2101 1653 2227 1680 unum

197 1710 393 1746 testantur
404 1718 417 1754 3
444 1718 576 1757 neque
605 1704 722 1747 Cami
748 1710 904 1744 tantum
932 1715 1059 1754 prope
1086 1701 1191 1754 ripas
1219 1703 1291 1742 sed
1317 1701 1437 1742 etiam
1466 1701 1508 1741 in
1533 1701 1619 1753 ipsa
1649 1702 1811 1752 Europa
1838 1708 1960 1752 atque
1987 1703 2091 1742 adeo
2120 1709 2227 1743 trans

196 1779 349 1819 aequor
375 1767 623 1808 Atlanticum
648 1769 780 1808 fontes
809 1765 893 1806 eius
921 1765 1008 1805 aliis
1031 1766 1278 1816 patuerunt⁵.
1337 1765 1465 1813 Idem,
1498 1765 1607 1804 velut
1635 1764 1735 1803 alter
1767 1764 1961 1813 Socrates,
1991 1763 2066 1815 ipsi
2095 1778 2226 1806 rerum

196 1829 485 1883 pulchritudini
503 1839 544 1872 et
562 1830 716 1872 veritati
739 1829 886 1870 mentis
909 1829 1035 1869 oculis
1061 1829 1398 1880 contemplandae
1425 1841 1513 1868 sese
1536 1827 1793 1875 consecravit,
1815 1827 2026 1868 arbitratus
2051 1828 2117 1869 illa
2143 1831 2227 1870 sola

195 1905 301 1945 quae
318 1894 543 1935 studiorum
562 1907 726 1935 suorum
745 1893 787 1933 in
807 1906 909 1945 puro
927 1894 1035 1933 velut
1055 1893 1167 1933 caelo
1186 1891 1277 1940 sint,
1299 1905 1434 1932 revera
1453 1905 1552 1939 esse,
1572 1891 1730 1931 illorum
1754 1899 1888 1932 autem
1912 1891 2104 1944 imagines
2128 1907 2227 1945 quas

195 1954 409 2007 φαινόμενα
425 1970 629 2004 vocamus,
649 1958 757 1997 velut
777 1969 920 2008 specus
940 1954 1078 1994 εἴδωλα
1096 1954 1221 1995 videri
1234 1969 1245 2004 3
1274 1954 1402 2006 ipsam
1422 1967 1516 1994 vero
1536 1953 1875 2006 pulchritudinem
1891 1954 2041 2006 percipi
2061 1956 2226 2008 quidem

195 2031 326 2072 posse,
347 2021 420 2062 sed
447 2034 532 2061 non
559 2020 749 2061 omnibus
775 2019 972 2072 explicari.
1031 2021 1166 2070 Quam
1193 2017 1370 2059 dilucide
1399 2025 1536 2058 tamen
1565 2031 1730 2071 regnum
1760 2032 1878 2059 suum
1907 2021 2114 2071 quondam
2144 2034 2227 2061 non

194 2093 342 2135 campo
387 2084 547 2125 deserto
588 2081 844 2135 comparavit,
884 2083 956 2122 sed
994 2081 1146 2134 regioni
1188 2081 1349 2122 cuidam
1392 2081 1683 2133 pulcherrimae
1725 2081 1897 2133 primum
1941 2096 1964 2122 e
2006 2082 2227 2135 longinquo

195 2152 442 2198 prospectae,
462 2145 577 2186 cuius
596 2153 750 2198 partem
770 2158 1100 2197 unamquamque
1119 2158 1238 2196 posse
1257 2143 1406 2185 deinde
1425 2144 1633 2196 peragrari,
1651 2144 1765 2185 cuius
1785 2152 1824 2184 et
1838 2144 1962 2185 clivos
1982 2152 2022 2185 et
2036 2146 2170 2191 valles,
2187 2154 2227 2186 et

194 2205 300 2247 rivos
318 2215 358 2248 et
377 2221 507 2261 rupes,
529 2215 569 2248 et
587 2209 705 2249 flores
725 2215 764 2248 et
784 2206 901 2247 silvas
921 2220 1040 2259 posse
1060 2206 1223 2258 propius
1250 2206 1423 2246 maxima
1445 2220 1539 2246 cum
1563 2207 1767 2258 voluptate
1792 2206 1946 2258 aspici⁶.
2009 2206 2100 2256 Diu,
2124 2207 2227 2249 inter

194 2270 362 2312 numina
402 2271 605 2321 silvestria,
645 2271 849 2323 regionem
887 2270 995 2310 illam
1034 2271 1180 2310 laetam
1218 2269 1384 2311 feliciter
1421 2277 1594 2322 pererret
1633 2272 1838 2312 Professor
1875 2278 2010 2312 noster
2048 2270 2224 2324 insignis,

195 2334 438 2375 Aru-nunus
467 2335 650 2376 CAYLEY.

304 2455 420 2510 (142)
450 2457 572 2497 Extra
593 2457 699 2509 ipsas
722 2457 914 2504 Athenas,
936 2455 1074 2496 stadiis
1093 2457 1174 2496 fere
1194 2456 1334 2496 decem
1355 2455 1408 2495 ab
1428 2456 1527 2496 urbe
1546 2464 1733 2504 remotus,
1755 2471 1880 2509 prope
1899 2457 2027 2510 ipsam
2049 2459 2226 2499 Platonis

194 2519 470 2569 Academiam,
506 2519 628 2571 surgit
661 2519 867 2560 Coloneus
900 2517 966 2558 ille
998 2519 1177 2558 tumulus
1210 2519 1439 2569 Sophocleo
1471 2519 1648 2559 carmine
1681 2520 1777 2560 olim
1811 2521 2007 2569 laudatus,
2044 2523 2225 2573 Neptuni

194 2583 348 2635 templo
373 2584 580 2635 quondam
606 2588 781 2630 ornatus,
803 2580 1023 2621 astronomi
1050 2580 1184 2633 magni
1210 2580 1387 2621 Metonis
1410 2594 1503 2621 cum
1531 2581 1723 2621 memoria
1746 2582 2010 2623 consociatus.
2071 2585 2123 2624 Et
2150 2599 2224 2625 nos

194 2645 398 2687 Colonum
418 2652 600 2686 nostrum
618 2644 825 2692 iactamus,
847 2643 994 2684 clivum
1013 2643 1126 2683 illum
1146 2643 1276 2695 spatio
1290 2657 1315 2683 a
1330 2643 1447 2683 nobis
1462 2645 1607 2684 eodem
1623 2643 1851 2693 distantem,
1869 2647 2003 2686 locum
2015 2647 2223 2687 arboribus

282 2776 295 2799 ¹
317 2777 574 2821 Aristophanes,
591 2777 674 2810 Ach.
696 2787 756 2820 531
774 2788 783 2816 ;
805 2777 937 2815 Cicero,
958 2777 1091 2814 Orator,
1109 2787 1161 2820 ²9·
1331 2777 1345 2797 ²
1369 2777 1422 2811 Sir
1439 2778 1619 2811 Frederick
1636 2778 1724 2810 Abel
1741 2789 1809 2811 was
1825 2779 2031 2822 Organising
2046 2781 2222 2823 Secretary

192 2821 233 2856 of
243 2821 301 2856 the
317 2821 371 2855 Im
434 2822 477 2855 'al
493 2821 661 2859 Institute,
677 2821 763 2854 ftom
782 2822 875 2863 1887.
1099 2821 1113 2842 ³
1136 2821 1192 2854 On
1210 2834 1230 2862 4
1243 2822 1343 2864 June,
1364 2821 1458 2863 1864,
1479 2822 1536 2854 the
1557 2823 1678 2864 degree
1699 2822 1738 2854 of
1757 2823 1879 2855 LL.D.
1898 2834 1966 2856 was
1987 2824 2160 2857 conferred
2176 2835 2221 2857 on

193 2866 238 2900 A.
265 2866 323 2899 W.
386 2866 523 2898 ofmann
551 2866 585 2898 in
612 2865 670 2898 the
697 2875 855 2908 presence
882 2864 921 2898 of
945 2865 1096 2897 H.R.H.
1124 2865 1245 2898 Albert
1267 2865 1425 2905 Edward,
1456 2865 1573 2898 Prince
1597 2866 1635 2898 of
1658 2867 1784 2906 Wales,
1809 2866 1887 2899 who
1910 2867 1977 2899 had
2001 2868 2153 2900 received
2176 2879 2221 2900 an

191 2909 360 2952 honorary
375 2909 496 2952 degree
519 2919 563 2942 on
587 2909 645 2942 the
668 2909 823 2952 previous
845 2909 920 2951 day.
1100 2907 1115 2928 ⁴¹
1138 2909 1258 2951 Virgil,
1288 2911 1373 2942 Aen.
1398 2910 1408 2941 i
1433 2920 1493 2951 401
1514 2909 1534 2942 f.
1585 2910 1659 2942 The
1681 2911 1803 2952 degree
1827 2921 1895 2943 was
1918 2911 2091 2944 conserred
2114 2923 2135 2944 a
2157 2911 2220 2945 few

193 2954 277 2996 days
291 2953 375 2986 after
390 2953 448 2985 the
463 2953 633 2986 lamented
653 2953 755 2985 death
771 2952 810 2985 of
823 2953 919 2995 Lady
936 2953 1035 2985 Abel.
1254 2951 1268 2972 ⁶
1293 2954 1333 2985 In
1352 2954 1445 2990 1882,
1466 2953 1552 2985 Prof.
1573 2953 1698 2996 Cayley
1713 2965 1799 2996 gave
1815 2965 1835 2986 a
1849 2965 1965 2988 course
1981 2955 2019 2987 of
2031 2956 2172 2988 lectures
2187 2960 2222 2988 at

193 2996 370 3040 theJohns
384 2996 545 3048 Hopkins
559 2997 764 3039 University,
777 2997 971 3036 Bahimore,
986 2996 1131 3029 towards
1147 2996 1204 3029 the
1219 2997 1284 3028 end
1301 2997 1340 3029 of
1354 2997 1440 3029 Prof.
1456 2997 1651 3039 Sylvester's
1667 3002 1784 3031 tenure
1799 2998 1837 3030 of
1849 2998 1906 3031 the
1927 2999 2171 3042 Professorship
2187 3000 2226 3032 of

194 3040 432 3074 Mathematies
446 3051 482 3072 m
497 3040 570 3073 that
587 3040 792 3083 University.
1019 3039 1033 3060 ⁶
1055 3040 1129 3073 The
1145 3041 1255 3072 above
1272 3046 1339 3072 two
1355 3047 1527 3073 sentences
1544 3052 1630 3074 were
1646 3042 1823 3084 suggested
1839 3042 1884 3085 by
1900 3053 2057 3086 passages
2073 3043 2107 3076 in
2128 3043 2214 3077 Prof.

193 3083 348 3127 Cayley's
369 3084 516 3117 Address
536 3095 575 3117 as
597 3085 772 3117 President
793 3084 835 3128 qs
848 3085 901 3117 the
921 3084 1055 3117 Britislz
1079 3085 1295 3122 Assoczhtion,
1321 3085 1415 3127 Sept.
1438 3086 1539 3127 18833
1566 3085 1710 3126 Nature,
1735 3096 1777 3119 το
1798 3085 1905 3129 Sept„
1931 3097 1988 3130 pp.
2014 3097 2076 3131 492
2100 3087 2128 3126 b,
2151 3087 2219 3120 and

191 3128 258 3171 496
272 3128 302 3161 b·

1180 3212 1226 3250 71
