2704 3770
491 321 557 371 E.
597 321 650 370 S.
698 320 749 369 T
740 319 880 371 albot.
966 321 1076 370 Wm
1109 321 1391 371 Lawrence.
1463 322 1522 372 F.
1550 322 1608 388 s.
1652 321 1904 372 Clzavasse.
1977 323 2047 372 A.
2086 323 2154 373 R.
2200 324 2252 372 T
2242 323 2401 374 ucker.

447 466 657 507 cotidianis
677 474 905 518 occupatos,
926 466 1111 518 quotiens
1137 467 1257 507 etiam
1282 467 1445 507 iuvenes
1469 475 1626 507 nostros
1649 469 1831 507 nondum
1854 467 1958 507 vitae
1981 469 2023 507 in
2045 468 2213 520 negotiis
2236 470 2449 519 demersos,

447 536 596 580 quanta
615 542 707 569 cum
725 528 959 569 auctoritate
979 530 1209 568 cohortatus
1229 536 1288 568 est
1304 530 1332 568 11

557 593 675 632 Duco
689 593 741 632 ad
755 605 826 632 vos
841 591 1050 632 dominum
1065 593 1286 632 admodum
1301 592 1574 641 reverendum,
1593 592 1850 631 EDWARDUM
1867 592 2036 631 STUART
2050 593 2233 641 TALBo'r,
2247 594 2452 645 quondam

447 653 572 694 Aedis
593 653 740 694 Christi
759 653 861 693 inter
881 653 1131 694 Oxonienses
1151 653 1315 701 socium,
1338 653 1571 704 episcopum
1592 654 1643 693 de
1664 654 1907 693 Southwark.

555 739 667 792 (495)
699 741 832 790 Quam
866 740 1034 780 libenter
1063 741 1115 780 ad
1146 739 1442 790 cantabrigiam
1474 738 1786 788 transmarinam,
1817 741 1870 779 ad
1903 739 2025 779 filiam
2058 747 2234 780 nostram
2264 740 2451 781 dilectam

446 801 669 851 transimus,
697 815 799 853 quae
827 802 1147 853 acceptissimum
1177 802 1285 840 hunc
1313 801 1451 850 virum,
1477 800 1650 852 primum
1679 800 1781 840 inter
1803 800 2019 852 discipulos
2045 815 2149 851 suos,
2177 802 2325 843 deinde
2352 802 2455 843 inter

446 865 686 915 professores
705 871 826 914 atque
844 865 947 903 adeo
967 865 1068 903 inter
1087 870 1285 902 curatores
1306 875 1399 902 suos
1419 862 1550 911 fuisse,
1569 862 1743 913 denique
1763 862 1995 914 episcopum
2017 876 2133 903 suum
2153 876 2239 904 esse
2252 863 2451 916 gloriatur.

447 925 529 977 Qui
557 926 734 977 episcopi
761 926 938 977 proximi,
964 926 1035 965 viri
1058 925 1372 977 eloquentissimi
1401 932 1440 965 et
1470 924 1707 965 sanctissimi
1721 924 1745 974 ²,
1767 933 1806 965 et
1835 925 2006 966 virorum
2034 926 2202 966 aliorum
2221 926 2455 979 insignium⁸

446 989 546 1029 vitas
565 996 647 1028 tam
666 988 830 1029 feliciter
849 988 1053 1038 enarravit,
1074 989 1159 1040 ipse
1178 996 1386 1039 propterea
1404 987 1632 1039 praesertim
1652 987 1867 1028 litterarum
1895 990 2015 1029 laude
2040 989 2183 1041 dignus
2208 997 2278 1030 est.
2337 990 2454 1029 Idem

447 1057 487 1090 et
506 1049 722 1101 sapientiae
742 1058 781 1090 et
800 1050 1035 1102 prudentiae
1054 1050 1214 1089 laudern
1234 1049 1383 1089 idcirco
1403 1048 1556 1098 meruit,
1573 1049 1684 1100 quod
1703 1049 1943 1100 reipublicae
1963 1049 2158 1090 maximae
2176 1050 2455 1103 episcoporum

448 1111 629 1151 omniurn
649 1111 1001 1152 deliberationibus
1021 1119 1080 1151 est
1099 1111 1357 1162 praepositus.

558 1175 676 1214 Duco
706 1175 758 1214 ad
789 1188 859 1214 vos
889 1175 1014 1214 virum
1045 1175 1265 1214 admodum
1296 1174 1567 1222 reverendum,
1599 1173 1868 1225 Collegiorum
1898 1181 2122 1213 nostrorum
2153 1174 2340 1226 praefecti
2371 1188 2455 1216 non

449 1237 566 1277 unius
595 1237 792 1289 hospitem
822 1245 942 1290 atque
970 1237 1155 1286 amicum,
1186 1238 1460 1276 WILLELMUM
1494 1238 1747 1285 LAWRENCE,
1778 1236 2010 1288 episcopum
2044 1238 2096 1277 de
2130 1238 2454 1278 Massachusetts.

558 1328 670 1380 (496)
689 1328 886 1380 Aequoris
912 1328 1102 1368 Atlantici
1128 1330 1272 1368 fluetus
1295 1328 1477 1375 remensi,
1499 1327 1667 1378 Angliae
1693 1327 1951 1367 occidentalis
1980 1327 2022 1366 in
2049 1334 2209 1378 portum
2238 1328 2454 1369 maximum

447 1391 708 1443 pervenimus.
768 1391 831 1430 Ibi
864 1391 1054 1431 ecclesiae
1087 1390 1331 1441 Anglicanae
1364 1390 1405 1429 in
1438 1390 1630 1429 comitatu
1665 1389 1956 1429 Lancastriensi
1989 1391 2068 1429 iam
2101 1403 2171 1441 per
2202 1404 2330 1431 annos
2362 1399 2456 1432 octo

449 1455 605 1493 clavum
628 1453 755 1493 tenuit
783 1453 840 1492 vir
865 1461 904 1493 et
930 1453 1023 1492 iuris
1049 1461 1088 1493 et
1117 1452 1302 1492 historiae
1327 1452 1370 1491 in
1394 1452 1534 1491 studiis
1560 1453 1767 1503 quondam
1793 1452 1895 1491 inter
1920 1452 2170 1493 Oxonienses
2193 1453 2368 1505 insignis,
2389 1454 2458 1506 qui

449 1517 638 1556 ecclesiae
659 1517 935 1556 emendandae
954 1515 1125 1555 rationes
1144 1516 1359 1567 prudenter
1378 1514 1623 1566 exploravit⁴,
1646 1514 1715 1566 qui
1734 1514 1777 1554 in
1795 1515 1914 1555 rebus
1933 1517 2063 1564 sacris,
2081 1516 2166 1556 sine
2184 1518 2267 1557 ullo
2288 1517 2458 1568 partium

448 1579 593 1627 studio,
620 1578 801 1619 omnium
829 1579 1024 1618 bonorum
1053 1580 1182 1618 fautor
1210 1586 1249 1618 et
1278 1578 1435 1618 adiutor
1461 1577 1723 1629 aequissimus
1752 1579 1908 1626 exstitit,
1933 1579 2002 1631 qui
2030 1580 2204 1632 denique
2232 1580 2337 1620 sedis
2366 1593 2462 1620 suae

450 1642 685 1694 episcopalis
705 1641 913 1682 ecclesiam
934 1642 1202 1682 cathedralem
1222 1640 1409 1692 auspiciis
1429 1641 1589 1692 optimis
1608 1641 1899 1682 aedificandam
1919 1643 2079 1683 curavit.

560 1706 677 1744 Duco
715 1705 767 1744 ad
804 1717 875 1743 vos
913 1703 1191 1744 Universitatis
1229 1702 1469 1743 Oxoniensis
1505 1704 1712 1742 alumnum
1750 1703 1950 1754 eximium,
1989 1704 2199 1745 dominum
2237 1705 2458 1746 admodum

450 1767 722 1816 reverendum,
753 1767 1031 1805 FRANcisciJM
1061 1767 1256 1805 IACOBUM
1287 1765 1520 1813 CHAvAssss,
1552 1764 1785 1817 episcopum
1813 1767 1865 1806 de
1894 1766 2116 1818 Liverpool.

559 1864 672 1916 (497)
703 1863 834 1904 Patria
856 1864 1005 1915 procul,
1028 1863 1160 1903 Africa
1179 1862 1220 1902 in
1248 1863 1391 1912 media,
1415 1862 1603 1902 orationis
1630 1870 1787 1903 nostrae
1813 1863 2030 1904 hodiernae
2054 1877 2190 1903 cursus
2216 1863 2457 1904 terminatur.

452 1927 644 1967 Fluminis
678 1927 760 1966 Nili
791 1940 916 1978 prope
948 1927 1089 1974 fontes,
1121 1925 1223 1965 inter
1255 1927 1363 1965 lacus
1397 1925 1614 1965 immensos
1655 1927 1791 1965 Lunae
1825 1927 2029 1966 montibus
2059 1927 2316 1979 propinquos,
2352 1934 2460 1979 patet

450 1990 652 2041 provincia
675 1991 783 2029 haud
809 1989 863 2028 ita
887 1988 1042 2039 pridem
1065 1987 1223 2027 Africae
1249 1986 1415 2035 mediae,
1438 2000 1546 2026 nunc
1569 1994 1702 2026 autem
1728 1989 1924 2038 Ugandae
1943 1987 2120 2039 episcopi
2140 1990 2285 2029 tutelae
2304 1989 2456 2030 tradita.

453 2052 563 2102 Quid
586 2052 619 2091 si
641 2051 932 2104 provinciarum
956 2049 1242 2101 episcopalium
1265 2048 1423 2088 termini
1446 2048 1586 2087 mutati
1606 2051 1727 2088 sunt?
1784 2049 2048 2100 Episcopatus
2074 2050 2188 2098 illius,
2210 2050 2335 2090 immo
2363 2063 2459 2091 vero

451 2113 641 2153 ecclesiae
654 2112 774 2153 totius
789 2111 1033 2163 Anglicanae
1048 2111 1090 2150 in
1104 2110 1325 2159 annalibus,
1343 2109 1501 2149 Africae
1517 2109 1674 2149 mediae
1689 2109 1866 2161 episcopi
1877 2110 2004 2161 primi,
2024 2111 2163 2151 Iacobi
2179 2111 2456 2164 Hannington,

451 2176 629 2226 martyris
662 2173 881 2214 fidelissimi
914 2172 1105 2212 memoria
1141 2179 1339 2223 superstes
1374 2179 1518 2211 manet.
1578 2171 1716 2211 Hodie
1749 2184 1841 2211 vero
1874 2185 2143 2212 successorem
2175 2172 2259 2212 eius
2291 2175 2459 2214 alterum

451 2238 679 2285 salutamus,
711 2236 824 2275 cuius
854 2235 993 2274 itinera
1021 2241 1172 2274 remota
1201 2233 1291 2273 stilo
1319 2232 1454 2273 lucido
1483 2232 1718 2285 conscripta,
1748 2240 1830 2273 arte
1858 2233 2002 2273 eximia
2031 2235 2201 2285 depicta,
2231 2234 2339 2275 iuvat
2368 2248 2460 2275 eon-

451 2297 663 2349 templari³.

560 2362 678 2400 Duco
724 2360 776 2400 ad
822 2372 893 2399 vos
940 2359 1136 2410 Ugandae
1182 2358 1427 2409 episcopum,
1467 2357 1595 2397 virum
1642 2358 1864 2397 admodum
1906 2360 2178 2408 reverendum,
2218 2361 2461 2400 ALFREDUM

452 2425 694 2463 ROBERTUM
723 2424 917 2469 TUCKER,
946 2421 1070 2461 Aedis
1100 2420 1247 2461 Christi
1275 2421 1384 2471 apud
1413 2419 1663 2461 Oxonienses
1691 2422 1909 2461 alumnum.
2187 2454 2189 2456 .

558 2485 655 2525 Viro
688 2484 756 2524 tali
787 2492 826 2524 et
854 2483 1037 2523 fratribus
1066 2483 1150 2523 eius
1180 2482 1379 2530 omnibus,
1409 2483 1462 2522 ad
1490 2482 1645 2522 labores
1674 2495 1768 2522 suos
1799 2496 1930 2523 sacros
1961 2491 2029 2524 aut
2062 2497 2223 2536 peregre
2251 2492 2320 2526 aut
2349 2485 2461 2526 domi

451 2546 684 2599 propediem
712 2546 906 2595 redituris,
937 2544 1072 2585 omnia
1100 2557 1289 2596 prospera
1317 2558 1365 2584 ex
1392 2543 1528 2584 animo
1557 2551 1802 2596 exoptamus.

1278 2720 1294 2752 1
1307 2719 1332 2766 5
1376 2704 1476 2753 Oct.
1527 2721 1543 2752 1
1554 2707 1650 2764 908

559 2819 672 2872 (498)
694 2821 898 2861 COLLEGH
924 2819 1016 2859 Divi
1040 2820 1204 2860 Ioannis
1232 2819 1273 2859 in
1302 2819 1505 2872 Magistro,
1531 2821 1673 2860 Sacrae
1701 2819 1946 2871 Theologiae
1976 2821 2153 2861 Doctore
2181 2820 2459 2872 eruditissimo,

451 2886 621 2924 multum
642 2897 768 2935 nuper
786 2884 1001 2932 amisimus,
1023 2883 1092 2934 qui
1118 2883 1340 2923 studiorum
1365 2883 1654 2929 Semiticorum,
1678 2882 1899 2923 studiorum
1923 2882 2042 2922 etiam
2067 2883 2397 2923 Sanskriticorum
2419 2883 2462 2924 in

451 2946 664 2998 provincia,
699 2959 819 2997 quam
853 2945 1024 2985 liberalis
1057 2945 1098 2983 in
1132 2944 1424 2984 Bibliothecam
1462 2951 1637 2983 nostram
1671 2943 1796 2992 fuerit,
1832 2944 1946 2984 vobis
1980 2944 2167 2984 omnibus
2200 2952 2341 2985 notum
2373 2958 2461 2986 esse

537 3045 550 3066 ¹
573 3048 748 3079 Addresscs
762 3051 795 3079 to
809 3047 955 3078 business
971 3056 1056 3083 men,
1073 3045 1139 3077 and
1154 3056 1198 3077 on
1214 3045 1352 3088 College
1370 3044 1527 3077 Missions
1542 3044 1576 3076 in
1594 3044 1701 3077 South
1717 3044 1871 3076 London.
2099 3043 2114 3064 ²
2136 3045 2300 3089 Phillipps
2315 3045 2455 3080 Brooks.

451 3088 466 3110 ⁸
487 3090 593 3122 Amos
608 3091 650 3123 A.
671 3091 861 3127 Lawreme,
878 3090 944 3121 and
962 3090 1074 3131 Roget
1089 3089 1248 3121 Wolcott.
1457 3087 1472 3107 ⁴
1495 3087 1727 3120 Introduction
1743 3092 1779 3119 to
1796 3088 1917 3129 Essays
1932 3098 1976 3119 on
1995 3087 2063 3120 The
2081 3088 2215 3121 Church
2229 3089 2303 3122 and
2312 3089 2460 3132 quom,

456 3142 549 3176 1902.
712 3133 726 3153 ⁶
755 3134 837 3166 Toro
853 3132 977 3175 (1899),
997 3132 1154 3164 followed
1170 3133 1213 3174 by
1228 3132 1393 3174 Eighteen
1417 3132 1516 3164 Years
1531 3132 1570 3163 in
1591 3132 1741 3173 Uganda,
1762 3141 1779 3162 2
1796 3131 1879 3163 vols.
1901 3130 2023 3174 (1908).

1419 3216 1494 3242 222
