2704 3770
737 331 975 396 Carnegie
1009 332 1258 389 Instituta,
1298 333 1574 398 Pz'ttsburg.
1658 333 1946 398 Unz'versz'ty
1980 334 2044 398 of
2078 333 2278 398 Upsala.

563 494 749 533 Instituti
775 494 1015 545 Carnegiani
1037 495 1222 534 Praest‘dt‘
1244 500 1283 533 et
1307 495 1546 534 fiduciaria·
1575 496 1615 535 S.
1647 496 1694 534 P.
1726 496 1782 534 D.
1819 495 2061 535 Um'versitas
2093 495 2432 548 Cantabnggxknsis.

603 573 720 627 (577)
745 577 905 617 URBEM
928 583 1109 625 vestram,
1132 575 1202 615 viri
1228 575 1478 625 ornatissimi,
1501 575 1710 616 fluminum
1731 589 1966 627 magnorum
1985 577 2038 616 ad
2056 577 2304 618 confluentes
2322 579 2506 630 positam,

495 644 534 677 et
560 638 760 678 Senatoris
787 639 1003 679 Britannici
1029 639 1174 680 nobilis
1201 639 1363 679 nomine
1389 646 1672 690 nuncupatam,
1701 639 1806 678 fama
1832 645 1937 678 certe
1961 638 2144 679 novimus
2171 652 2290 691 quam
2313 640 2508 682 immensa

495 698 555 748 sit,
596 707 745 751 quanta
781 700 1001 741 incolarum
1040 701 1294 741 multitudine
1332 702 1480 748 floreat,
1521 707 1619 751 quot
1661 701 1804 740 artium
1843 700 1945 741 inter
1982 714 2024 741 se
2061 701 2304 741 diversarum
2340 695 2508 743 officinis

494 760 690 812 glorietur.
751 763 856 802 Illud
885 769 1018 802 autem
1045 775 1119 801 nos
1146 762 1325 813 profecto
1352 763 1414 801 vel
1440 761 1562 813 pluris
1589 761 1854 810 aestimamus,
1877 762 1988 812 quod
2013 762 2107 802 urbs
2130 769 2251 812 tanta,
2275 776 2358 803 non
2384 763 2508 804 modo

496 822 773 864 Universitatis
801 824 948 864 abhinc
977 838 1105 864 annos
1133 826 1222 875 plus
1252 837 1372 875 quam
1401 831 1563 864 centum
1594 824 1790 873 conditae,
1820 826 1891 865 sed
1920 825 2039 865 etiam
2070 825 2245 866 Instituti
2273 825 2365 866 novi
2393 827 2509 868 sedes

494 886 709 927 constituta
728 894 798 935 est,
821 888 931 938 quod
951 887 991 927 in
1011 895 1212 939 posterum
1234 895 1293 928 tot
1313 887 1458 927 civium
1478 887 1517 927 in
1539 888 1707 940 negotiis
1731 888 1941 929 cotidianis
1968 897 2253 941 occupatorum
2278 897 2433 930 mentes
2455 890 2508 931 ad

493 948 633 988 altiora
652 949 822 999 vocabit,
845 957 884 990 et
906 950 1167 1001 Reipublicae
1186 950 1259 990 toti
1279 950 1484 991 doctrinae
1504 951 1633 991 variae
1653 953 1780 992 facem
1800 952 2052 1004 splendidam
2072 955 2273 1005 praeferet.
2333 952 2509 994 Instituti

493 1023 587 1050 vero
624 1010 723 1050 tanti
761 1010 945 1051 conditor
981 1011 1294 1051 liberalissimus¹
1324 1012 1471 1052 abhinc
1505 1027 1632 1053 annos
1666 1015 1818 1063 decem,
1851 1021 1895 1054 ut
1927 1015 2166 1066 accepimus,
2200 1029 2224 1056 a
2257 1015 2509 1056 Bibliotheca

495 1086 638 1125 magna
657 1075 870 1114 condenda
893 1088 1066 1124 exorsus,
1088 1088 1196 1114 nunc
1221 1076 1384 1115 demum
1404 1089 1487 1115 non
1513 1083 1669 1115 tantum
1699 1076 1990 1116 Bibliothecam
2017 1077 2123 1117 illam
2149 1085 2310 1129 sumptu
2333 1077 2507 1118 maximo

495 1136 630 1174 denuo
650 1135 841 1183 condidit,
864 1137 935 1176 sed
956 1136 1074 1175 etiam
1095 1136 1205 1188 operi
1225 1143 1306 1176 tam
1326 1150 1472 1189 magno
1493 1139 1681 1177 Museum
1701 1152 1830 1177 rerum
1851 1145 2013 1178 naturae
2038 1139 2235 1179 miraculis
2258 1138 2506 1187 instructum,

494 1196 747 1236 scientiarum
778 1196 1015 1236 musicarum
1042 1198 1214 1246 Odeum,
1242 1198 1385 1237 artium
1411 1199 1591 1238 omnium
1618 1213 1721 1251 quae
1747 1200 1799 1239 ad
1825 1199 2058 1239 industriam
2082 1201 2279 1252 pertinent
2307 1201 2504 1250 Scholam,

496 1258 805 1298 Pinacothecam
844 1260 1019 1310 denique
1057 1260 1363 1310 pulcherrimam
1400 1261 1567 1301 addidit.
1625 1261 1866 1302 Aedificium
1906 1270 2039 1303 autem
2081 1263 2223 1315 ipsum,
2261 1277 2425 1304 arcuum
2467 1271 2508 1304 et

495 1322 771 1360 columnarum
795 1321 986 1372 dignitate
1009 1322 1156 1362 decora
1179 1322 1454 1374 conspicuum,
1475 1323 1560 1363 sine
1580 1324 1705 1364 dubio
1724 1324 1943 1375 posteritati
1963 1339 2071 1366 serae
2091 1340 2240 1367 nomen
2259 1327 2330 1367 viri
2348 1326 2508 1367 illustris

494 1385 634 1431 tradet,
654 1383 722 1435 qui
751 1390 967 1422 vestrarum
994 1391 1052 1423 est
1071 1383 1134 1436 (ut
1161 1385 1306 1424 Horati
1331 1385 1460 1425 verbis
1489 1385 1665 1439 utamur)
1687 1388 1857 1438 ‘grande
1882 1389 2005 1428 decus
2031 1392 2298 1442 columenque
2323 1404 2453 1431 rerum
2466 1391 2504 1428 ²².

495 1446 748 1484 Gratulamur
785 1444 901 1496 igitur
938 1444 1052 1484 vobis
1090 1446 1278 1486 omnibus
1316 1448 1426 1497 quod
1460 1447 1683 1487 studiorum
1716 1456 1934 1489 vestrorum
1969 1451 2150 1491 omniurn
2180 1459 2391 1503 patronum
2424 1459 2506 1492 tam

494 1508 728 1548 munificum
754 1508 848 1548 estis
874 1507 990 1556 nacti,
1014 1515 1052 1547 et
1075 1508 1231 1559 patroni
1257 1509 1379 1560 ipsius
1402 1516 1442 1549 et
1465 1517 1637 1550 vestrum
1659 1510 1839 1551 omnium
1859 1511 1901 1551 in
1920 1514 2127 1561 honorem,
2150 1513 2507 1555 Procancellarium

495 1580 686 1621 nostrum,
719 1571 846 1611 virum
884 1585 1040 1611 summa
1073 1571 1265 1624 dignitate
1298 1572 1533 1624 praeditum,
1565 1575 1738 1625 legatum
1771 1581 1951 1614 nostrum
1991 1576 2196 1625 mittimus,
2228 1576 2297 1628 qui
2327 1583 2505 1616 nostrum

495 1636 675 1676 omnium
714 1635 878 1676 nomine
917 1635 1106 1676 Instituto
1144 1643 1257 1677 tanto
1290 1635 1517 1676 dedicando
1550 1636 1714 1685 intersit,
1752 1644 1791 1677 et
1828 1637 1997 1689 epistola
2034 1646 2168 1680 nostra
2204 1639 2317 1680 vobis
2353 1638 2507 1680 reddita

495 1706 671 1739 nostram
703 1698 746 1739 in
778 1712 849 1739 vos
882 1711 1033 1747 omnes,
1069 1706 1109 1739 et
1143 1698 1451 1751 Rempublicam
1489 1706 1659 1739 vestram
1693 1699 1917 1749 maximam,
1950 1702 2123 1742 declaret
2157 1701 2504 1743 benevolentiam*-

495 1762 649 1801 Valete.

604 1840 761 1878 Datum
787 1839 1060 1889 Cantabnssgiae

701 1893 836 1944 pridie
854 1893 1058 1932 Kalendas
1077 1893 1255 1933 Martias

820 1947 875 1986 A.
896 1948 937 1987 S.
959 1954 1145 1986 MCMV110.

721 2103 981 2143 Universz'tati
1006 2104 1151 2153 Regiae
1184 2104 1406 2153 Upsalz'ensi
1433 2104 1472 2143 S.
1503 2104 1550 2142 P.
1582 2104 1638 2142 D.
1678 2104 1920 2144 Universitas
1951 2106 2289 2157 Cantabrzssgzknsis.

605 2183 720 2237 (578)
751 2186 969 2224 LITTERAE
994 2192 1155 2233 vestrae,
1186 2184 1257 2224 viri
1289 2185 1520 2234 doctissimi,
1551 2187 1604 2226 ad
1634 2200 1707 2226 nos
1740 2188 1849 2227 haud
1879 2189 1934 2227 ita
1963 2189 2116 2239 pridem
2149 2191 2321 2241 perlatae
2350 2198 2453 2240 sunt,
2484 2205 2507 2232 e

496 2246 642 2298 quibus
668 2245 931 2286 intelleximus
959 2246 1269 2287 Universitatem
1295 2254 1464 2286 vestram
1493 2261 1645 2287 annum
1673 2249 1993 2289 ducentesimum
2019 2251 2169 2290 alumni
2192 2251 2308 2291 vestri
2335 2251 2505 2301 illustris,

497 2311 660 2350 CAROLI
695 2310 892 2358 LmNAm,
923 2323 946 2348 a
976 2309 1042 2349 die
1071 2308 1192 2349 natali
1222 2317 1404 2349 exactum
1432 2311 1666 2361 propediem
1695 2323 1782 2350 esse
1810 2312 2106 2352 celebraturam.
2166 2314 2282 2353 Iuvat
2308 2313 2378 2354 viri
2407 2315 2507 2356 tanti

496 2372 634 2411 sedem
653 2373 837 2419 natalem,
860 2371 1146 2412 Scandinaviae
1166 2371 1208 2411 in
1233 2385 1321 2412 rure
1343 2380 1499 2412 remoto
1522 2374 1656 2413 locum
1681 2372 1792 2413 illum
1815 2387 2041 2425 amoenum,
2063 2377 2173 2416 lacus
2191 2377 2445 2428 pulcherrimi
2465 2377 2507 2418 in

497 2432 671 2484 margine
701 2431 802 2472 inter
829 2434 951 2473 colles
980 2434 1191 2485 vallesque,
1222 2432 1325 2472 inter
1353 2433 1468 2473 silvas
1497 2441 1537 2474 et
1564 2448 1679 2486 agros
1707 2435 1894 2486 positum,
1924 2450 1947 2476 e
1981 2437 2201 2489 longinquo
2233 2439 2504 2491 contemplari.

497 2495 612 2534 Iuvat
634 2507 754 2545 opera
780 2493 864 2534 eius
893 2494 1072 2546 insignia,
1101 2494 1311 2535 botanicae
1334 2495 1564 2546 praesertim
1591 2496 1780 2537 scientiae
1805 2499 2065 2550 adaugendae
2091 2499 2285 2549 dedicata,
2309 2501 2506 2545 admirari.

496 2558 506 2576 ‘
519 2557 619 2596 Sunt
638 2563 677 2595 et
696 2555 781 2596 sine
801 2555 964 2596 nomine
984 2555 1123 2596 flores’
1143 2556 1240 2596 dixit
1261 2555 1355 2596 olim
1376 2559 1495 2609 poeta
1520 2557 1685 2610 quidam
1710 2561 1940 2600 Romanus⁴
1952 2575 1963 2609 3
1993 2561 2194 2602 Linnaeus
2218 2570 2352 2603 autem
2378 2571 2507 2605 vester

493 2619 611 2659 flores
648 2631 798 2666 omnes,
838 2624 1036 2669 quotquot
1074 2617 1150 2657 sibi
1187 2618 1456 2667 innotuerunt,
1496 2620 1791 2661 accuratissime
1829 2622 2048 2663 nominavit
2084 2631 2205 2676 atque
2244 2624 2505 2668 minutissime

495 2678 717 2728 ordinavit3
751 2678 870 2719 etiam
905 2678 1107 2720 Linnaeae
1142 2681 1329 2728 Borealis,
1361 2682 1515 2721 flosculi
1549 2681 1652 2722 illius
1685 2683 1822 2734 Alpini
1851 2684 2063 2732 tenerrimi,
2093 2685 2134 2724 in
2164 2686 2327 2726 nomine
2356 2701 2504 2729 nomen

493 2741 616 2793 ipsius
644 2755 714 2793 per
742 2743 899 2781 saecula
927 2741 1095 2792 plurima
1124 2742 1293 2782 durabit.
1352 2744 1746 2796 Cantabrigiensibus
1775 2760 1867 2786 vero
1897 2761 1919 2787 e
1947 2747 2076 2799 poetis
2105 2761 2218 2797 unus,
2247 2751 2412 2791 GRAws
2439 2750 2505 2792 ille

494 2811 638 2852 noster,
659 2803 810 2842 alumni
838 2802 955 2842 vestri
984 2804 1165 2853 systema
1194 2805 1370 2844 Naturae
1398 2804 1602 2857 diligentia
1630 2806 1817 2859 singulari
1844 2809 2076 2849 adversariis
2101 2808 2348 2851 nitidissimis
2375 2819 2504 2853 totum

493 2865 699 2905 adnotavit
737 2872 776 2905 et
816 2863 1048 2904 animalium
1091 2864 1352 2917 plurimorum
1394 2866 1556 2918 picturis
1598 2868 1873 2919 pulcherrimis
1915 2870 2148 2911 exornavit⁵.
2207 2873 2324 2913 Haec
2369 2881 2503 2914 autem

496 3012 502 3019 .
578 2968 591 2989 ¹
615 2969 763 3001 Andrew
780 2967 974 3018 Carnegie..
1158 3012 1164 3018 ,
1206 2967 1220 2988 ²
1243 2969 1391 3020 Horace,
1412 2970 1527 3002 Carm.
1543 2970 1567 3003 ii
1586 2978 1637 3013 17,
1656 2983 1687 3012 4.
1737 2972 1831 3022 (The
1847 2972 2012 3023 Carnegie
2028 2974 2197 3015 Institute,
2218 2975 2418 3039 Pittsburg’,
2436 2987 2504 3010 was

493 3013 678 3045 111ustrated
694 3013 761 3045 and
776 3012 950 3044 described
966 3021 1001 3043 m
1018 3010 1075 3043 the
1090 3012 1197 3052 Datly
1215 3013 1370 3054 Graphzc,
1390 3023 1433 3054 30
1445 3015 1523 3056 Jan.
1544 3022 1639 3057 1907,
1657 3015 1724 3047 and
1740 3026 1775 3047 in
1790 3026 1811 3047 a
1825 3017 1949 3059 special
1965 3018 2150 3060 pamphlet.
2407 3020 2448 3052 Ε.
2465 3020 2503 3054 S.

494 3056 650 3094 Roberts‚
667 3056 775 3092 M.A.,
794 3056 922 3087 Master
936 3055 974 3086 of
986 3054 1143 3087 Gonville
1160 3056 1225 3087 and
1243 3055 1343 3088 Caius
1360 3056 1510 3098 College.
1679 3058 1693 3077 ⁴
1716 3059 1817 3099 Ovid,
1837 3061 1942 3099 Fasti,
1962 3061 1994 3092 iv
2010 3071 2086 3102 441.
2217 3060 2232 3081 ⁶
2254 3062 2394 3096 Charles
2410 3063 2502 3096 Eliot

493 3099 526 3130 N
528 3104 636 3136 otton,
659 3100 727 3130 The
738 3100 816 3131 Poet
833 3099 925 3138 Gray
939 3109 977 3130 as
990 3108 1012 3129 a
1027 3098 1232 3136 Naturalist,
1249 3100 1332 3131 with
1349 3101 1522 3132 Selections
1526 3100 1623 3142 from
1638 3101 1692 3133 his
1707 3102 1809 3135 Notes
1822 3113 1865 3135 on
1880 3104 1934 3135 tlte
1947 3104 2098 3146 Systema
2114 3105 2270 3138 Naturae
2283 3106 2504 3150 quinnaeus

490 3142 563 3174 and
574 3143 767 3176 Facsimiles
781 3142 823 3186 of
828 3152 912 3174 some
926 3140 969 3186 qf
975 3141 1028 3173 his
1041 3142 1228 3184 Drawings
1243 3141 1395 3184 <Boston‚
1413 3144 1522 3185 1903).

1463 3218 1540 3255 266
