2704 3770
583 357 586 360 -
625 322 832 372 HLH.
872 321 1144 372 Sadanaru
1180 321 1427 372 Fuslzz‘mz‘.
1502 322 1562 372 G.
1600 323 1676 372 H.
1716 324 1936 375 Lander.

270 467 378 510 silvis
397 476 633 518 morantem,
654 473 810 509 vosmet
829 467 906 520 ipsi
924 468 979 509 ob
999 467 1101 508 vitae
1120 468 1225 508 bene
1243 474 1357 508 actae
1377 468 1633 520 splendorem
1653 475 1762 509 veste
1781 476 1910 509 vestra
1929 472 2141 522 splendida
2160 474 2301 515 merito

269 531 481 582 decoratis,
502 532 686 585 interque
705 531 874 573 civitatis
893 539 1046 572 vestrae
1066 530 1244 583 hospites
1263 530 1352 571 illos
1372 530 1544 571 libenter
1562 531 1794 579 numeratis,
1814 545 1916 584 quos
1937 546 2047 574 more
2070 536 2234 587 optimo,
2258 546 2302 578 ut

269 593 459 647 Aeschyli
480 593 608 635 verbis
628 601 726 644 utar,

921 655 1236 708 φοινικοβάπτοις
1264 654 1426 698 ἐνδυτοῖς
1455 654 1650 706 ἐσθήμασι

874 726 878 730 ’
923 712 1088 762 rapidive&

378 788 498 828 Duco
533 789 587 829 ad
625 801 696 828 vos
733 787 934 839 hospitem
973 786 1309 839 acceptissimum,
1346 785 1522 827 iudicem
1560 784 1871 838 integerrimum,
1908 785 2085 839 equitem
2124 788 2299 841 denique

265 848 476 903 insignem,
507 852 713 892 IOANNEM
744 853 1002 892 BUCHANAN.

1083 971 1145 1017 14
1180 955 1313 1020 May
1354 967 1478 1017 1907

370 1072 486 1125 (442)
519 1075 642 1115 Soms
679 1073 843 1115 orientis
880 1088 904 1115 a
941 1074 1103 1127 regione
1139 1075 1193 1115 ad
1230 1073 1381 1114 insulas
1419 1080 1576 1114 nostras
1613 1071 1887 1114 occidentales
1924 1086 2053 1124 nuper
2089 1074 2292 1123 advectus,

261 1135 448 1188 princeps
473 1135 633 1176 illustris
659 1136 781 1177 hodie
810 1136 928 1177 nobis
954 1136 1111 1176 affulsit.
1171 1137 1233 1176 Ex
1258 1135 1427 1188 imperio
1453 1134 1653 1187 Japonico
1679 1133 1798 1174 nobis
1824 1133 2156 1175 coniunctissimo
2181 1128 2296 1176 adest

261 1196 488 1249 principum
517 1198 699 1238 omnium
728 1198 994 1251 imperialium
1023 1206 1120 1238 natu
1150 1198 1357 1246 maximus,
1380 1197 1450 1249 qui
1477 1197 1519 1236 in
1548 1198 1745 1237 honorem
1769 1195 1978 1248 legationis
2008 1196 2244 1249 splendidae
2272 1211 2295 1238 e

262 1260 376 1312 Rege
409 1267 546 1301 nostro
577 1262 631 1301 ad
663 1261 875 1313 imperium
906 1260 1005 1301 illud
1034 1274 1143 1301 anno
1176 1260 1359 1313 proximo
1392 1259 1549 1309 missae,
1579 1259 1666 1311 ipse
1696 1259 1871 1299 virorum
1899 1258 2116 1311 insignium
2145 1273 2295 1300 corona

261 1320 429 1374 stipatus
447 1324 501 1363 ad
522 1324 675 1375 Regem
696 1331 875 1364 nostrum
897 1323 1069 1364 invicem
1094 1323 1238 1364 missus
1262 1330 1333 1363 est.
1391 1323 1519 1362 Adest
1545 1336 1568 1362 e
1594 1320 1841 1374 principibus
1867 1320 1943 1361 illis
1970 1335 2084 1370 unus,
2107 1322 2188 1373 qui,
2211 1336 2294 1362 non

259 1382 373 1424 aliter
401 1397 523 1436 quam
552 1386 699 1425 domus
727 1392 863 1425 nostra
891 1385 1006 1437 regia,
1029 1385 1168 1426 officiis
1197 1385 1368 1437 publicis
1397 1384 1542 1433 devoti,
1564 1391 1659 1423 ante
1687 1383 1824 1424 omnia
1854 1391 2044 1435 exoptant
2073 1384 2294 1425 ‘natalibus

261 1447 343 1488 suis
361 1450 604 1500 respondere
618 1450 656 1498 ²²,
674 1457 714 1489 et
733 1450 885 1501 populo
905 1449 979 1490 toti
999 1449 1198 1489 comitatis
1213 1456 1253 1489 et
1272 1447 1426 1488 virtutis
1441 1461 1665 1499 proponere
1681 1447 1892 1498 exemplar.
1951 1448 2079 1487 Adest
2094 1446 2291 1500 princeps,

260 1509 331 1562 qui
358 1524 430 1563 per
456 1525 586 1552 annos
614 1513 703 1563 plus
732 1525 854 1564 quam
882 1511 1042 1564 triginta
1070 1511 1126 1551 rei
1155 1511 1314 1550 militari
1342 1510 1514 1558 deditus,
1540 1509 1666 1549 tribus
1695 1522 1718 1549 e
1748 1508 1861 1549 bellis
1887 1510 2040 1548 laureas
2066 1510 2280 1561 reportavit

260 1568 461 1615 honorum
483 1577 630 1627 gradus
657 1589 799 1616 omnes
826 1576 911 1628 ipse
938 1575 1193 1628 percucurrit,
1222 1574 1387 1615 victoria
1413 1573 1589 1625 denique
1615 1572 1656 1612 in
1686 1572 1884 1612 maritima
1913 1571 2040 1611 filium
2068 1572 2180 1612 illum
2211 1586 2293 1613 non

259 1637 347 1677 sine
365 1637 489 1689 gloria
507 1639 758 1679 vulneratum
778 1637 907 1687 vidit⁸,
922 1652 1043 1690 quem
1063 1637 1192 1690 gentis
1211 1638 1393 1677 aemulae
1408 1635 1598 1688 principis
1614 1634 1742 1675 ultimi
1762 1648 1855 1674 cum
1876 1634 1956 1674 filia
1976 1634 2016 1674 in
2037 1635 2293 1676 matrimonio

259 1698 532 1750 coniunctum,
558 1700 772 1752 imperialis
800 1700 1042 1741 concordiae
1071 1700 1215 1752 pignus
1245 1713 1332 1740 esse
1360 1699 1548 1738 constat⁴.
1607 1698 1735 1737 Adest
1769 1696 1945 1749 denique
1973 1697 2040 1745 vir,
2073 1696 2141 1749 qui
2170 1697 2291 1738 etiam

258 1762 369 1815 pacis
397 1763 440 1804 in
467 1764 618 1804 artibus
646 1772 834 1814 versatus,
856 1764 967 1817 pacis
990 1764 1032 1804 in
1055 1763 1195 1804 officiis
1222 1762 1421 1803 obeundis
1445 1769 1553 1801 trans
1580 1760 1703 1800 maria
1726 1773 1871 1812 magna
1897 1762 1986 1812 plus
2015 1773 2136 1812 quam
2167 1762 2291 1801 semel

258 1826 467 1880 navigavit.
525 1827 668 1868 Virum
696 1828 824 1880 igitur,
847 1828 916 1880 qui
944 1828 1047 1868 inter
1075 1841 1168 1868 suos
1195 1827 1249 1867 ob
1275 1826 1460 1866 virtutem
1490 1825 1676 1865 bellicam
1702 1825 1844 1865 ordine
1866 1824 2007 1865 illustri
2030 1833 2091 1865 est
2114 1833 2288 1873 ornatus,

258 1897 419 1931 nosmet
437 1890 524 1943 ipsi,
545 1890 656 1942 pacis
674 1890 907 1942 praesertim
928 1891 1113 1938 cultores,
1134 1889 1229 1929 iuris
1250 1890 1459 1929 doctorem
1479 1887 1650 1928 libenter
1669 1900 1863 1927 creamus.

367 1953 488 1994 Duco
524 1954 578 1994 ad
615 1965 686 1993 vos
723 1951 947 2005 principem
984 1951 1244 2005 imperialem,
1283 1950 1412 1990 virum
1451 1957 1490 1991 et
1527 1948 1623 1990 belli
1660 1956 1701 1990 et
1739 1948 1849 2001 pacis
1890 1949 2041 1990 artibus
2082 1948 2287 1996 illustrem,

257 2014 495 2056 swanum
524 2016 726 2056 Fusmm.

1096 2126 1127 2172 6
1150 2122 1294 2190 June
1334 2139 1351 2171 1
1362 2134 1458 2184 907

367 2241 481 2294 (443)
513 2243 707 2283 SANCTUS
737 2244 895 2292 Paulus,
929 2242 1212 2295 episcoporum
1241 2241 1423 2283 omnium
1453 2242 1664 2294 exemplar,
1696 2239 1818 2281 vitam
1849 2253 1963 2280 suam
1995 2239 2058 2279 ‘in
2087 2239 2291 2280 laboribus

255 2303 437 2357 plurimis
452 2305 461 2323 ’
497 2312 700 2357 peractam
739 2307 946 2358 quondam
984 2307 1226 2354 recordatus,
1259 2307 1360 2346 haec
1397 2305 1519 2345 verba
1556 2304 1660 2344 inter
1697 2303 1774 2344 alia
1813 2303 1874 2355 (ut
1912 2301 2169 2354 meministis)
2204 2316 2292 2354 pro-

255 2365 619 2407 nuntiavit:—‘ter
641 2367 891 2420 naufragium
918 2368 1004 2416 feci,
1027 2375 1147 2408 nocte
1170 2375 1210 2407 et
1230 2367 1296 2408 die
1318 2367 1360 2407 in
1386 2367 1588 2419 profundo
1614 2365 1733 2405 maris
1763 2365 1830 2412 fui,
1852 2364 1894 2404 in
1923 2364 2131 2404 itineribus
2158 2378 2288 2416 saepe,

255 2427 442 2482 periculis
470 2429 937 2482 fluminum,...periculis
966 2431 1006 2470 in
1037 2431 1265 2480 solitudine,
1296 2430 1482 2482 periculis
1513 2431 1554 2469 in
1585 2429 1685 2469 mari
1701 2430 1740 2469 ’⁶.
1799 2428 1924 2468 Maris
1952 2436 2087 2468 autem
2116 2427 2292 2480 pericula

255 2505 468 2544 perpessus
497 2500 557 2533 est
589 2492 710 2533 etiam
743 2495 930 2533 alumnus
959 2493 1025 2534 ille
1058 2501 1194 2533 noster
1223 2507 1346 2545 quem
1379 2506 1507 2544 nuper
1534 2491 1752 2540 amisimus,
1785 2490 1981 2532 Coloniae
2012 2489 2216 2530 Victoriae
2248 2490 2290 2530 in

255 2566 411 2595 oceano
440 2554 598 2595 Sinensi
627 2555 852 2608 episcopus,
874 2555 943 2608 qui
972 2557 1081 2596 haud
1110 2556 1165 2595 ita
1192 2555 1348 2608 pridem
1375 2562 1614 2607 tempestate
1637 2553 1769 2594 subita
1792 2565 2017 2605 oppressus,
2040 2552 2160 2592 maris
2189 2553 2291 2592 inter

255 2619 386 2659 undas
413 2626 583 2660 mortem
604 2618 665 2672 (ut
695 2619 812 2660 nobis
838 2620 1004 2672 quidem
1031 2619 1201 2668 videtur)
1223 2619 1476 2659 immaturam
1502 2618 1685 2658 invenit⁶.
1744 2616 1910 2656 Alumni
1939 2615 2065 2656 nostri
2094 2615 2292 2656 desidera-

254 2680 398 2722 tissimi
426 2682 469 2723 in
494 2684 629 2723 locum
653 2682 866 2735 episcopus
892 2682 1123 2723 nominatus
1143 2690 1204 2723 est
1223 2682 1392 2735 Collegii
1411 2682 1605 2731 eiusdem,
1628 2680 1799 2733 Collegii
1818 2679 1992 2729 maximi,
2013 2681 2212 2728 alumnus,
2234 2679 2292 2719 vir

344 2771 356 2792 ¹
378 2773 575 2815 Aeschylus,
603 2774 707 2806 Eum.
738 2775 831 2807 1028.
881 2774 929 2806 At
954 2773 1012 2805 the
1036 2778 1149 2806 recent
1172 2773 1401 2816 performance
1428 2771 1466 2805 of
1489 2771 1546 2804 the
1572 2771 1787 2810 Eumenides,
1815 2770 1874 2803 the
1902 2769 2018 2802 Furies
2043 2769 2078 2801 in
2103 2768 2189 2801 their
2212 2767 2292 2801 final

255 2816 447 2892 gocession
463 2827 499 2849 as
515 2817 703 2868 reconciled
719 2817 875 2850 denizens
891 2817 931 2849 of
942 2817 1072 2850 Athens
1088 2828 1175 2850 were
1191 2817 1295 2849 robed
1312 2817 1347 2848 in
1362 2816 1493 2867 scarlet.
1532 2815 1573 2866 “It
1596 2815 1662 2847 had
1681 2815 1767 2847 been
1790 2813 1928 2864 pointed
1948 2818 2006 2845 out
2027 2813 2073 2863 by
2095 2813 2146 2845 Dr
2161 2812 2292 2862 Walter

297 2860 430 2893 eadlam
446 2860 519 2893 that
539 2861 606 2894 this
627 2872 695 2894 was
716 2861 773 2894 the
793 2861 909 2894 colour
929 2860 968 2893 of
987 2861 1043 2894 the
1065 2861 1157 2894 dress
1178 2871 1271 2893 worn
1292 2861 1336 2902 by
1352 2861 1510 2893 denizens
1531 2870 1565 2892 in
1585 2859 1643 2892 the
1659 2859 1886 2891 Panathenaic
1902 2867 2105 2900 procession.
2152 2856 2217 2889 See
2239 2856 2292 2889 his

256 2903 372 2937 article
402 2915 446 2936 on
479 2905 558 2938 ‘the
587 2906 652 2938 last
682 2916 780 2938 scene
811 2905 849 2937 of
877 2905 933 2937 the
964 2905 1172 2938 Eumenides
1183 2904 1205 2944 ’,
1238 2905 1273 2936 in
1303 2904 1360 2937 the
1380 2904 1541 2947 Journal
1565 2903 1607 2946 of
1633 2903 1787 2935 Hellenic
1816 2902 1962 2938 Studies,
1993 2900 2072 2933 xxvi
2102 2899 2288 2942 268—277.

253 2945 267 2967 ¹
289 2947 449 2991 Cyprian,
489 2949 564 2982 Vita
586 2949 717 2989 Pontii,
748 2959 779 2992 9,
806 2948 1029 2992 ‘respondere
1056 2960 1117 2981 nos
1147 2949 1244 2981 decet
1275 2948 1443 2980 natalibus
1475 2947 1597 2980 nostris
1607 2946 1696 2986 ',—a
1728 2946 1829 2978 Latin
1859 2945 2051 2988 equivalent
2078 2943 2130 2976 for
2156 2944 2294 2976 noblesse

254 2991 367 3034 oblngm.
485 2990 500 3013 ⁸
522 2993 578 3025 On
593 2993 750 3025 Admiral
766 2992 892 3035 Togo's
909 2993 1066 3035 flag-ship
1083 2993 1118 3025 in
1135 2993 1192 3025 the
1207 2992 1313 3025 battle
1329 2991 1368 3024 of
1380 2992 1437 3024 the
1453 2991 1587 3024 Yellow
1604 2990 1681 3030 Sea,
1702 2990 1832 3031 27—28
1850 2990 1944 3030 May,
1969 2997 2062 3032 1905.
2179 2987 2194 3007 ⁴
2216 2987 2291 3020 The

254 3035 420 3078 marriage
435 3035 474 3068 of
487 3035 604 3069 Prince
621 3037 650 3069 F
650 3036 801 3070 ushimi's
816 3047 878 3070 son
894 3043 929 3070 to
945 3047 966 3068 a
981 3037 1146 3080 daughter
1162 3037 1201 3069 of
1217 3037 1273 3069 the
1289 3037 1352 3068 last
1370 3035 1630 3078 representative
1646 3033 1685 3067 of
1703 3034 1760 3066 the
1776 3034 1860 3065 rival
1878 3033 1996 3065 House
2013 3031 2218 3074 symbolised
2234 3030 2292 3063 the

254 3079 438 3112 extinction
462 3079 501 3112 of
520 3080 576 3113 the
600 3081 658 3112 old
682 3081 773 3113 Dual
795 3080 1038 3119 Government,
1055 3081 1122 3113 and
1142 3080 1199 3113 the
1221 3079 1522 3123 accomplishment
1543 3078 1582 3112 os
1601 3078 1658 3111 the
1682 3077 1850 3120 complete
1872 3076 1967 3118 unity
1990 3075 2028 3108 of
2048 3075 2105 3108 the
2125 3074 2292 3118 Japanese

255 3122 405 3166 Empire.
526 3122 540 3143 ⁶
564 3135 582 3157 2
603 3125 678 3157 Cor.
696 3125 729 3157 xi
748 3135 800 3167 23,
820 3135 873 3167 25,
893 3124 945 3158 26.
1067 3124 1082 3145 ⁶
1101 3125 1230 3168 Joseph
1247 3124 1388 3158 Charles
1405 3124 1531 3164 Hoare,
1551 3123 1657 3162 D.D.,
1678 3121 1806 3165 Bishop
1822 3121 1861 3154 of
1870 3119 2032 3159 Victoria.
2054 3119 2160 3162 Hong
2177 3119 2291 3162 Kong,

258 3167 486 3211 1898—1907.

364 3251 394 3280 S·
418 3251 448 3280 S·
989 3280 993 3284 .
1242 3255 1314 3280 201
2133 3237 2184 3275 26
