2704 3770
802 346 1075 412 Benjamz'n
1098 347 1300 412 Jowett.
1373 348 1559 412 Henry
1592 348 1766 412 Parry
1800 349 2009 398 Lz'ddon.

403 491 505 531 inter
523 491 814 532 vicissitudines
833 505 1022 532 coronam
1043 494 1150 532 illam
1170 492 1434 533 immortalem
1453 495 1638 532 alumnus
1658 500 1792 533 noster
1810 501 1903 534 ante
1921 495 2059 534 oculos
2079 495 2242 535 habebit
2253 509 2266 544 3
2294 504 2415 536 trans-

402 569 481 607 que
501 556 638 606 templi
658 555 848 595 terrestris
867 555 999 595 ruinas
1019 556 1185 596 domum
1205 555 1246 595 in
1267 557 1377 596 caelo
1396 563 1610 605 aeternam,
1626 570 1710 596 non
1729 556 1938 596 hominum
1960 557 2143 598 manibus
2162 565 2411 608 exstructam,

403 617 531 657 indies
552 616 712 668 propius
733 618 1077 670 contemplabitur.

511 681 629 720 Duco
648 681 700 720 ad
720 694 790 720 vos
810 680 935 721 virum
955 682 1175 721 admodum
1195 683 1467 730 reverendum,
1490 684 1732 722 HENRmUM
1754 684 1899 722 WARE.

1217 848 1273 880 10
1297 832 1438 897 June
1482 834 1608 892 1890

507 953 622 1007 (158)
670 956 839 994 Pmivius
882 954 1062 994 omniurn
1105 954 1254 994 incedit
1296 953 1417 994 hodie
1465 954 1632 1006 Collegii
1676 955 1885 995 Balliolani
1932 955 2126 1007 magister,
2165 957 2409 998 Academiae

401 1017 639 1058 Oxoniensis
670 1018 778 1057 haud
813 1018 865 1056 ita
896 1017 1049 1069 pridem
1083 1018 1423 1069 procancellarius,
1454 1016 1511 1055 vir
1543 1017 1785 1057 Academiae
1818 1017 2105 1069 pulcherrimae
2135 1018 2236 1058 inter
2265 1020 2411 1059 decora

399 1079 611 1131 praecipua
630 1079 708 1119 iam
725 1080 880 1119 dudum
901 1087 1141 1120 numeratus.
1201 1079 1368 1119 Litteras
1389 1080 1561 1119 Graecas
1581 1094 1650 1131 per
1670 1080 1882 1121 dimidium
1902 1083 1982 1121 fere
2001 1081 2104 1121 vitae
2123 1094 2218 1121 suae
2236 1081 2407 1134 spatium

397 1144 608 1194 professus,
630 1142 862 1183 liberalitate
881 1143 1125 1194 amplissima
1144 1150 1182 1183 et
1203 1142 1388 1182 historiae
1408 1150 1447 1182 et
1466 1142 1743 1195 philosophiae
1762 1143 1949 1196 antiquae
1968 1145 2185 1191 thesauros,
2205 1144 2326 1184 etiam
2352 1144 2409 1185 eis

397 1206 466 1257 qui
495 1207 646 1246 Graece
676 1205 870 1254 nesciunt,
891 1220 1018 1258 nuper
1045 1205 1265 1246 identidem
1295 1204 1463 1245 reclusit.
1522 1206 1769 1257 Thucydidis
1795 1207 2077 1248 obscuritatem
2101 1208 2191 1247 stilo
2217 1207 2409 1260 imprimis

397 1267 532 1307 lucido
552 1267 839 1318 interpretatus,
861 1281 962 1318 opus
983 1267 1066 1307 eius
1086 1267 1320 1315 immortale,
1339 1280 1420 1306 non
1445 1268 1568 1307 modo
1587 1269 1726 1307 aetatis
1746 1268 1863 1308 huius
1882 1268 1980 1308 actis
2000 1268 2179 1318 diurnis¹,
2197 1269 2268 1309 sed
2287 1268 2408 1309 etiam

397 1328 534 1380 populi
567 1328 822 1368 Atheniensis
853 1328 1052 1380 lapidibus
1083 1325 1280 1379 inscriptis
1309 1328 1513 1379 aliquanto
1546 1328 1671 1368 maius
1702 1343 1788 1369 6556
1820 1329 2019 1369 Britannis
2049 1330 2252 1370 ostendit².
2312 1332 2408 1382 Ipso

397 1392 563 1430 Platone
596 1391 647 1430 de
678 1391 789 1429 caelo
822 1403 896 1429 suo
924 1389 965 1429 in
994 1389 1114 1429 vitam
1148 1398 1324 1429 nostram
1353 1389 1594 1430 cotidianam
1628 1391 1814 1439 deducto,
1846 1389 1915 1442 (ne
1947 1391 2045 1431 alios
2078 1391 2407 1445 commemorem)

394 1452 538 1493 oratori
562 1460 667 1492 certe
694 1454 867 1492 maximo
894 1452 1135 1500 Britannico,
1158 1465 1278 1503 quem
1305 1465 1432 1503 nuper
1457 1451 1672 1500 amisimus,
1704 1451 1919 1493 litterarum
1947 1460 2093 1493 tractus
2121 1453 2228 1504 prius
2250 1453 2407 1507 ignotos

394 1515 611 1566 patefacit³.
668 1514 891 1554 Aristotelis
925 1514 1099 1566 denique
1134 1513 1303 1554 Politiea
1331 1513 1458 1565 patrio
1491 1514 1532 1553 in
1563 1527 1745 1554 sermone
1774 1529 1857 1554 non
1885 1514 2016 1554 minus
2045 1515 2208 1555 feliciter
2235 1515 2408 1556 reddidit

393 1591 514 1629 quam
533 1578 753 1617 luculenter
771 1577 987 1617 illustravit.
1047 1578 1173 1625 Idem,
1196 1578 1303 1616 velut
1322 1578 1419 1616 alter
1439 1577 1631 1625 Socrates,
1654 1576 1752 1628 quid
1770 1577 1836 1617 alii
1856 1591 1989 1617 revera
2014 1576 2055 1616 in
2079 1577 2215 1618 animo
2237 1585 2404 1630 gestent,

393 1653 514 1691 quam
534 1639 723 1690 sagaciter
742 1638 902 1687 indicat,
919 1652 1040 1690 quam
1061 1639 1237 1678 sollerter
1255 1638 1362 1678 elicit
1378 1641 1385 1677 !
1442 1638 1623 1690 Collegio
1639 1651 1712 1678 suo
1726 1637 1870 1690 insigni
1886 1651 2004 1690 quam
2022 1638 2174 1688 fidelis3
2202 1639 2407 1692 discipulis

393 1701 484 1750 suis,
506 1700 575 1752 qui
594 1700 715 1740 totius
734 1700 978 1740 Academiae
1004 1699 1150 1739 totiens
1173 1701 1280 1739 velut
1303 1701 1376 1739 flos
1402 1707 1442 1739 et
1470 1699 1590 1739 robur
1616 1699 1858 1748 exstiterunt,
1880 1706 1978 1750 quot
2000 1712 2127 1739 annos
2153 1713 2274 1752 quam
2299 1708 2407 1742 totus

394 1764 576 1805 deditus!
633 1763 723 1803 Tali
750 1763 791 1802 in
821 1763 903 1803 viro
933 1762 1021 1814 quis
1050 1776 1133 1802 non
1158 1762 1298 1802 tutoris
1327 1769 1366 1802 et
1396 1761 1570 1813 magistri
1598 1761 1811 1813 imaginem
1839 1761 2044 1813 antiquam
2068 1762 2185 1802 nobis
2210 1763 2406 1804 redditam

394 1826 526 1866 statim
554 1832 743 1877 agnoscet
756 1827 774 1864 ?

772 1899 851 1939 ‘Di
879 1901 1075 1940 maiorum
1105 1898 1254 1939 umbris
1283 1906 1445 1939 tenuem
1475 1907 1514 1939 et
1543 1898 1627 1938 sine
1653 1899 1831 1950 pondere
1859 1905 2002 1938 terram

796 1954 1069 2005 spirantesque
1098 1967 1236 1993 crocos
1265 1961 1304 1993 et
1333 1953 1373 1992 in
1404 1966 1502 1992 urna
1531 1959 1767 2004 perpetuum
1795 1966 1872 2001 ver,

798 2007 866 2059 qui
894 2015 1193 2083 praeceptorem
1222 2008 1348 2047 sancti
1377 2009 1536 2046 voluere
1565 2006 1737 2058 parentis

797 2075 883 2102 esse
911 2063 1002 2101 loco
1046 2091 1053 2100 .

501 2139 618 2177 Duco
643 2139 695 2177 ad
724 2150 794 2176 vos
819 2136 1034 2176 iuventutis
1059 2135 1326 2175 Academicae
1353 2141 1647 2187 praeceptorem
1672 2133 1929 2182 carissimum,
1951 2133 2053 2174 vitae
2078 2135 2266 2186 antiquae
2288 2134 2402 2176 inter-

392 2207 546 2251 pretem
568 2199 733 2246 felicem,
756 2199 1024 2238 Professorem
1044 2199 1226 2248 Jowmr.

498 2337 612 2391 (159)
643 2338 718 2378 Isis
743 2337 783 2377 in
807 2337 891 2388 ripa
914 2336 1062 2376 diutius
1083 2350 1293 2385 moramur,
1316 2336 1559 2376 Academiae
1578 2337 1772 2387 templum
1792 2335 1961 2375 libenter
1979 2335 2182 2385 intramus,
2203 2343 2399 2376 oratorem

389 2401 446 2441 ibi
480 2413 666 2451 magnum
697 2399 896 2438 intuemur
927 2398 1146 2449 argumenti
1176 2398 1320 2450 magni,
1351 2397 1571 2450 argumenti
1606 2396 1729 2437 divini
1758 2397 1975 2445 conscium,
2005 2397 2248 2438 Academiae
2276 2410 2400 2450 prope

389 2463 510 2503 totius
535 2476 648 2502 aures
676 2469 908 2513 mentesque
937 2469 1086 2501 erectas
1111 2469 1324 2501 tenentem.
1382 2462 1543 2500 Tamesi
1567 2460 1731 2500 flumine
1750 2467 1889 2511 postea
1908 2459 2074 2507 devecti,
2095 2461 2269 2500 eundem
2292 2459 2401 2500 urbis

390 2525 584 2565 maximae
625 2523 797 2563 maximo
839 2522 880 2562 in
923 2524 1084 2574 templo,
1122 2536 1255 2562 coram
1299 2523 1494 2562 immensa
1531 2521 1677 2561 civium
1715 2521 1982 2570 multitudine,
2021 2521 2249 2573 eloquentia
2285 2521 2401 2561 solita

389 2587 688 2627 contionantem
725 2583 988 2637 agnoscimus.
1062 2584 1199 2624 Hodie
1237 2597 1328 2624 vero
1367 2584 1482 2625 Carni
1519 2597 1644 2635 prope
1678 2582 1895 2634 marginem
1927 2596 2059 2622 rursus
2096 2584 2270 2631 eundem
2307 2596 2400 2623 con-

389 2649 579 2702 templati,
602 2657 694 2688 ante
714 2648 849 2688 omnia
868 2649 1121 2687 recordamur
1140 2647 1247 2698 quali
1265 2647 1448 2695 amicitia,
1472 2646 1605 2686 Sancti
1625 2645 1737 2685 Pauli
1760 2645 2043 2685 canonicorum
2069 2645 2110 2685 in
2133 2645 2283 2695 ordine,
2305 2658 2398 2685 cum

388 2714 539 2763 collega
571 2724 644 2750 suo
674 2709 1000 2761 Cantabrigiensi,
1032 2717 1170 2760 postea
1195 2710 1385 2761 episcopo
1416 2708 1678 2748 Dunelmensi
1707 2709 1968 2756 consecrato⁶,
1999 2707 2237 2747 coniunctus
2269 2707 2395 2748 fuerit.

386 2774 614 2814 Amicitiam
647 2773 754 2812 illam
788 2780 953 2812 testatur
983 2774 1143 2811 Patrum
1178 2772 1501 2824 Apostolicorum
1534 2772 1585 2810 ab
1615 2770 1805 2822 episcopo
1837 2769 1905 2809 illo
1937 2769 2133 2809 editorum
2163 2769 2393 2817 dedicatio⁸,

387 2844 549 2876 testatur
578 2837 703 2877 oratio
727 2850 806 2887 qua
832 2837 983 2875 amicus
1010 2843 1207 2887 superstes
1232 2834 1409 2885 episcopi
1435 2832 1757 2874 desideratissimi
1784 2832 2015 2871 memoriam
2044 2839 2276 2883 prosecutus
2302 2829 2395 2871 est⁷.

472 2943 484 2963 ¹
509 2947 516 2961 ‘
531 2944 546 2975 Ι
563 2943 691 2976 believe
714 2943 740 2974 it
761 2942 821 2974 has
841 2942 926 2974 been
949 2942 1020 2974 said
1041 2941 1112 2974 that
1129 2952 1192 2973 one
1208 2952 1294 2983 copy
1309 2940 1347 2973 of
1372 2940 1439 2972 The
1461 2941 1569 2972 Times
1585 2939 1736 2972 contains
1759 2948 1852 2970 more
1874 2938 1979 2970 useful
2003 2938 2213 2970 information
2237 2938 2318 2970 than
2337 2937 2395 2971 the

386 2987 495 3019 whole
517 2987 555 3018 of
574 2987 630 3019 the
652 2986 823 3018 historical
845 2986 954 3017 books
976 2985 1014 3017 of
1033 2985 1267 3027 Thucydides’
1286 2984 1448 3024 (Richard
1474 2983 1614 3016 Cobden
1637 2987 1671 3014 at
1693 2983 1750 3014 the
1774 2981 1987 3013 Manchester
2010 2981 2234 3019 Athenaeum,
2252 2990 2290 3023 27
2308 2982 2394 3014 Dec.

392 3031 499 3070 1850).
617 3029 630 3048 ²
655 3033 663 3047 ⁴
678 3030 772 3061 Even
788 3035 823 3061 to
838 3029 1028 3070 appreciate
1043 3029 1100 3060 the
1117 3028 1213 3060 value
1229 3028 1267 3059 of
1278 3027 1358 3059 such
1375 3027 1529 3065 remains,
1548 3027 1572 3058 it
1589 3026 1617 3058 is
1634 3031 1668 3057 to
1685 3026 1740 3057 the
1756 3025 1874 3066 higher
1889 3025 1987 3066 study
2002 3024 2041 3057 of
2051 3024 2107 3057 the
2123 3026 2216 3056 mind
2228 3025 2267 3057 of
2277 3024 2396 3057 Hellas

385 3073 452 3105 and
467 3073 506 3105 of
524 3073 582 3105 her
603 3078 696 3115 great
711 3083 788 3104 men
808 3072 879 3104 that
893 3083 942 3104 we
958 3077 1045 3104 must
1061 3077 1171 3103 return
1184 3072 1191 3087 '
1217 3070 1355 3111 (Essays
1369 3082 1411 3102 on
1428 3070 1655 3111 Inscriptions,
1668 3069 1711 3100 ad
1727 3068 1798 3105 fin.‚
1816 3068 1849 3100 in
1872 3068 1906 3099 T
1900 3069 2088 3100 ranslatz'on
2102 3068 2143 3111 qf
2162 3066 2391 3109 Thucydides).

385 3115 399 3136 ⁸
418 3117 509 3158 John
525 3116 653 3157 Bright.
785 3114 799 3134 ⁴
819 3116 971 3156 Juvenal,
989 3115 1033 3146 vii
1050 3123 1111 3155 207
1124 3115 1145 3146 f.
1289 3113 1303 3134 ⁶
1325 3114 1377 3155 Bp
1394 3113 1578 3156 Lightfoot.
1709 3110 1723 3131 ⁶
1747 3111 1947 3144 Dedication
1963 3111 2001 3143 of
2014 3111 2215 3153 Lightfoot’s
2230 3112 2395 3153 Apostolic

386 3160 534 3199 Fatlzers,
555 3160 632 3191 Part
648 3159 682 3196 ii,
700 3158 751 3190 ed.
775 3159 867 3200 1889.
1000 3157 1013 3178 ⁷
1037 3159 1176 3191 Sermon
1193 3157 1226 3190 in
1243 3157 1281 3190 St
1299 3156 1408 3189 Paul’s
1425 3155 1615 3195 Cathedra1‚
1635 3165 1675 3188 υ
1692 3155 1777 3188 Dec.
1797 3155 1889 3198 1889.
2387 3182 2390 3183 γ

1356 3226 1408 3264 80
