2704 3770
577 292 862 362 Um‘versity
896 296 960 361 qs
996 293 1284 344 chonsz'n.
1365 290 1651 355 Unz'versz'ty
1685 291 1750 356 of
1780 292 1831 340 T
1825 293 1959 342 urin.

532 457 792 497 Um‘versitasz'
816 459 864 497 de
900 457 1110 497 Wisconsin
1139 456 1180 496 S.
1211 456 1258 495 P.
1291 456 1352 495 D.
1389 454 1634 494 Universitas
1666 453 2008 504 Cantabrigienstk.

362 537 478 590 (569)
507 539 548 579 N
550 550 609 579 οΝ
632 540 720 581 sine
743 540 893 593 gaudio
916 553 1045 593 nuper
1067 538 1254 580 certiores
1277 536 1372 577 facti
1395 548 1547 584 sumus,
1569 534 1883 576 Universitatem
1902 543 2073 576 vestram
2094 537 2271 578 florentis

252 598 396 641 simam
415 614 569 642 annum
589 603 967 657 quinquagesimum
987 617 1036 644 ex
1054 616 1104 644 eo
1124 602 1203 651 die,
1223 615 1306 654 quo
1325 600 1500 653 primum
1521 598 1698 640 Comitia
1718 598 1897 638 Maxima
1917 598 2122 649 habuistis,
2146 613 2284 642 mense

251 663 435 716 proximo
454 678 543 706 esse
561 667 862 709 celebraturam.
923 667 1048 708 Maris
1074 666 1239 720 quidem
1264 674 1304 706 et
1327 672 1454 705 terrae
1477 663 1614 716 spatiis
1636 663 1844 703 immensis
1867 676 1892 703 a
1910 662 2029 703 nobis
2053 663 2180 712 divisi,
2201 677 2285 705 non

251 726 407 778 generis
444 733 602 768 tantum
640 735 680 769 et
717 729 876 782 linguae
909 737 949 770 et
982 729 1206 770 studiorum
1240 727 1432 768 societate
1465 727 1537 766 sed
1571 724 1692 765 etiarn
1725 724 1889 777 hospitii
1922 724 2007 765 iure
2040 722 2165 765 nobis*
2191 726 2285 766 estis

252 788 470 831 coniuncti.
529 792 647 832 Iuvat
684 793 830 834 mentis
861 795 1003 834 saltem
1036 795 1163 834 oculis
1197 806 1220 832 e
1253 790 1475 844 longinquo
1513 789 1778 842 contemplari
1814 788 2095 830 Universitatis
2133 796 2286 830 vestrae

254 853 406 901 sedem,
441 852 487 893 in-
520 855 623 894 colle
661 855 923 896 saluberrimo
960 869 1086 908 prope
1122 857 1233 895 lacus
1270 852 1558 906 pulcherrimos
1591 851 1776 903 positam,
1809 851 1880 892 ubi
1918 851 2135 904 sapientiae
2172 859 2288 903 porta

253 914 445 956 omnibus
463 922 584 968 patet,
607 916 676 956 ubi
695 917 816 958 etiam
836 917 918 970 agri
938 919 1117 958 culturae
1136 917 1269 958 studia
1288 916 1367 956 iam
1387 915 1544 968 pridem
1564 916 1793 960 floruerunt,
1806 914 1877 954 ubi
1897 914 2087 955 scientiae
2106 915 2287 955 caelestis

251 990 320 1019 arx
347 980 547 1031 quaedam
575 981 835 1021 celeberrima
864 981 986 1022 stellis
1015 980 1277 1022 observandis
1310 980 1380 1020 diu
1411 978 1598 1019 dedicata
1631 986 1703 1028 est,
1735 977 1806 1018 ubi
1838 977 2081 1018 bibliotheca
2111 978 2287 1030 denique

253 1040 398 1082 eximia
425 1042 669 1094 reipublicae
697 1053 850 1086 vestrae
879 1046 1076 1086 maximae
1105 1045 1310 1097 regionem
1339 1043 1633 1084 occidentalem
1663 1042 1851 1082 historiae
1877 1041 2109 1094 praesertim
2135 1042 2286 1083 lumine

252 1103 431 1145 illustrat.
492 1107 609 1147 Haec
632 1109 780 1158 omnia,
802 1123 975 1162 quorum
996 1111 1102 1149 fama
1120 1110 1174 1149 ad
1194 1122 1268 1148 nos
1287 1106 1478 1159 pervenit,
1500 1105 1619 1158 legati
1642 1119 1691 1146 ex
1713 1104 1885 1145 alumnis
1908 1105 2053 1145 nostris
2072 1106 2189 1146 electi
2213 1106 2288 1158 ipsi

252 1174 482 1219 praesentes
512 1168 718 1220 videbunt,
750 1184 853 1223 quos
884 1186 907 1212 e
936 1171 1142 1223 provincia
1170 1178 1306 1211 nostra
1337 1167 1568 1210 Canadensi
1596 1167 1771 1207 fluminis
1806 1167 1995 1207 Laurenti
2022 1181 2047 1207 a
2074 1167 2160 1220 ripa
2187 1170 2289 1209 ultra

253 1229 364 1270 lacus
383 1228 472 1271 illos
492 1231 674 1284 ingentes
693 1234 746 1274 ad
767 1234 1080 1275 Universitatem
1100 1241 1271 1274 vestram
1291 1231 1455 1272 honoris
1476 1244 1596 1271 causa
1611 1230 1837 1270 mittimus¹.
1897 1231 1984 1271 Nos
2000 1230 2158 1271 interim
2174 1230 2288 1271 vobis

254 1292 444 1333 omnibus
463 1307 535 1346 per
552 1295 745 1346 plurimos
765 1296 807 1336 in
826 1304 1031 1348 posterum
1051 1310 1180 1337 annos
1200 1295 1338 1336 omnia
1358 1307 1547 1347 prospera
1565 1292 1855 1345 exoptabimus.
1914 1294 2066 1334 Valete.

363 1373 522 1413 Datum
548 1375 826 1428 Cantabngiae

473 1430 613 1469 mensis
630 1431 747 1470 Maii
759 1433 820 1470 die
838 1431 910 1471 xiio

581 1486 634 1524 A.
657 1486 698 1526 S.
722 1493 891 1527 McM1v0.

335 1631 480 1682 Regiae
506 1631 735 1672 Studiorum
773 1633 1037 1673 Universitati
1067 1633 1308 1672 Taurinensi
1331 1633 1372 1672 S.
1403 1633 1452 1671 P.
1482 1633 1538 1671 D.
1583 1631 1829 1671 Unimrsitas
1860 1632 2201 1683 Cantabrzgzknszk.

365 1713 481 1767 (570)
520 1716 623 1755 NON
655 1715 742 1756 sine
775 1717 915 1757 dolore
949 1729 1106 1768 magno,
1139 1715 1211 1755 viri
1250 1714 1474 1755 studiorum
1512 1714 1790 1755 communium
1824 1714 2015 1755 societate
2045 1715 2163 1756 nobis
2196 1729 2291 1756 con-

254 1774 503 1825 iunctissimi,
525 1777 635 1817 haud
658 1777 713 1817 ita
739 1778 895 1830 pridem
922 1778 1196 1830 cognovimus,
1218 1777 1506 1818 bibliothecam
1534 1783 1706 1816 vestram
1732 1775 1949 1828 publicam,
1970 1790 2063 1817 cum
2088 1777 2291 1819 Universi-

253 1845 336 1880 tate
356 1846 485 1880 vestra
503 1846 585 1880 tam
605 1840 675 1881 diu
695 1841 982 1890 consociatam,
1003 1840 1182 1882 incendii
1201 1842 1359 1881 cladem
1383 1840 1655 1892 gravissimam
1675 1853 1763 1881 esse
1781 1840 1970 1893 passam².
2030 1841 2291 1882 Universitati

254 1913 350 1942 vero
377 1901 603 1943 calamitate
631 1910 743 1943 tanta
771 1903 835 1943 vix
863 1905 944 1944 ulla
973 1904 1100 1945 maior
1127 1903 1310 1944 accidere
1339 1903 1481 1955 potuit.
1540 1903 1702 1943 Etenim
1727 1916 1868 1944 musea
1890 1902 2055 1955 quidem
2077 1903 2221 1944 artium
2250 1913 2290 1946 et

254 1963 510 2004 scientiarum
529 1964 773 2017 singularum
794 1967 847 2006 ad
867 1967 1043 2018 singulas
1069 1965 1301 2018 praesertim
1327 1964 1609 2006 Universitatis
1635 1972 1766 2016 partes
1790 1964 1987 2016 pertinere
2006 1965 2291 2017 perhibentur3

255 2024 536 2067 Universitatis
558 2034 694 2067 autem
721 2027 843 2068 totius
869 2027 1170 2077 bibliothecam,
1192 2027 1307 2080 quasi
1335 2027 1480 2067 artium
1509 2034 1550 2067 et
1575 2026 1830 2067 scientiarum
1860 2027 2042 2067 omnium
2072 2042 2290 2070 commune

254 2089 462 2141 templum,
499 2088 750 2130 Universitas
779 2097 864 2130 tota
894 2097 1115 2131 veneratur.
1174 2092 1307 2130 Tanta
1339 2103 1434 2130 vero
1464 2089 1656 2129 librorum
1689 2088 1946 2130 multitudine
1973 2089 2015 2129 in
2045 2090 2291 2132 bibliotheca

254 2159 386 2194 vestra
414 2152 578 2205 publica
609 2153 800 2194 incendio
831 2154 940 2195 fatali
973 2161 1224 2206 consumpta,
1256 2161 1465 2206 propterea
1494 2160 1631 2192 tamen
1664 2152 1791 2202 vobis,
1822 2159 1866 2192 ut
1898 2152 2002 2193 inter
2029 2155 2178 2194 damna
2206 2162 2289 2195 tam

255 2227 412 2267 magna,
441 2215 613 2257 libenter
642 2218 896 2269 gratulamur,
928 2219 1040 2269 quod
1068 2231 1091 2257 e
1125 2218 1297 2257 flammis
1326 2216 1492 2257 feliciter
1520 2223 1656 2268 erepta
1684 2223 1777 2256 sunt
1805 2215 2023 2256 litterarum
2053 2230 2136 2258 non
2165 2220 2291 2260 modo

256 2277 490 2318 Latinamm
510 2280 583 2319 sed
603 2278 723 2319 etiam
746 2278 1059 2319 Hibernicarum
1083 2286 1347 2320 monumenta
1371 2280 1573 2331 quaedam
1596 2278 1875 2328 vetustissima,
1897 2279 2104 2320 doctrinae
2129 2280 2170 2320 in
2194 2282 2291 2322 sede

254 2339 323 2382 illa
345 2343 553 2394 quondam
579 2351 824 2392 conservata,
847 2356 969 2394 quam
999 2344 1169 2383 Sanctus
1197 2343 1477 2384 Columbanus
1498 2356 1546 2382 ex
1571 2341 1711 2382 insulis
1738 2341 1883 2382 nostris
1906 2350 2065 2383 exortus
2091 2344 2289 2384 montium

255 2411 477 2445 vestrorum
497 2406 538 2445 in
558 2404 649 2445 sinu
668 2405 889 2457 antiquitus
909 2406 1122 2446 condidit³.
1183 2407 1289 2457 Ergo
1310 2412 1475 2445 manent
1495 2404 1653 2456 ignibus
1668 2404 1818 2444 intacta
1834 2412 1966 2445 vetera
1984 2405 2051 2446 illa
2066 2406 2290 2447 studiorum

255 2473 483 2507 nostrorum
517 2467 793 2508 communium
828 2467 1005 2520 pignora.
1065 2470 1236 2508 Manent
1269 2467 1418 2519 irrupta
1452 2466 1572 2507 etiam
1606 2466 1684 2505 alia
1716 2466 1819 2507 inter
1850 2467 2008 2507 Italiam
2046 2476 2217 2509 vestram
2251 2477 2291 2510 et

256 2529 540 2572 Britannorum
566 2532 716 2572 insulas
742 2531 1049 2572 necessitudinis
1069 2531 1252 2580 vincula3
1281 2532 1444 2578 etenim,
1465 2543 1549 2570 non
1574 2531 1698 2570 modo
1722 2530 1875 2570 litterae
1898 2530 2088 2583 antiquae
2110 2531 2153 2572 in
2174 2533 2291 2573 Italia

255 2592 429 2645 primum
450 2601 610 2634 renatae
629 2593 779 2634 insulas
800 2601 954 2634 nostras
974 2607 1081 2633 novo
1100 2593 1252 2633 lumine
1272 2592 1369 2632 olim
1389 2592 1643 2640 illustrarunt,
1667 2593 1739 2632 sed
1760 2591 1880 2632 etiam
1901 2606 2029 2644 nuper
2053 2594 2169 2634 Italia
2192 2602 2288 2642 tota,

255 2655 403 2696 domus
422 2656 632 2697 Sabaudae
651 2657 728 2696 sub
747 2656 906 2708 regibus
926 2656 968 2695 in
989 2669 1115 2696 unum
1138 2655 1366 2705 coniuncta,
1391 2654 1675 2695 Britannorum
1700 2655 2025 2695 benevolentiam
2049 2656 2289 2708 singularem

255 2717 451 2759 excitavit.
509 2719 635 2770 Quod
653 2720 706 2760 ad
726 2726 886 2760 nosmet
905 2718 1014 2770 ipsos
1035 2719 1211 2770 denique
1235 2717 1388 2767 attinet,
1411 2724 1548 2757 nostra
1570 2724 1677 2757 certe
1701 2716 1963 2767 Universitas,
1984 2717 2098 2758 cuius
2117 2732 2140 2759 e
2166 2722 2289 2772 prelo,

256 2781 445 2822 codicum
475 2790 696 2824 vestrorum
729 2782 887 2832 auxilio,
926 2782 1203 2823 Hibernorum
1237 2782 1396 2834 linguae
1428 2781 1617 2834 antiquae
1655 2782 1886 2822 Thesaurus
1918 2796 2047 2823 novus
2085 2783 2126 2823 in
2159 2786 2291 2825 lucem

256 2856 385 2896 nuper
416 2844 540 2895 exiit⁴,
576 2844 638 2885 his
677 2845 819 2885 saltem
857 2843 996 2884 litteris
1034 2851 1216 2885 nostrum
1255 2843 1438 2884 omnium
1478 2843 1802 2884 benevolentiam
1840 2845 2079 2886 testantibus
2116 2854 2291 2888 vestrum

345 2951 358 2973 ¹
378 2952 411 2995 J,
437 2952 480 2987 G.
508 2953 645 2992 Adam,
675 2954 788 2991 M.D.,
815 2954 912 2996 Jesus
935 2953 1087 2996 College,
1114 2952 1285 2986 Professor
1311 2952 1349 2985 of
1374 2952 1518 2986 Patholo
1567 2975 1574 2990 ‚
1599 2952 1666 2984 and
1695 2952 1742 2985 H.
1771 2952 1813 2985 T.
1839 2953 1964 2995 Bovey‚
1990 2953 2102 2993 Μ.Α.,
2129 2953 2288 2996 Queens’,

259 2995 430 3030 Professor
445 2997 484 3030 of
495 2997 735 3041 Engineering,
755 2997 937 3031 Montreal.
1088 2995 1102 3016 ²
1126 2996 1168 3029 26
1182 2998 1259 3039 Jan.
1281 3006 1376 3040 1904.
1562 2996 1655 3030 MSS
1677 2996 1763 3029 from
1789 2996 1934 3034 Bobbio,
1953 2998 2021 3030 SE.
2039 2997 2077 3029 of
2097 2998 2211 3030 Pavia.
2258 2998 2291 3031 It

257 3050 328 3073 was
348 3039 542 3073 afterwards
562 3041 770 3074 ascertained
793 3041 866 3074 that
889 3051 982 3074 some
1006 3040 1045 3073 of
1064 3041 1158 3073 these
1180 3040 1271 3074 MSS
1286 3041 1354 3072 had
1370 3040 1457 3073 been
1472 3040 1661 3082 destroyed,
1681 3051 1735 3083 cp.
1754 3041 1865 3083 Reply
1883 3040 1918 3073 in
1941 3042 1990 3073 Re
2011 3046 2110 3079 orter,
2129 3052 2170 3083 24
2189 3042 2290 3084 June,

262 3092 357 3126 1904,
374 3095 408 3127 p.
430 3094 508 3119 1001
524 3084 547 3125 f,
566 3085 634 3118 and
653 3086 797 3127 History
819 3085 861 3128 of
879 3085 1042 3117 Classical
1061 3085 1286 3127 Scholarship,
1306 3085 1317 3116 i
1335 3083 1448 3127 (1906)
1466 3093 1541 3126 454.
1775 3082 1789 3103 ⁴
1813 3084 1963 3128 Whitley
2006 3085 2103 3118 tokes
2117 3086 2185 3118 and
2197 3086 2290 3130 John

260 3127 437 3167 Strachan,
459 3129 654 3162 Thesaurus
669 3130 995 3167 Palaeohibemicus,
1013 3140 1030 3162 2
1047 3129 1144 3169 vols„
1167 3138 1305 3172 1901-4.

1238 3202 1311 3240 261
