2704 3770
382 308 611 357 Willz'am
644 307 916 356 Robertson
955 306 1139 356 sz'tlz.
1211 307 1461 355 Ludovz‘co
1496 307 1737 372 Fea'erzjgo
1774 308 2061 356 Menabrea.

203 466 430 506 expressam
459 453 655 492 fluctuum
685 451 844 492 illorum
872 450 1226 491 innumerabilium
1255 451 1402 502 fugam,
1427 452 1535 502 velut
1563 451 1604 490 in
1630 464 1785 491 oceano
1814 451 2012 491 immenso
2041 451 2127 492 sine
2155 453 2235 492 fine

204 513 567 556 tumultuantium1.

314 577 432 617 Iuvat
477 575 594 628 igitur
640 576 775 616 laurea
811 582 947 616 nostra
990 574 1113 616 hodie
1150 588 1343 615 coronare
1380 574 1508 614 virum
1546 581 1586 614 et
1623 573 1717 614 artis
1755 581 1794 614 et
1832 573 2022 614 scientiae
2060 575 2235 615 musicae

203 637 499 692 peritissimum,
539 637 654 679 cuius
700 638 803 678 inter
848 639 989 679 laudes
1031 651 1164 690 neque
1206 645 1361 690 patrem
1404 638 1489 678 eius
1527 637 1740 689 praeterire
1777 650 2002 689 possumuS‚
2042 636 2235 688 pictorem

203 701 396 743 eximium
415 700 486 754 qui
503 700 696 741 ecclesiae
717 700 889 741 Eliensis
908 699 1110 752 laquearia
1129 713 1201 740 sua
1220 713 1354 748 manu,
1377 713 1452 740 suo
1472 707 1647 752 sumptu,
1670 699 1867 748 ornavit²;
1897 712 2030 751 neque
2053 713 2235 739 socerum

204 764 302 814 eius,
323 755 533 806 Sidneium
554 764 740 813 Herbert‚
758 763 888 804 virum
908 771 948 804 et
967 764 1019 805 de
1039 763 1208 804 ecclesia
1228 771 1268 804 et
1283 764 1336 804 de
1350 763 1476 815 patria
1491 763 1644 816 optime
1660 763 1857 812 meritum,
1872 763 1985 803 cuius
2002 764 2236 803 memoriam

204 830 349 880 poetae
366 826 522 880 antiqui
540 825 672 868 verbis
691 827 900 879 paululum
920 826 1082 867 mutatis
1101 827 1303 867 celebrare
1322 826 1451 866 ausim
1468 842 1475 866 :

666 908 707 941 te
735 914 893 952 semper
922 900 1072 953 patriae
1101 914 1192 941 mea
1221 902 1342 941 Musa
1370 900 1562 941 intexeret
1590 900 1721 950 armis,

720 962 761 996 et
789 962 950 1007 sumpta
977 963 1017 996 et
1045 955 1176 1007 posita
1204 969 1304 1008 pace
1332 957 1451 997 fidele
1481 954 1634 1008 caput³.

313 1030 442 1072 Vobis
467 1031 585 1084 igitur
609 1038 822 1084 praesento
847 1030 976 1070 virum
1004 1037 1044 1071 et
1073 1044 1148 1071 suo
1176 1037 1216 1071 et
1245 1044 1408 1071 suorum
1437 1030 1603 1071 nomine
1631 1031 1751 1071 laude
1782 1037 1917 1070 nostra
1945 1029 2236 1081 dignissimum,

203 1094 419 1137 CAROLUM
440 1095 694 1133 HUBERTUM
715 1095 875 1133 PARRY.

1039 1188 1065 1237 7
1093 1174 1236 1241 June
1279 1176 1405 1237 1883

313 1287 402 1342 (62)
441 1290 640 1329 MULTUM
659 1288 701 1328 in
722 1288 922 1329 Palmerio
941 1295 1080 1328 nostro
1100 1301 1228 1340 nuper
1250 1287 1460 1327 amisimus
1473 1302 1484 1337 ς
1514 1288 1582 1339 qui
1607 1287 1734 1340 qualis
1761 1294 1800 1328 et
1827 1294 2000 1339 quantus
2026 1286 2084 1326 vir
2109 1287 2236 1336 fuerit,

203 1358 360 1392 vosmet
396 1350 473 1403 ipsi
510 1350 787 1391 recordamini.
847 1352 944 1390 Erat
974 1351 1014 1390 in
1053 1350 1122 1391 illo
1152 1350 1228 1403 (uti
1262 1350 1518 1403 meministis)
1550 1351 1755 1403 ingenium
1790 1358 1872 1389 tam
1907 1349 2125 1401 multiplex,
2156 1358 2238 1390 tam

202 1414 349 1468 pariter
372 1415 426 1455 ad
451 1414 589 1455 omnia
609 1416 802 1463 versatile,
825 1422 869 1454 ut
889 1421 1029 1454 natum
1053 1415 1106 1454 ad
1126 1414 1168 1454 id
1188 1427 1315 1454 unum
1336 1413 1521 1454 diceretis
1541 1415 1830 1465 quodcumque
1853 1413 2014 1465 ageret⁴.
2075 1415 2172 1453 Erat
2197 1414 2239 1453 in

203 1477 274 1518 illo
293 1476 363 1530 (ne
390 1478 504 1529 plura
531 1476 865 1528 commemorem)
885 1476 1045 1516 animus
1069 1476 1236 1525 subtilis,
1262 1484 1415 1525 acutus,
1437 1477 1610 1525 facetus;
1639 1489 1797 1516 morum
1826 1475 2030 1515 urbanitas
2057 1489 2215 1515 summa
2228 1491 2239 1526 ς

204 1540 428 1593 linguarum
447 1541 625 1592 denique
643 1539 896 1580 orientalium
916 1539 1161 1580 admirabilis
1181 1539 1248 1579 illa
1267 1539 1417 1592 peritia,
1439 1541 1548 1580 unde
1569 1547 1608 1580 et
1631 1541 1779 1580 famam
1806 1540 2021 1580 maximam
2047 1547 2087 1580 et
2113 1541 2239 1580 fatum

205 1604 435 1644 luctuosum
455 1610 696 1643 consecutus
715 1610 799 1643 est:
832 1606 841 1623 ‘
853 1615 937 1642 non
956 1601 1022 1642 ille
1041 1615 1115 1654 pro
1134 1602 1234 1642 caris
1254 1601 1394 1642 amicis
1413 1609 1482 1642 aut
1501 1602 1627 1654 patria
1647 1601 1812 1642 timidus
1832 1602 1959 1653 perire
1974 1603 2012 1642 '⁵.

314 1667 594 1707 Successorem
628 1665 732 1706 illius
766 1665 888 1706 hodie
925 1665 1172 1706 Academiae
1206 1665 1372 1706 nomine
1405 1667 1554 1706 salvere
1583 1665 1967 1716 iubemus,—virum
2000 1679 2083 1706 non
2115 1667 2240 1707 modo

205 1730 402 1771 Arabicae
421 1737 462 1770 et
482 1729 711 1770 Hebraicae
725 1729 884 1782 linguae
900 1730 972 1770 sed
987 1728 1364 1769 mathematicorum
1381 1742 1544 1781 quoque
1559 1730 1784 1770 studiorum
1799 1730 2021 1770 admodum
2043 1729 2214 1782 peritum
2230 1744 2240 1779 ;

205 1793 276 1846 qui
301 1793 612 1834 Academiarum
635 1793 966 1834 Germanicarum
993 1792 1177 1833 doctrina
1203 1792 1431 1841 instructus,
1454 1792 1556 1833 inter
1578 1792 1906 1833 Aberdonienses
1933 1806 2027 1833 suos
2053 1794 2163 1833 haud
2186 1792 2241 1832 ita

205 1855 362 1910 pridem
398 1855 547 1896 litteras
586 1855 811 1896 Hebraicas
849 1856 1119 1908 profitebatur,
1156 1854 1353 1896 iuventuti
1391 1855 1663 1896 Academicae
1702 1856 1821 1895 unice
1854 1854 2035 1895 dilectus.
2096 1858 2241 1895 Postea

205 1917 248 1959 in
281 1917 463 1959 maximis
491 1917 739 1959 Caledoniae
767 1918 935 1958 urbibus
964 1917 1067 1958 inter
1096 1917 1311 1958 maximam
1340 1917 1592 1958 audientium
1621 1917 1897 1970 frequentiam,
1930 1931 2090 1958 summo
2117 1916 2241 1957 animi

202 1982 390 2031 candore,
411 1993 572 2021 summo
600 1979 774 2020 veritatis
796 1993 943 2029 amore,
966 1982 1018 2021 de
1041 1980 1285 2032 argumentis
1311 1979 1432 2020 sacris
1459 1979 1687 2032 disputavit.
1748 1982 1865 2020 Idem
1892 1979 2135 2021 doctissimis
2164 1978 2240 2019 illis

203 2043 297 2086 viris
321 2043 546 2097 adscriptus
572 2051 642 2092 est,
666 2043 812 2096 quibus
836 2046 1142 2084 Testamentum
1167 2046 1294 2084 Vetus
1322 2043 1491 2095 Anglice
1510 2043 1712 2083 redditum
1734 2044 2035 2083 emendandum
2062 2042 2238 2082 traditur.

204 2107 345 2160 Nuper
380 2106 423 2147 in
459 2105 609 2147 Arabia
641 2107 731 2147 exul
762 2105 854 2146 felix
887 2114 1171 2154 commoratus,
1205 2114 1245 2147 et
1282 2106 1479 2146 Arabicae
1516 2105 1675 2158 linguae
1708 2105 2001 2147 consuetudine
2039 2104 2242 2146 cotidiana

203 2170 406 2218 adsuetus,
433 2168 552 2209 nobis
578 2168 658 2209 iam
688 2175 924 2222 praeceptor
951 2170 1080 2218 datus,
1107 2176 1243 2209 nostra
1271 2176 1378 2209 certe
1406 2168 1447 2208 in
1471 2168 1694 2209 Academia
1722 2167 1947 2209 doctrinam
1977 2181 2091 2208 suam
2119 2167 2242 2207 libere

202 2232 403 2286 impertiet
414 2246 426 2283 3
455 2231 708 2273 orientalium
735 2232 916 2284 gentium
945 2232 1150 2273 historiam
1180 2239 1220 2273 et
1248 2232 1403 2285 linguas
1431 2232 1555 2273 libere
1582 2232 1819 2282 illustrabit,
1851 2232 2038 2284 probabit
2065 2231 2242 2284 denique

203 2309 289 2338 non
315 2297 368 2338 de
395 2309 527 2337 rerum
556 2302 714 2336 tantum
743 2303 884 2335 natura
913 2309 1050 2336 verum
1079 2310 1178 2345 esse,
1212 2294 1274 2336 Ex
1303 2296 1469 2338 Oriente
1498 2309 1585 2337 esse
1613 2298 1756 2337 lucem.

311 2359 439 2400 Vobis
468 2366 681 2412 praesento
713 2359 872 2411 linguae
900 2359 1098 2400 Arabicae
1132 2361 1321 2400 lectorem
1354 2359 1645 2409 doctissimum,
1679 2361 1949 2400 Professorem
1980 2361 2239 2399 Rouana-son

205 2424 357 2464 surm.

1026 2559 1082 2605 13
1110 2543 1253 2609 sune
1297 2546 1421 2606 1883

314 2654 403 2708 (63)
423 2656 651 2706 QUOTOENS
668 2653 826 2694 Italiam
845 2656 1176 2707 contemplamur,
1199 2656 1335 2695 animo
1350 2668 1471 2707 quam
1488 2657 1593 2696 laeto
1608 2656 1767 2697 illorum
1784 2656 1949 2697 nomina
1969 2658 2236 2705 recordamur,

204 2733 376 2773 quorum
395 2719 543 2760 auxilio
563 2726 666 2759 terra
684 2718 751 2758 illa
771 2718 1048 2771 pulcherrima,
1071 2732 1154 2759 non
1174 2718 1254 2758 iam
1274 2718 1315 2758 in
1335 2727 1467 2770 partes
1493 2719 1683 2771 plurimas
1707 2719 1844 2768 divisa,
1867 2733 1950 2759 uno
1974 2721 2139 2760 tandem
2163 2720 2239 2759 sub

203 2781 416 2823 dominatu
444 2781 609 2822 feliciter
634 2780 851 2821 coniuncta
879 2788 949 2821 est.
1010 2782 1045 2820 E
1075 2780 1265 2833 triumphi
1294 2781 1394 2821 tanti
1422 2781 1652 2822 auctoribus
1682 2795 1807 2821 unum
1837 2781 1959 2822 hodie
1988 2790 2238 2833 praesentem

774 2878 786 2900 ¹
813 2880 911 2913 ‘The
935 2891 1046 2913 waves
1069 2881 1108 2913 of
1126 2891 1146 2913 a
1170 2881 1335 2914 thousand
1359 2885 1499 2914 streams
1523 2880 1600 2913 rush
1624 2881 1670 2922 by

837 2925 890 2958 To
913 2935 957 2957 an
980 2935 1085 2958 ocean
1108 2925 1146 2958 of
1164 2925 1349 2983 splendour
1372 2925 1439 2957 and
1462 2925 1661 2966 harmony’.

292 2976 308 2998 ²
329 2978 385 3010 Mr
399 2976 560 3011 Gambier
577 2977 691 3018 Parry·
824 2975 838 2997 ³
860 2976 924 3019 Cp
944 2976 1145 3020 Propertius,
1166 2977 1189 3008 ii
1210 2987 1238 3014 1,
1256 2976 1331 3019 35f.
1475 2975 1490 2996 ⁴
1512 2976 1608 3033 Livy,
1630 2975 1706 3008 xxix
1724 2986 1775 3017 40
1913 2975 1926 2995 ⁵
1951 2977 2099 3016 Horace,
2121 2977 2236 3010 Carm-

206 3021 376 3126 'mag'
380 2987 1573 3107 2..3352511533121232‘5515{33115831222{fissss‘trssfiefiinffi
1587 3019 2238 3120 {33¹3ss335513233225123333&

206 3119 276 3143 was
293 3108 556 3151 ‘treacherously
572 3108 639 3141 and
661 3108 787 3151 cruelly
802 3108 917 3141 slain'
908 3119 943 3140 ιη
965 3108 1022 3141 the
1038 3108 1151 3151 Wady
1167 3108 1264 3149 Sadr,
1283 3108 1416 3151 August
1442 3106 1664 3147 111h‚1882’.
1712 3108 1828 3148 (From
1849 3108 1988 3151 epitaph
2009 3109 2044 3140 in
2066 3109 2104 3142 St
2123 3108 2217 3141 Paul'
2219 3120 2234 3141 s

207 3152 402 3188 cathedral.
404 3151 416 3195 )

1198 3229 1247 3269 35
2027 3230 2128 3268 5-2
