<?xml version="1.0" encoding="UTF-8"?>
<!DOCTYPE html PUBLIC "-//W3C//DTD XHTML 1.0 Transitional//EN"
    "http://www.w3.org/TR/xhtml1/DTD/xhtml1-transitional.dtd">
<html xmlns="http://www.w3.org/1999/xhtml" xml:lang="en" lang="en">
 <head>
  <title>
</title>
<meta http-equiv="Content-Type" content="text/html;charset=utf-8" />
  <meta name='ocr-system' content='tesseract 3.04.00' />
  <meta name='ocr-capabilities' content='ocr_page ocr_carea ocr_par ocr_line ocrx_word'/>
</head>
<body>
  <div class='ocr_page' id='page_1' title='image "./orationesetepist00sanduoft/orationesetepist00sanduoft_0280.png"; bbox 0 0 2704 3770; ppageno 0'>
   <div class='ocr_carea' id='block_1_1' title="bbox 1229 304 1730 370">
    <p class='ocr_par' dir='ltr' id='par_1_1' title="bbox 1229 304 1730 370">
     <span class='ocr_line' id='line_1_1' title="bbox 1229 304 1730 370; baseline 0.002 -17"><span class='ocrx_word' id='word_1_1' title='bbox 1229 305 1379 354; x_wconf 80' lang='lat' dir='ltr'><em>Lord</em></span> <span class='ocrx_word' id='word_1_2' title='bbox 1405 304 1730 370; x_wconf 74' lang='lat' dir='ltr'><em>Braybrooke.</em></span> 
     </span>
    </p>
   </div>
   <div class='ocr_carea' id='block_1_2' title="bbox 478 448 2486 635">
    <p class='ocr_par' dir='ltr' id='par_1_2' title="bbox 478 448 2486 635">
     <span class='ocr_line' id='line_1_2' title="bbox 478 448 2486 504; baseline 0 -16"><span class='ocrx_word' id='word_1_3' title='bbox 478 448 727 490; x_wconf 90' lang='lat' dir='ltr'><strong>intervallum</strong></span> <span class='ocrx_word' id='word_1_4' title='bbox 755 451 827 490; x_wconf 90' lang='lat' dir='ltr'><strong>sed</strong></span> <span class='ocrx_word' id='word_1_5' title='bbox 855 464 926 502; x_wconf 90' lang='lat' dir='ltr'><strong>per</strong></span> <span class='ocrx_word' id='word_1_6' title='bbox 953 451 1121 503; x_wconf 89' lang='lat' dir='ltr'><strong>plurima</strong></span> <span class='ocrx_word' id='word_1_7' title='bbox 1151 452 1191 491; x_wconf 93' lang='lat' dir='ltr'><strong>in</strong></span> <span class='ocrx_word' id='word_1_8' title='bbox 1220 459 1424 504; x_wconf 87' lang='lat' dir='ltr'><strong>posterum</strong></span> <span class='ocrx_word' id='word_1_9' title='bbox 1453 453 1620 499; x_wconf 90' lang='lat' dir='ltr'><strong>saecula,</strong></span> <span class='ocrx_word' id='word_1_10' title='bbox 1652 464 1800 491; x_wconf 89' lang='lat' dir='ltr'><strong>nomen</strong></span> <span class='ocrx_word' id='word_1_11' title='bbox 1829 458 1955 500; x_wconf 93' lang='lat' dir='ltr'><strong>tuum,</strong></span> <span class='ocrx_word' id='word_1_12' title='bbox 1984 449 2220 490; x_wconf 88' lang='lat' dir='ltr'><strong>Professoris</strong></span> <span class='ocrx_word' id='word_1_13' title='bbox 2245 449 2369 490; x_wconf 89' lang='lat' dir='ltr'><strong>nostri</strong></span> <span class='ocrx_word' id='word_1_14' title='bbox 2393 462 2486 489; x_wconf 90' lang='lat' dir='ltr'><strong>cum</strong></span> 
     </span>
     <span class='ocr_line' id='line_1_3' title="bbox 479 510 2269 564; baseline 0 -14"><span class='ocrx_word' id='word_1_15' title='bbox 479 510 643 551; x_wconf 90' lang='lat' dir='ltr'><strong>nomine</strong></span> <span class='ocrx_word' id='word_1_16' title='bbox 671 512 942 561; x_wconf 90' lang='lat' dir='ltr'><strong>coniunctum,</strong></span> <span class='ocrx_word' id='word_1_17' title='bbox 974 513 1252 554; x_wconf 92' lang='lat' dir='ltr'><strong>Universitatis</strong></span> <span class='ocrx_word' id='word_1_18' title='bbox 1280 520 1438 553; x_wconf 90' lang='lat' dir='ltr'><strong>nostrae</strong></span> <span class='ocrx_word' id='word_1_19' title='bbox 1467 513 1508 552; x_wconf 92' lang='lat' dir='ltr'><strong>in</strong></span> <span class='ocrx_word' id='word_1_20' title='bbox 1536 512 1671 552; x_wconf 90' lang='lat' dir='ltr'><strong>animo</strong></span> <span class='ocrx_word' id='word_1_21' title='bbox 1699 520 1811 564; x_wconf 88' lang='lat' dir='ltr'><strong>grato</strong></span> <span class='ocrx_word' id='word_1_22' title='bbox 1838 511 2100 564; x_wconf 85' lang='lat' dir='ltr'><strong>permanebit.</strong></span> <span class='ocrx_word' id='word_1_23' title='bbox 2157 512 2269 551; x_wconf 88' lang='lat' dir='ltr'><strong>Vale.</strong></span> 
     </span>
     <span class='ocr_line' id='line_1_4' title="bbox 588 583 1043 635; baseline 0.004 -14"><span class='ocrx_word' id='word_1_24' title='bbox 588 583 745 622; x_wconf 86' lang='lat' dir='ltr'><strong>Datum</strong></span> <span class='ocrx_word' id='word_1_25' title='bbox 770 584 1043 635; x_wconf 66' lang='lat' dir='ltr'><strong>Cantabrzgiae</strong></span> 
     </span>
    </p>
   </div>
   <div class='ocr_carea' id='block_1_3' title="bbox 697 638 1279 732">
    <p class='ocr_par' dir='ltr' id='par_1_3' title="bbox 697 638 1279 732">
     <span class='ocr_line' id='line_1_5' title="bbox 697 638 1279 678; baseline 0.003 -2"><span class='ocrx_word' id='word_1_26' title='bbox 697 638 836 677; x_wconf 85' lang='lat' dir='ltr'><em>mensis</em></span> <span class='ocrx_word' id='word_1_27' title='bbox 853 639 1084 677; x_wconf 82' lang='lat' dir='ltr'><strong>Novembris</strong></span> <span class='ocrx_word' id='word_1_28' title='bbox 1101 639 1161 678; x_wconf 86' lang='lat' dir='ltr'><strong>die</strong></span> <span class='ocrx_word' id='word_1_29' title='bbox 1178 643 1279 678; x_wconf 85' lang='lat' dir='ltr'><strong>sexto</strong></span> 
     </span>
     <span class='ocr_line' id='line_1_6' title="bbox 805 692 1101 732; baseline 0.003 -2"><span class='ocrx_word' id='word_1_30' title='bbox 805 692 857 730; x_wconf 90' lang='lat' dir='ltr'><strong>A.</strong></span> <span class='ocrx_word' id='word_1_31' title='bbox 879 692 919 732; x_wconf 90' lang='lat' dir='ltr'><strong>S.</strong></span> <span class='ocrx_word' id='word_1_32' title='bbox 944 693 1101 732; x_wconf 79' lang='lat' dir='ltr'>MCM111.</span> 
     </span>
    </p>
   </div>
   <div class='ocr_carea' id='block_1_4' title="bbox 817 795 2151 1124">
    <p class='ocr_par' dir='ltr' id='par_1_4' title="bbox 817 795 2151 1124">
     <span class='ocr_line' id='line_1_7' title="bbox 1067 795 1925 835; baseline -0.001 0"><span class='ocrx_word' id='word_1_33' title='bbox 1067 796 1157 835; x_wconf 84' lang='lat' dir='ltr'><strong>Viro</strong></span> <span class='ocrx_word' id='word_1_34' title='bbox 1185 795 1384 835; x_wconf 85' lang='lat' dir='ltr'><strong>reverendo</strong></span> <span class='ocrx_word' id='word_1_35' title='bbox 1410 800 1447 834; x_wconf 86' lang='lat' dir='ltr'><strong>et</strong></span> <span class='ocrx_word' id='word_1_36' title='bbox 1470 795 1675 834; x_wconf 83' lang='lat' dir='ltr'><em>admodum</em></span> <span class='ocrx_word' id='word_1_37' title='bbox 1703 795 1925 835; x_wconf 78' lang='lat' dir='ltr'><em>honorabili</em></span> 
     </span>
     <span class='ocr_line' id='line_1_8' title="bbox 1212 864 1763 905; baseline 0.002 -2"><span class='ocrx_word' id='word_1_38' title='bbox 1212 864 1477 905; x_wconf 61' lang='grc' dir='ltr'>ιΑΤΙΜΕΒ</span> <span class='ocrx_word' id='word_1_39' title='bbox 1514 864 1763 904; x_wconf 59' lang='grc' dir='ltr'><strong>ΝΕνΙΙ-ιΕ</strong></span> 
     </span>
     <span class='ocr_line' id='line_1_9' title="bbox 991 932 1984 974; baseline -0.001 0"><span class='ocrx_word' id='word_1_40' title='bbox 991 933 1185 974; x_wconf 76' lang='lat' dir='ltr'>SEXTO</span> <span class='ocrx_word' id='word_1_41' title='bbox 1222 933 1438 974; x_wconf 76' lang='lat' dir='ltr'>BARON!</span> <span class='ocrx_word' id='word_1_42' title='bbox 1479 933 1553 973; x_wconf 75' lang='lat' dir='ltr'><strong>DF.</strong></span> <span class='ocrx_word' id='word_1_43' title='bbox 1591 932 1984 974; x_wconf 74' lang='grc' dir='ltr'>ΒΒΑΥΒΒΟΟΚΕ</span> 
     </span>
     <span class='ocr_line' id='line_1_10' title="bbox 961 1003 2010 1053; baseline -0.003 -10"><span class='ocrx_word' id='word_1_44' title='bbox 961 1004 1122 1053; x_wconf 74' lang='lat' dir='ltr'><strong>Collegy‘i</strong></span> <span class='ocrx_word' id='word_1_45' title='bbox 1147 1004 1311 1043; x_wconf 83' lang='lat' dir='ltr'><em>Sanctae</em></span> <span class='ocrx_word' id='word_1_46' title='bbox 1336 1003 1498 1042; x_wconf 83' lang='lat' dir='ltr'><strong>Mariae</strong></span> <span class='ocrx_word' id='word_1_47' title='bbox 1526 1003 1786 1053; x_wconf 83' lang='lat' dir='ltr'><strong>Magdalenae</strong></span> <span class='ocrx_word' id='word_1_48' title='bbox 1814 1003 2010 1053; x_wconf 82' lang='lat' dir='ltr'><strong>Magistro</strong></span> 
     </span>
     <span class='ocr_line' id='line_1_11' title="bbox 817 1072 2151 1124; baseline -0.003 -10"><span class='ocrx_word' id='word_1_49' title='bbox 817 1074 857 1115; x_wconf 87' lang='lat' dir='ltr'><strong>S.</strong></span> <span class='ocrx_word' id='word_1_50' title='bbox 887 1075 933 1112; x_wconf 84' lang='lat' dir='ltr'><strong>P.</strong></span> <span class='ocrx_word' id='word_1_51' title='bbox 965 1074 1021 1112; x_wconf 85' lang='lat' dir='ltr'><strong>D.</strong></span> <span class='ocrx_word' id='word_1_52' title='bbox 1057 1073 1320 1113; x_wconf 84' lang='lat' dir='ltr'><strong>Cancellarius</strong></span> <span class='ocrx_word' id='word_1_53' title='bbox 1347 1074 1586 1124; x_wconf 79' lang='lat' dir='ltr'><strong>reliquusque</strong></span> <span class='ocrx_word' id='word_1_54' title='bbox 1615 1074 1779 1113; x_wconf 83' lang='lat' dir='ltr'><strong>Senatus</strong></span> <span class='ocrx_word' id='word_1_55' title='bbox 1813 1072 2151 1122; x_wconf 59' lang='lat' dir='ltr'><strong>Cantabrtgnnszk.</strong></span> 
     </span>
    </p>
   </div>
   <div class='ocr_carea' id='block_1_5' title="bbox 482 1153 2502 2879">
    <p class='ocr_par' dir='ltr' id='par_1_5' title="bbox 482 1153 2502 2820">
     <span class='ocr_line' id='line_1_12' title="bbox 593 1153 2492 1212; baseline -0.003 -14"><span class='ocrx_word' id='word_1_56' title='bbox 593 1158 706 1212; x_wconf 87' lang='lat'>(568)</span> <span class='ocrx_word' id='word_1_57' title='bbox 736 1160 837 1200; x_wconf 88' lang='lat' dir='ltr'><strong>CUM</strong></span> <span class='ocrx_word' id='word_1_58' title='bbox 861 1159 940 1198; x_wconf 90' lang='lat' dir='ltr'><strong>iam</strong></span> <span class='ocrx_word' id='word_1_59' title='bbox 967 1159 1056 1198; x_wconf 88' lang='lat' dir='ltr'><strong>finis</strong></span> <span class='ocrx_word' id='word_1_60' title='bbox 1079 1159 1372 1211; x_wconf 88' lang='lat' dir='ltr'><strong>appropinquet</strong></span> <span class='ocrx_word' id='word_1_61' title='bbox 1394 1158 1489 1198; x_wconf 90' lang='lat' dir='ltr'><strong>anni</strong></span> <span class='ocrx_word' id='word_1_62' title='bbox 1512 1157 1840 1209; x_wconf 84' lang='lat' dir='ltr'><strong>quinquagesimi,</strong></span> <span class='ocrx_word' id='word_1_63' title='bbox 1862 1171 1910 1198; x_wconf 91' lang='lat' dir='ltr'><strong>ex</strong></span> <span class='ocrx_word' id='word_1_64' title='bbox 1932 1170 2014 1208; x_wconf 90' lang='lat' dir='ltr'><strong>quo</strong></span> <span class='ocrx_word' id='word_1_65' title='bbox 2034 1155 2215 1207; x_wconf 90' lang='lat' dir='ltr'><strong>Collegio</strong></span> <span class='ocrx_word' id='word_1_66' title='bbox 2233 1169 2258 1195; x_wconf 89' lang='lat' dir='ltr'><strong>a</strong></span> <span class='ocrx_word' id='word_1_67' title='bbox 2272 1153 2492 1194; x_wconf 86' lang='lat' dir='ltr'><strong>maioribus</strong></span> 
     </span>
     <span class='ocr_line' id='line_1_13' title="bbox 483 1215 2492 1272; baseline -0.002 -12"><span class='ocrx_word' id='word_1_68' title='bbox 483 1221 560 1261; x_wconf 90' lang='lat' dir='ltr'><strong>tuis</strong></span> <span class='ocrx_word' id='word_1_69' title='bbox 597 1222 764 1260; x_wconf 89' lang='lat' dir='ltr'><strong>fundato</strong></span> <span class='ocrx_word' id='word_1_70' title='bbox 801 1220 973 1271; x_wconf 89' lang='lat' dir='ltr'><strong>primum</strong></span> <span class='ocrx_word' id='word_1_71' title='bbox 1007 1220 1219 1272; x_wconf 85' lang='lat' dir='ltr'><strong>praefuisti,</strong></span> <span class='ocrx_word' id='word_1_72' title='bbox 1255 1220 1354 1259; x_wconf 90' lang='lat' dir='ltr'><strong>nihil</strong></span> <span class='ocrx_word' id='word_1_73' title='bbox 1386 1220 1502 1260; x_wconf 91' lang='lat' dir='ltr'><strong>nobis</strong></span> <span class='ocrx_word' id='word_1_74' title='bbox 1536 1220 1723 1259; x_wconf 91' lang='lat' dir='ltr'><strong>omnibus</strong></span> <span class='ocrx_word' id='word_1_75' title='bbox 1756 1226 1815 1259; x_wconf 89' lang='lat' dir='ltr'><strong>est</strong></span> <span class='ocrx_word' id='word_1_76' title='bbox 1847 1218 2048 1269; x_wconf 90' lang='lat' dir='ltr'><strong>antiquius</strong></span> <span class='ocrx_word' id='word_1_77' title='bbox 2082 1231 2203 1269; x_wconf 88' lang='lat' dir='ltr'><strong>quam</strong></span> <span class='ocrx_word' id='word_1_78' title='bbox 2241 1224 2285 1256; x_wconf 94' lang='lat' dir='ltr'><strong>ut</strong></span> <span class='ocrx_word' id='word_1_79' title='bbox 2316 1215 2399 1264; x_wconf 89' lang='lat' dir='ltr'><strong>tibi,</strong></span> <span class='ocrx_word' id='word_1_80' title='bbox 2435 1215 2492 1255; x_wconf 88' lang='lat' dir='ltr'><strong>vir</strong></span> 
     </span>
     <span class='ocr_line' id='line_1_14' title="bbox 483 1276 2492 1333; baseline -0.003 -11"><span class='ocrx_word' id='word_1_81' title='bbox 483 1282 729 1331; x_wconf 88' lang='lat' dir='ltr'><strong>venerabilis,</strong></span> <span class='ocrx_word' id='word_1_82' title='bbox 751 1289 960 1333; x_wconf 89' lang='lat' dir='ltr'><strong>propterea</strong></span> <span class='ocrx_word' id='word_1_83' title='bbox 984 1283 1235 1333; x_wconf 87' lang='lat' dir='ltr'><strong>gratulemur,</strong></span> <span class='ocrx_word' id='word_1_84' title='bbox 1258 1283 1368 1333; x_wconf 92' lang='lat' dir='ltr'><strong>quod</strong></span> <span class='ocrx_word' id='word_1_85' title='bbox 1394 1295 1464 1333; x_wconf 92' lang='lat' dir='ltr'><strong>per</strong></span> <span class='ocrx_word' id='word_1_86' title='bbox 1486 1288 1546 1321; x_wconf 93' lang='lat' dir='ltr'><strong>tot</strong></span> <span class='ocrx_word' id='word_1_87' title='bbox 1571 1293 1698 1320; x_wconf 90' lang='lat' dir='ltr'><strong>annos</strong></span> <span class='ocrx_word' id='word_1_88' title='bbox 1724 1288 1805 1320; x_wconf 89' lang='lat' dir='ltr'><strong>tam</strong></span> <span class='ocrx_word' id='word_1_89' title='bbox 1834 1293 2021 1331; x_wconf 90' lang='lat' dir='ltr'><strong>prospere</strong></span> <span class='ocrx_word' id='word_1_90' title='bbox 2047 1286 2206 1318; x_wconf 89' lang='lat' dir='ltr'><strong>exactos</strong></span> <span class='ocrx_word' id='word_1_91' title='bbox 2234 1290 2398 1317; x_wconf 89' lang='lat' dir='ltr'><strong>munere</strong></span> <span class='ocrx_word' id='word_1_92' title='bbox 2422 1276 2492 1317; x_wconf 93' lang='lat' dir='ltr'><strong>illo</strong></span> 
     </span>
     <span class='ocr_line' id='line_1_15' title="bbox 482 1338 2493 1395; baseline -0.002 -12"><span class='ocrx_word' id='word_1_93' title='bbox 482 1343 626 1395; x_wconf 88' lang='lat' dir='ltr'><strong>insigni</strong></span> <span class='ocrx_word' id='word_1_94' title='bbox 663 1351 773 1383; x_wconf 93' lang='lat' dir='ltr'><strong>tanta</strong></span> <span class='ocrx_word' id='word_1_95' title='bbox 810 1357 902 1383; x_wconf 92' lang='lat' dir='ltr'><strong>cum</strong></span> <span class='ocrx_word' id='word_1_96' title='bbox 940 1342 1132 1394; x_wconf 87' lang='lat' dir='ltr'><strong>dignitate</strong></span> <span class='ocrx_word' id='word_1_97' title='bbox 1170 1344 1399 1394; x_wconf 90' lang='lat' dir='ltr'><strong>perfunctus</strong></span> <span class='ocrx_word' id='word_1_98' title='bbox 1434 1342 1552 1382; x_wconf 89' lang='lat' dir='ltr'><strong>fuisti.</strong></span> <span class='ocrx_word' id='word_1_99' title='bbox 1611 1342 1787 1381; x_wconf 86' lang='lat' dir='ltr'><strong>Vixdum</strong></span> <span class='ocrx_word' id='word_1_100' title='bbox 1825 1354 1874 1381; x_wconf 88' lang='lat' dir='ltr'><strong>ex</strong></span> <span class='ocrx_word' id='word_1_101' title='bbox 1909 1338 2181 1380; x_wconf 88' lang='lat' dir='ltr'><strong>adulescentia</strong></span> <span class='ocrx_word' id='word_1_102' title='bbox 2217 1342 2406 1390; x_wconf 80' lang='lat' dir='ltr'><strong>egressus,</strong></span> <span class='ocrx_word' id='word_1_103' title='bbox 2440 1339 2493 1379; x_wconf 90' lang='lat' dir='ltr'><strong>ad</strong></span> 
     </span>
     <span class='ocr_line' id='line_1_16' title="bbox 483 1399 2493 1455; baseline -0.003 -10"><span class='ocrx_word' id='word_1_104' title='bbox 483 1406 677 1445; x_wconf 90' lang='lat' dir='ltr'><strong>honorem</strong></span> <span class='ocrx_word' id='word_1_105' title='bbox 700 1405 812 1444; x_wconf 90' lang='lat' dir='ltr'><strong>illum</strong></span> <span class='ocrx_word' id='word_1_106' title='bbox 835 1404 978 1444; x_wconf 91' lang='lat' dir='ltr'><strong>merito</strong></span> <span class='ocrx_word' id='word_1_107' title='bbox 1003 1417 1045 1444; x_wconf 93' lang='lat' dir='ltr'><strong>es</strong></span> <span class='ocrx_word' id='word_1_108' title='bbox 1072 1411 1247 1452; x_wconf 91' lang='lat' dir='ltr'><strong>vocatus,</strong></span> <span class='ocrx_word' id='word_1_109' title='bbox 1269 1404 1339 1455; x_wconf 92' lang='lat' dir='ltr'><strong>qui</strong></span> <span class='ocrx_word' id='word_1_110' title='bbox 1363 1403 1404 1443; x_wconf 91' lang='lat' dir='ltr'><strong>in</strong></span> <span class='ocrx_word' id='word_1_111' title='bbox 1429 1402 1598 1455; x_wconf 89' lang='lat' dir='ltr'><strong>Collegii</strong></span> <span class='ocrx_word' id='word_1_112' title='bbox 1621 1402 1679 1442; x_wconf 93' lang='lat' dir='ltr'><strong>tui</strong></span> <span class='ocrx_word' id='word_1_113' title='bbox 1701 1401 1857 1442; x_wconf 89' lang='lat' dir='ltr'><strong>statutis</strong></span> <span class='ocrx_word' id='word_1_114' title='bbox 1880 1400 2053 1452; x_wconf 87' lang='lat' dir='ltr'><strong>antiquis</strong></span> <span class='ocrx_word' id='word_1_115' title='bbox 2079 1401 2162 1440; x_wconf 91' lang='lat' dir='ltr'><strong>iure</strong></span> <span class='ocrx_word' id='word_1_116' title='bbox 2188 1399 2342 1452; x_wconf 92' lang='lat' dir='ltr'><strong>optimo</strong></span> <span class='ocrx_word' id='word_1_117' title='bbox 2366 1399 2493 1440; x_wconf 88' lang='lat' dir='ltr'><strong>virum</strong></span> 
     </span>
     <span class='ocr_line' id='line_1_17' title="bbox 484 1460 2494 1516; baseline -0.003 -10"><span class='ocrx_word' id='word_1_118' title='bbox 484 1468 649 1506; x_wconf 91' lang='lat' dir='ltr'><strong>doctum</strong></span> <span class='ocrx_word' id='word_1_119' title='bbox 671 1470 680 1487; x_wconf 90' lang='lat'>‘</span> <span class='ocrx_word' id='word_1_120' title='bbox 694 1466 811 1506; x_wconf 92' lang='lat' dir='ltr'><strong>bonis</strong></span> <span class='ocrx_word' id='word_1_121' title='bbox 832 1466 1021 1514; x_wconf 89' lang='lat' dir='ltr'><strong>moribus,</strong></span> <span class='ocrx_word' id='word_1_122' title='bbox 1043 1464 1123 1505; x_wconf 87' lang='lat' dir='ltr'><strong>vita</strong></span> <span class='ocrx_word' id='word_1_123' title='bbox 1142 1464 1304 1516; x_wconf 88' lang='lat' dir='ltr'><strong>integra,</strong></span> <span class='ocrx_word' id='word_1_124' title='bbox 1326 1466 1431 1505; x_wconf 91' lang='lat' dir='ltr'><strong>fama</strong></span> <span class='ocrx_word' id='word_1_125' title='bbox 1451 1463 1673 1505; x_wconf 87' lang='lat' dir='ltr'><strong>constanti&#39;</strong></span> <span class='ocrx_word' id='word_1_126' title='bbox 1692 1464 1891 1515; x_wconf 92' lang='lat' dir='ltr'><strong>postulare</strong></span> <span class='ocrx_word' id='word_1_127' title='bbox 1911 1461 2065 1502; x_wconf 88' lang='lat' dir='ltr'><strong>dicitur.</strong></span> <span class='ocrx_word' id='word_1_128' title='bbox 2124 1460 2337 1512; x_wconf 88' lang='lat' dir='ltr'><strong>Dignitatis</strong></span> <span class='ocrx_word' id='word_1_129' title='bbox 2359 1467 2494 1501; x_wconf 89' lang='lat' dir='ltr'><strong>autem</strong></span> 
     </span>
     <span class='ocr_line' id='line_1_18' title="bbox 483 1523 2496 1581; baseline -0.003 -12"><span class='ocrx_word' id='word_1_130' title='bbox 483 1537 617 1569; x_wconf 88' lang='lat' dir='ltr'><strong>tantae</strong></span> <span class='ocrx_word' id='word_1_131' title='bbox 654 1529 695 1569; x_wconf 92' lang='lat' dir='ltr'><strong>in</strong></span> <span class='ocrx_word' id='word_1_132' title='bbox 733 1542 903 1581; x_wconf 88' lang='lat' dir='ltr'><strong>persona</strong></span> <span class='ocrx_word' id='word_1_133' title='bbox 939 1530 1047 1568; x_wconf 90' lang='lat' dir='ltr'><strong>velut</strong></span> <span class='ocrx_word' id='word_1_134' title='bbox 1079 1541 1161 1568; x_wconf 91' lang='lat' dir='ltr'><strong>uno</strong></span> <span class='ocrx_word' id='word_1_135' title='bbox 1195 1535 1332 1568; x_wconf 91' lang='lat' dir='ltr'><strong>tenore</strong></span> <span class='ocrx_word' id='word_1_136' title='bbox 1365 1535 1447 1567; x_wconf 90' lang='lat' dir='ltr'><strong>tam</strong></span> <span class='ocrx_word' id='word_1_137' title='bbox 1480 1528 1550 1568; x_wconf 90' lang='lat' dir='ltr'><strong>diu</strong></span> <span class='ocrx_word' id='word_1_138' title='bbox 1583 1527 1826 1575; x_wconf 89' lang='lat' dir='ltr'><strong>sustinenda,</strong></span> <span class='ocrx_word' id='word_1_139' title='bbox 1862 1524 1939 1576; x_wconf 87' lang='lat' dir='ltr'><strong>legi</strong></span> <span class='ocrx_word' id='word_1_140' title='bbox 1971 1524 2027 1564; x_wconf 90' lang='lat' dir='ltr'><strong>illi</strong></span> <span class='ocrx_word' id='word_1_141' title='bbox 2061 1523 2306 1563; x_wconf 90' lang='lat' dir='ltr'><strong>Horatianae</strong></span> <span class='ocrx_word' id='word_1_142' title='bbox 2339 1535 2496 1575; x_wconf 90' lang='lat' dir='ltr'><strong>semper</strong></span> 
     </span>
     <span class='ocr_line' id='line_1_19' title="bbox 483 1585 2497 1643; baseline -0.003 -11"><span class='ocrx_word' id='word_1_143' title='bbox 483 1591 646 1643; x_wconf 88' lang='lat' dir='ltr'><strong>paruisti</strong></span> <span class='ocrx_word' id='word_1_144' title='bbox 661 1595 926 1632; x_wconf 74' lang='lat' dir='ltr'><strong>z-‘servetur</strong></span> <span class='ocrx_word' id='word_1_145' title='bbox 950 1592 1003 1631; x_wconf 88' lang='lat' dir='ltr'><strong>ad</strong></span> <span class='ocrx_word' id='word_1_146' title='bbox 1028 1590 1153 1629; x_wconf 89' lang='lat' dir='ltr'><strong>imum</strong></span> <span class='ocrx_word' id='word_1_147' title='bbox 1180 1590 1307 1642; x_wconf 88' lang='lat' dir='ltr'><strong>qualis</strong></span> <span class='ocrx_word' id='word_1_148' title='bbox 1333 1591 1385 1630; x_wconf 93' lang='lat' dir='ltr'><strong>ab</strong></span> <span class='ocrx_word' id='word_1_149' title='bbox 1413 1589 1574 1641; x_wconf 89' lang='lat' dir='ltr'><strong>incepto</strong></span> <span class='ocrx_word' id='word_1_150' title='bbox 1600 1588 1834 1641; x_wconf 90' lang='lat' dir='ltr'><strong>processerit</strong></span> <span class='ocrx_word' id='word_1_151' title='bbox 1861 1595 1900 1628; x_wconf 92' lang='lat' dir='ltr'><strong>et</strong></span> <span class='ocrx_word' id='word_1_152' title='bbox 1923 1587 1999 1627; x_wconf 90' lang='lat' dir='ltr'><strong>sibi</strong></span> <span class='ocrx_word' id='word_1_153' title='bbox 2024 1586 2233 1627; x_wconf 67' lang='lat' dir='ltr'><strong>constet’2.</strong></span> <span class='ocrx_word' id='word_1_154' title='bbox 2290 1585 2399 1627; x_wconf 92' lang='lat' dir='ltr'><strong>Olim</strong></span> <span class='ocrx_word' id='word_1_155' title='bbox 2426 1598 2497 1638; x_wconf 88' lang='lat' dir='ltr'><strong>per</strong></span> 
     </span>
     <span class='ocr_line' id='line_1_20' title="bbox 484 1646 2496 1705; baseline -0.003 -11"><span class='ocrx_word' id='word_1_156' title='bbox 484 1655 586 1694; x_wconf 90' lang='lat' dir='ltr'><strong>duos</strong></span> <span class='ocrx_word' id='word_1_157' title='bbox 617 1653 807 1705; x_wconf 90' lang='lat' dir='ltr'><strong>deinceps</strong></span> <span class='ocrx_word' id='word_1_158' title='bbox 840 1665 968 1693; x_wconf 88' lang='lat' dir='ltr'><strong>annos</strong></span> <span class='ocrx_word' id='word_1_159' title='bbox 1003 1651 1305 1692; x_wconf 89' lang='lat' dir='ltr'><strong>Procancellarii</strong></span> <span class='ocrx_word' id='word_1_160' title='bbox 1339 1666 1503 1692; x_wconf 90' lang='lat' dir='ltr'><strong>munere</strong></span> <span class='ocrx_word' id='word_1_161' title='bbox 1536 1664 1694 1691; x_wconf 90' lang='lat' dir='ltr'><strong>summo</strong></span> <span class='ocrx_word' id='word_1_162' title='bbox 1728 1650 1892 1691; x_wconf 86' lang='lat' dir='ltr'><strong>feliciter</strong></span> <span class='ocrx_word' id='word_1_163' title='bbox 1920 1647 2110 1696; x_wconf 81' lang='lat' dir='ltr'><strong>functus³,</strong></span> <span class='ocrx_word' id='word_1_164' title='bbox 2141 1662 2203 1689; x_wconf 92' lang='lat' dir='ltr'><strong>res</strong></span> <span class='ocrx_word' id='word_1_165' title='bbox 2241 1649 2385 1688; x_wconf 86' lang='lat' dir='ltr'><strong>multas</strong></span> <span class='ocrx_word' id='word_1_166' title='bbox 2418 1646 2496 1688; x_wconf 90' lang='lat' dir='ltr'><strong>tuis</strong></span> 
     </span>
     <span class='ocr_line' id='line_1_21' title="bbox 483 1709 2496 1768; baseline -0.003 -12"><span class='ocrx_word' id='word_1_167' title='bbox 483 1716 667 1768; x_wconf 90' lang='lat' dir='ltr'><strong>auspiciis</strong></span> <span class='ocrx_word' id='word_1_168' title='bbox 687 1716 790 1756; x_wconf 91' lang='lat' dir='ltr'><strong>bene</strong></span> <span class='ocrx_word' id='word_1_169' title='bbox 810 1722 939 1767; x_wconf 91' lang='lat' dir='ltr'><strong>gestas</strong></span> <span class='ocrx_word' id='word_1_170' title='bbox 958 1714 1168 1754; x_wconf 89' lang='lat' dir='ltr'><strong>annalibus</strong></span> <span class='ocrx_word' id='word_1_171' title='bbox 1189 1714 1333 1754; x_wconf 90' lang='lat' dir='ltr'><strong>nostris</strong></span> <span class='ocrx_word' id='word_1_172' title='bbox 1353 1715 1562 1754; x_wconf 91' lang='lat' dir='ltr'><strong>mandatas</strong></span> <span class='ocrx_word' id='word_1_173' title='bbox 1581 1713 1796 1765; x_wconf 81' lang='lat' dir='ltr'><strong>reliquisti3</strong></span> <span class='ocrx_word' id='word_1_174' title='bbox 1825 1719 1936 1753; x_wconf 91' lang='lat' dir='ltr'><strong>tanta</strong></span> <span class='ocrx_word' id='word_1_175' title='bbox 1950 1725 2043 1752; x_wconf 90' lang='lat' dir='ltr'><strong>vero</strong></span> <span class='ocrx_word' id='word_1_176' title='bbox 2059 1725 2081 1752; x_wconf 90' lang='lat' dir='ltr'><strong>e</strong></span> <span class='ocrx_word' id='word_1_177' title='bbox 2096 1725 2226 1751; x_wconf 90' lang='lat' dir='ltr'><strong>rerum</strong></span> <span class='ocrx_word' id='word_1_178' title='bbox 2241 1709 2496 1750; x_wconf 87' lang='lat' dir='ltr'><strong>multitudine</strong></span> 
     </span>
     <span class='ocr_line' id='line_1_22' title="bbox 483 1772 2494 1829; baseline -0.003 -11"><span class='ocrx_word' id='word_1_179' title='bbox 483 1778 557 1818; x_wconf 90' lang='lat' dir='ltr'><strong>tria</strong></span> <span class='ocrx_word' id='word_1_180' title='bbox 576 1780 715 1818; x_wconf 92' lang='lat' dir='ltr'><strong>saltem</strong></span> <span class='ocrx_word' id='word_1_181' title='bbox 735 1779 916 1829; x_wconf 87' lang='lat' dir='ltr'><strong>exempla</strong></span> <span class='ocrx_word' id='word_1_182' title='bbox 935 1776 1043 1817; x_wconf 92' lang='lat' dir='ltr'><strong>iuvat</strong></span> <span class='ocrx_word' id='word_1_183' title='bbox 1063 1777 1184 1816; x_wconf 91' lang='lat' dir='ltr'><strong>hodie</strong></span> <span class='ocrx_word' id='word_1_184' title='bbox 1203 1777 1376 1828; x_wconf 89' lang='lat' dir='ltr'><strong>proferre</strong></span> <span class='ocrx_word' id='word_1_185' title='bbox 1391 1775 1678 1816; x_wconf 76' lang='lat' dir='ltr'><strong>z—studiorum</strong></span> <span class='ocrx_word' id='word_1_186' title='bbox 1698 1782 1738 1815; x_wconf 91' lang='lat' dir='ltr'><strong>et</strong></span> <span class='ocrx_word' id='word_1_187' title='bbox 1756 1775 2011 1826; x_wconf 89' lang='lat' dir='ltr'><strong>antiquorum</strong></span> <span class='ocrx_word' id='word_1_188' title='bbox 2032 1780 2071 1813; x_wconf 93' lang='lat' dir='ltr'><strong>et</strong></span> <span class='ocrx_word' id='word_1_189' title='bbox 2091 1786 2286 1812; x_wconf 91' lang='lat' dir='ltr'><strong>novorum</strong></span> <span class='ocrx_word' id='word_1_190' title='bbox 2301 1772 2494 1819; x_wconf 91' lang='lat' dir='ltr'><strong>ordinem,</strong></span> 
     </span>
     <span class='ocr_line' id='line_1_23' title="bbox 483 1836 2496 1891; baseline -0.003 -11"><span class='ocrx_word' id='word_1_191' title='bbox 483 1843 704 1881; x_wconf 91' lang='lat' dir='ltr'><strong>secundum</strong></span> <span class='ocrx_word' id='word_1_192' title='bbox 725 1847 871 1880; x_wconf 88' lang='lat' dir='ltr'><strong>statuta</strong></span> <span class='ocrx_word' id='word_1_193' title='bbox 885 1853 908 1879; x_wconf 91' lang='lat' dir='ltr'><strong>a</strong></span> <span class='ocrx_word' id='word_1_194' title='bbox 929 1839 1085 1891; x_wconf 88' lang='lat' dir='ltr'><strong>Regina</strong></span> <span class='ocrx_word' id='word_1_195' title='bbox 1099 1846 1235 1879; x_wconf 86' lang='lat' dir='ltr'><strong>nostra</strong></span> <span class='ocrx_word' id='word_1_196' title='bbox 1254 1839 1431 1879; x_wconf 92' lang='lat' dir='ltr'><strong>Victoria</strong></span> <span class='ocrx_word' id='word_1_197' title='bbox 1450 1841 1570 1891; x_wconf 91' lang='lat' dir='ltr'><strong>paulo</strong></span> <span class='ocrx_word' id='word_1_198' title='bbox 1590 1839 1697 1890; x_wconf 92' lang='lat' dir='ltr'><strong>prius</strong></span> <span class='ocrx_word' id='word_1_199' title='bbox 1714 1838 1831 1879; x_wconf 92' lang='lat' dir='ltr'><strong>nobis</strong></span> <span class='ocrx_word' id='word_1_200' title='bbox 1847 1840 1941 1879; x_wconf 91' lang='lat' dir='ltr'><strong>data</strong></span> <span class='ocrx_word' id='word_1_201' title='bbox 1960 1836 2170 1889; x_wconf 90' lang='lat' dir='ltr'><strong>diligenter</strong></span> <span class='ocrx_word' id='word_1_202' title='bbox 2183 1837 2496 1884; x_wconf 65' lang='lat' dir='ltr'><strong>conformatum</strong></span> 
     </span>
     <span class='ocr_line' id='line_1_24' title="bbox 485 1899 2498 1955; baseline -0.002 -12"><span class='ocrx_word' id='word_1_203' title='bbox 485 1903 663 1955; x_wconf 88' lang='lat' dir='ltr'><strong>Reginae</strong></span> <span class='ocrx_word' id='word_1_204' title='bbox 682 1903 723 1942; x_wconf 90' lang='lat' dir='ltr'><strong>in</strong></span> <span class='ocrx_word' id='word_1_205' title='bbox 743 1903 865 1942; x_wconf 90' lang='lat' dir='ltr'><strong>verba</strong></span> <span class='ocrx_word' id='word_1_206' title='bbox 891 1901 1036 1942; x_wconf 90' lang='lat' dir='ltr'><strong>milites</strong></span> <span class='ocrx_word' id='word_1_207' title='bbox 1061 1901 1317 1950; x_wconf 91' lang='lat' dir='ltr'><strong>voluntarios,</strong></span> <span class='ocrx_word' id='word_1_208' title='bbox 1340 1909 1425 1941; x_wconf 92' lang='lat' dir='ltr'><strong>tum</strong></span> <span class='ocrx_word' id='word_1_209' title='bbox 1450 1901 1623 1953; x_wconf 89' lang='lat' dir='ltr'><strong>primum</strong></span> <span class='ocrx_word' id='word_1_210' title='bbox 1648 1901 1813 1941; x_wconf 89' lang='lat' dir='ltr'><strong>nomina</strong></span> <span class='ocrx_word' id='word_1_211' title='bbox 1839 1902 2049 1952; x_wconf 87' lang='lat' dir='ltr'><strong>professos,</strong></span> <span class='ocrx_word' id='word_1_212' title='bbox 2071 1899 2113 1939; x_wconf 93' lang='lat' dir='ltr'><strong>in</strong></span> <span class='ocrx_word' id='word_1_213' title='bbox 2139 1900 2337 1940; x_wconf 88' lang='lat' dir='ltr'><strong>Senaculo</strong></span> <span class='ocrx_word' id='word_1_214' title='bbox 2361 1905 2498 1939; x_wconf 90' lang='lat' dir='ltr'><strong>nostro</strong></span> 
     </span>
     <span class='ocr_line' id='line_1_25' title="bbox 483 1959 2496 2016; baseline -0.003 -12"><span class='ocrx_word' id='word_1_215' title='bbox 483 1979 505 2004; x_wconf 92' lang='lat' dir='ltr'><strong>a</strong></span> <span class='ocrx_word' id='word_1_216' title='bbox 521 1973 560 2005; x_wconf 87' lang='lat' dir='ltr'><strong>te</strong></span> <span class='ocrx_word' id='word_1_217' title='bbox 579 1965 666 2016; x_wconf 92' lang='lat' dir='ltr'><strong>ipso</strong></span> <span class='ocrx_word' id='word_1_218' title='bbox 686 1965 738 2004; x_wconf 92' lang='lat' dir='ltr'><strong>ad</strong></span> <span class='ocrx_word' id='word_1_219' title='bbox 757 1963 818 2003; x_wconf 90' lang='lat' dir='ltr'><strong>ius</strong></span> <span class='ocrx_word' id='word_1_220' title='bbox 837 1963 1050 2002; x_wconf 90' lang='lat' dir='ltr'><strong>iurandum</strong></span> <span class='ocrx_word' id='word_1_221' title='bbox 1071 1977 1181 2003; x_wconf 90' lang='lat' dir='ltr'><strong>more</strong></span> <span class='ocrx_word' id='word_1_222' title='bbox 1201 1963 1372 2003; x_wconf 92' lang='lat' dir='ltr'><strong>sollenni</strong></span> <span class='ocrx_word' id='word_1_223' title='bbox 1391 1963 1601 2011; x_wconf 82' lang='lat' dir='ltr'><strong>adact0s⁴;</strong></span> <span class='ocrx_word' id='word_1_224' title='bbox 1632 1962 1810 2013; x_wconf 89' lang='lat' dir='ltr'><strong>Reginae</strong></span> <span class='ocrx_word' id='word_1_225' title='bbox 1825 1962 2000 2013; x_wconf 91' lang='lat' dir='ltr'><strong>denique</strong></span> <span class='ocrx_word' id='word_1_226' title='bbox 2015 1961 2140 2001; x_wconf 92' lang='lat' dir='ltr'><strong>filium</strong></span> <span class='ocrx_word' id='word_1_227' title='bbox 2156 1967 2252 2000; x_wconf 91' lang='lat' dir='ltr'><strong>natu</strong></span> <span class='ocrx_word' id='word_1_228' title='bbox 2267 1959 2496 2008; x_wconf 90' lang='lat' dir='ltr'><strong>maximum,</strong></span> 
     </span>
     <span class='ocr_line' id='line_1_26' title="bbox 486 2019 2498 2077; baseline -0.002 -12"><span class='ocrx_word' id='word_1_229' title='bbox 486 2026 711 2077; x_wconf 87' lang='lat' dir='ltr'><strong>Principem</strong></span> <span class='ocrx_word' id='word_1_230' title='bbox 745 2032 936 2072; x_wconf 88' lang='lat' dir='ltr'><strong>nostrum,</strong></span> <span class='ocrx_word' id='word_1_231' title='bbox 973 2032 1112 2075; x_wconf 91' lang='lat' dir='ltr'><strong>postea</strong></span> <span class='ocrx_word' id='word_1_232' title='bbox 1146 2026 1300 2076; x_wconf 90' lang='lat' dir='ltr'><strong>Regem</strong></span> <span class='ocrx_word' id='word_1_233' title='bbox 1335 2032 1526 2072; x_wconf 90' lang='lat' dir='ltr'><strong>nostrum,</strong></span> <span class='ocrx_word' id='word_1_234' title='bbox 1561 2023 1756 2063; x_wconf 91' lang='lat' dir='ltr'><strong>iuventuti</strong></span> <span class='ocrx_word' id='word_1_235' title='bbox 1794 2023 2061 2063; x_wconf 90' lang='lat' dir='ltr'><strong>Academicae</strong></span> <span class='ocrx_word' id='word_1_236' title='bbox 2098 2021 2300 2062; x_wconf 91' lang='lat' dir='ltr'><strong>ominibus</strong></span> <span class='ocrx_word' id='word_1_237' title='bbox 2337 2019 2498 2071; x_wconf 87' lang='lat' dir='ltr'><strong>optimis</strong></span> 
     </span>
     <span class='ocr_line' id='line_1_27' title="bbox 485 2082 2498 2138; baseline -0.003 -11"><span class='ocrx_word' id='word_1_238' title='bbox 485 2088 740 2138; x_wconf 90' lang='lat' dir='ltr'><strong>adscriptum.</strong></span> <span class='ocrx_word' id='word_1_239' title='bbox 801 2087 925 2125; x_wconf 88' lang='lat' dir='ltr'><strong>Haud</strong></span> <span class='ocrx_word' id='word_1_240' title='bbox 957 2085 1011 2125; x_wconf 90' lang='lat' dir='ltr'><strong>ita</strong></span> <span class='ocrx_word' id='word_1_241' title='bbox 1041 2085 1195 2137; x_wconf 91' lang='lat' dir='ltr'><strong>pridem</strong></span> <span class='ocrx_word' id='word_1_242' title='bbox 1225 2093 1372 2134; x_wconf 90' lang='lat' dir='ltr'><strong>autem,</strong></span> <span class='ocrx_word' id='word_1_243' title='bbox 1407 2087 1527 2137; x_wconf 89' lang='lat' dir='ltr'><strong>paulo</strong></span> <span class='ocrx_word' id='word_1_244' title='bbox 1560 2092 1653 2124; x_wconf 92' lang='lat' dir='ltr'><strong>ante</strong></span> <span class='ocrx_word' id='word_1_245' title='bbox 1689 2084 1810 2136; x_wconf 90' lang='lat' dir='ltr'><strong>Regis</strong></span> <span class='ocrx_word' id='word_1_246' title='bbox 1843 2083 1967 2124; x_wconf 92' lang='lat' dir='ltr'><strong>nostri</strong></span> <span class='ocrx_word' id='word_1_247' title='bbox 2000 2082 2354 2131; x_wconf 87' lang='lat' dir='ltr'><strong>consecrationem,</strong></span> <span class='ocrx_word' id='word_1_248' title='bbox 2388 2082 2498 2134; x_wconf 89' lang='lat' dir='ltr'><strong>regni</strong></span> 
     </span>
     <span class='ocr_line' id='line_1_28' title="bbox 485 2142 2498 2198; baseline -0.004 -8"><span class='ocrx_word' id='word_1_249' title='bbox 485 2151 607 2190; x_wconf 91' lang='lat' dir='ltr'><strong>totius</strong></span> <span class='ocrx_word' id='word_1_250' title='bbox 626 2150 862 2188; x_wconf 87' lang='lat' dir='ltr'><strong>Senatorum</strong></span> <span class='ocrx_word' id='word_1_251' title='bbox 883 2147 1013 2187; x_wconf 91' lang='lat' dir='ltr'><strong>ordini</strong></span> <span class='ocrx_word' id='word_1_252' title='bbox 1033 2146 1225 2198; x_wconf 88' lang='lat' dir='ltr'><strong>superiori</strong></span> <span class='ocrx_word' id='word_1_253' title='bbox 1245 2147 1416 2195; x_wconf 90' lang='lat' dir='ltr'><strong>additus,</strong></span> <span class='ocrx_word' id='word_1_254' title='bbox 1437 2160 1519 2187; x_wconf 93' lang='lat' dir='ltr'><strong>non</strong></span> <span class='ocrx_word' id='word_1_255' title='bbox 1540 2146 1749 2187; x_wconf 90' lang='lat' dir='ltr'><strong>deseruisti</strong></span> <span class='ocrx_word' id='word_1_256' title='bbox 1768 2153 1902 2185; x_wconf 90' lang='lat' dir='ltr'><strong>tamen</strong></span> <span class='ocrx_word' id='word_1_257' title='bbox 1922 2158 2054 2196; x_wconf 91' lang='lat' dir='ltr'><strong>neque</strong></span> <span class='ocrx_word' id='word_1_258' title='bbox 2074 2143 2312 2195; x_wconf 86' lang='lat' dir='ltr'><strong>Collegium,</strong></span> <span class='ocrx_word' id='word_1_259' title='bbox 2332 2142 2398 2182; x_wconf 92' lang='lat' dir='ltr'><strong>cui</strong></span> <span class='ocrx_word' id='word_1_260' title='bbox 2416 2150 2498 2182; x_wconf 91' lang='lat' dir='ltr'><strong>tam</strong></span> 
     </span>
     <span class='ocr_line' id='line_1_29' title="bbox 487 2205 2500 2259; baseline -0.004 -8"><span class='ocrx_word' id='word_1_261' title='bbox 487 2211 556 2251; x_wconf 93' lang='lat' dir='ltr'><strong>diu</strong></span> <span class='ocrx_word' id='word_1_262' title='bbox 575 2218 686 2250; x_wconf 89' lang='lat' dir='ltr'><strong>tanta</strong></span> <span class='ocrx_word' id='word_1_263' title='bbox 704 2222 797 2249; x_wconf 91' lang='lat' dir='ltr'><strong>cum</strong></span> <span class='ocrx_word' id='word_1_264' title='bbox 817 2209 935 2248; x_wconf 88' lang='lat' dir='ltr'><strong>laude</strong></span> <span class='ocrx_word' id='word_1_265' title='bbox 954 2208 1167 2259; x_wconf 88' lang='lat' dir='ltr'><strong>praefuisti,</strong></span> <span class='ocrx_word' id='word_1_266' title='bbox 1190 2221 1322 2259; x_wconf 91' lang='lat' dir='ltr'><strong>neque</strong></span> <span class='ocrx_word' id='word_1_267' title='bbox 1342 2208 1605 2249; x_wconf 88' lang='lat' dir='ltr'><strong>Academiam</strong></span> <span class='ocrx_word' id='word_1_268' title='bbox 1625 2208 1763 2259; x_wconf 89' lang='lat' dir='ltr'><strong>ipsam,</strong></span> <span class='ocrx_word' id='word_1_269' title='bbox 1787 2221 1889 2259; x_wconf 92' lang='lat' dir='ltr'><strong>quae</strong></span> <span class='ocrx_word' id='word_1_270' title='bbox 1909 2207 2077 2246; x_wconf 91' lang='lat' dir='ltr'><strong>libenter</strong></span> <span class='ocrx_word' id='word_1_271' title='bbox 2097 2206 2218 2246; x_wconf 90' lang='lat' dir='ltr'><strong>hodie</strong></span> <span class='ocrx_word' id='word_1_272' title='bbox 2237 2205 2459 2252; x_wconf 87' lang='lat' dir='ltr'><strong>confitetur,</strong></span> <span class='ocrx_word' id='word_1_273' title='bbox 2475 2216 2500 2243; x_wconf 86' lang='lat' dir='ltr'><strong>a</strong></span> 
     </span>
     <span class='ocr_line' id='line_1_30' title="bbox 486 2265 2501 2324; baseline -0.004 -11"><span class='ocrx_word' id='word_1_274' title='bbox 486 2280 525 2313; x_wconf 87' lang='lat' dir='ltr'><strong>te</strong></span> <span class='ocrx_word' id='word_1_275' title='bbox 551 2272 639 2324; x_wconf 92' lang='lat' dir='ltr'><strong>ipso</strong></span> <span class='ocrx_word' id='word_1_276' title='bbox 664 2271 743 2310; x_wconf 89' lang='lat' dir='ltr'><strong>iam</strong></span> <span class='ocrx_word' id='word_1_277' title='bbox 769 2271 924 2310; x_wconf 92' lang='lat' dir='ltr'><strong>dudum</strong></span> <span class='ocrx_word' id='word_1_278' title='bbox 950 2269 1148 2318; x_wconf 89' lang='lat' dir='ltr'><strong>didicisse,</strong></span> <span class='ocrx_word' id='word_1_279' title='bbox 1172 2270 1213 2309; x_wconf 89' lang='lat' dir='ltr'><strong>in</strong></span> <span class='ocrx_word' id='word_1_280' title='bbox 1239 2270 1408 2321; x_wconf 91' lang='lat' dir='ltr'><strong>negotiis</strong></span> <span class='ocrx_word' id='word_1_281' title='bbox 1433 2269 1687 2310; x_wconf 90' lang='lat' dir='ltr'><strong>Academicis</strong></span> <span class='ocrx_word' id='word_1_282' title='bbox 1710 2282 1898 2320; x_wconf 91' lang='lat' dir='ltr'><strong>prospere</strong></span> <span class='ocrx_word' id='word_1_283' title='bbox 1921 2267 2104 2319; x_wconf 90' lang='lat' dir='ltr'><strong>gerendis</strong></span> <span class='ocrx_word' id='word_1_284' title='bbox 2128 2265 2227 2306; x_wconf 92' lang='lat' dir='ltr'><strong>nihil</strong></span> <span class='ocrx_word' id='word_1_285' title='bbox 2245 2266 2387 2305; x_wconf 91' lang='lat' dir='ltr'><strong>melius</strong></span> <span class='ocrx_word' id='word_1_286' title='bbox 2412 2277 2501 2305; x_wconf 91' lang='lat' dir='ltr'><strong>esse</strong></span> 
     </span>
     <span class='ocr_line' id='line_1_31' title="bbox 489 2328 2502 2384; baseline -0.004 -10"><span class='ocrx_word' id='word_1_287' title='bbox 489 2347 645 2374; x_wconf 91' lang='lat' dir='ltr'><strong>morum</strong></span> <span class='ocrx_word' id='word_1_288' title='bbox 666 2332 899 2381; x_wconf 91' lang='lat' dir='ltr'><strong>constantia,</strong></span> <span class='ocrx_word' id='word_1_289' title='bbox 922 2332 1021 2371; x_wconf 92' lang='lat' dir='ltr'><strong>nihil</strong></span> <span class='ocrx_word' id='word_1_290' title='bbox 1040 2333 1243 2384; x_wconf 91' lang='lat' dir='ltr'><strong>pulchrius</strong></span> <span class='ocrx_word' id='word_1_291' title='bbox 1263 2333 1462 2373; x_wconf 88' lang='lat' dir='ltr'><strong>comitate.</strong></span> <span class='ocrx_word' id='word_1_292' title='bbox 1521 2334 1672 2384; x_wconf 94' lang='lat' dir='ltr'><strong>Nuper,</strong></span> <span class='ocrx_word' id='word_1_293' title='bbox 1694 2332 1796 2372; x_wconf 93' lang='lat' dir='ltr'><strong>inter</strong></span> <span class='ocrx_word' id='word_1_294' title='bbox 1815 2331 2036 2371; x_wconf 89' lang='lat' dir='ltr'><strong>amicorum</strong></span> <span class='ocrx_word' id='word_1_295' title='bbox 2056 2329 2317 2381; x_wconf 87' lang='lat' dir='ltr'><strong>plurimorum</strong></span> <span class='ocrx_word' id='word_1_296' title='bbox 2336 2328 2502 2379; x_wconf 84' lang='lat' dir='ltr'><strong>gratula-</strong></span> 
     </span>
     <span class='ocr_line' id='line_1_32' title="bbox 487 2391 2500 2447; baseline -0.004 -10"><span class='ocrx_word' id='word_1_297' title='bbox 487 2397 628 2445; x_wconf 89' lang='lat' dir='ltr'><strong>tiones,</strong></span> <span class='ocrx_word' id='word_1_298' title='bbox 650 2409 845 2436; x_wconf 89' lang='lat' dir='ltr'><strong>annorum</strong></span> <span class='ocrx_word' id='word_1_299' title='bbox 865 2395 1153 2447; x_wconf 89' lang='lat' dir='ltr'><strong>quinquaginta</strong></span> <span class='ocrx_word' id='word_1_300' title='bbox 1172 2396 1470 2436; x_wconf 89' lang='lat' dir='ltr'><strong>matrimonium</strong></span> <span class='ocrx_word' id='word_1_301' title='bbox 1486 2395 1578 2435; x_wconf 86' lang='lat' dir='ltr'><strong>felix</strong></span> <span class='ocrx_word' id='word_1_302' title='bbox 1597 2408 1679 2435; x_wconf 90' lang='lat' dir='ltr'><strong>non</strong></span> <span class='ocrx_word' id='word_1_303' title='bbox 1700 2396 1785 2434; x_wconf 90' lang='lat' dir='ltr'><strong>sine</strong></span> <span class='ocrx_word' id='word_1_304' title='bbox 1806 2395 2018 2434; x_wconf 92' lang='lat' dir='ltr'><strong>modorum</strong></span> <span class='ocrx_word' id='word_1_305' title='bbox 2038 2391 2282 2432; x_wconf 83' lang='lat' dir='ltr'><strong>musicorum</strong></span> <span class='ocrx_word' id='word_1_306' title='bbox 2301 2396 2500 2430; x_wconf 90' lang='lat' dir='ltr'><strong>concentu</strong></span> 
     </span>
     <span class='ocr_line' id='line_1_33' title="bbox 490 2453 2502 2510; baseline -0.004 -11"><span class='ocrx_word' id='word_1_307' title='bbox 490 2459 720 2499; x_wconf 87' lang='lat' dir='ltr'><strong>dulcissimo</strong></span> <span class='ocrx_word' id='word_1_308' title='bbox 740 2458 959 2508; x_wconf 87' lang='lat' dir='ltr'><strong>celebrasti,</strong></span> <span class='ocrx_word' id='word_1_309' title='bbox 982 2459 1023 2497; x_wconf 91' lang='lat' dir='ltr'><strong>in</strong></span> <span class='ocrx_word' id='word_1_310' title='bbox 1043 2459 1161 2498; x_wconf 91' lang='lat' dir='ltr'><strong>rebus</strong></span> <span class='ocrx_word' id='word_1_311' title='bbox 1181 2458 1425 2510; x_wconf 90' lang='lat' dir='ltr'><strong>gravioribus</strong></span> <span class='ocrx_word' id='word_1_312' title='bbox 1447 2471 1529 2497; x_wconf 88' lang='lat' dir='ltr'><strong>non</strong></span> <span class='ocrx_word' id='word_1_313' title='bbox 1549 2457 1696 2497; x_wconf 92' lang='lat' dir='ltr'><strong>oblitus</strong></span> <span class='ocrx_word' id='word_1_314' title='bbox 1717 2458 1844 2496; x_wconf 91' lang='lat' dir='ltr'><strong>multo</strong></span> <span class='ocrx_word' id='word_1_315' title='bbox 1867 2455 1992 2507; x_wconf 86' lang='lat' dir='ltr'><strong>magis</strong></span> <span class='ocrx_word' id='word_1_316' title='bbox 2011 2454 2052 2494; x_wconf 90' lang='lat' dir='ltr'><strong>in</strong></span> <span class='ocrx_word' id='word_1_317' title='bbox 2071 2453 2151 2493; x_wconf 90' lang='lat' dir='ltr'><strong>vita</strong></span> <span class='ocrx_word' id='word_1_318' title='bbox 2173 2453 2392 2493; x_wconf 93' lang='lat' dir='ltr'><strong>videndum</strong></span> <span class='ocrx_word' id='word_1_319' title='bbox 2414 2463 2502 2491; x_wconf 89' lang='lat' dir='ltr'><strong>esse</strong></span> 
     </span>
     <span class='ocr_line' id='line_1_34' title="bbox 490 2512 2502 2572; baseline -0.004 -12"><span class='ocrx_word' id='word_1_320' title='bbox 490 2535 541 2561; x_wconf 91' lang='lat' dir='ltr'><strong>ne</strong></span> <span class='ocrx_word' id='word_1_321' title='bbox 561 2521 659 2572; x_wconf 92' lang='lat' dir='ltr'><strong>quid</strong></span> <span class='ocrx_word' id='word_1_322' title='bbox 679 2521 888 2572; x_wconf 90' lang='lat' dir='ltr'><strong>discrepet,</strong></span> <span class='ocrx_word' id='word_1_323' title='bbox 913 2523 922 2541; x_wconf 92' lang='lat'>‘</span> <span class='ocrx_word' id='word_1_324' title='bbox 934 2533 1016 2571; x_wconf 92' lang='lat' dir='ltr'><strong>quo</strong></span> <span class='ocrx_word' id='word_1_325' title='bbox 1035 2520 1161 2560; x_wconf 91' lang='lat' dir='ltr'><strong>maior</strong></span> <span class='ocrx_word' id='word_1_326' title='bbox 1179 2527 1219 2559; x_wconf 93' lang='lat' dir='ltr'><strong>et</strong></span> <span class='ocrx_word' id='word_1_327' title='bbox 1238 2519 1379 2559; x_wconf 90' lang='lat' dir='ltr'><strong>melior</strong></span> <span class='ocrx_word' id='word_1_328' title='bbox 1397 2519 1602 2559; x_wconf 90' lang='lat' dir='ltr'><strong>actionum</strong></span> <span class='ocrx_word' id='word_1_329' title='bbox 1618 2532 1738 2570; x_wconf 92' lang='lat' dir='ltr'><strong>quam</strong></span> <span class='ocrx_word' id='word_1_330' title='bbox 1754 2530 1943 2557; x_wconf 91' lang='lat' dir='ltr'><strong>sonorum</strong></span> <span class='ocrx_word' id='word_1_331' title='bbox 1964 2522 2183 2555; x_wconf 90' lang='lat' dir='ltr'><strong>concentus</strong></span> <span class='ocrx_word' id='word_1_332' title='bbox 2202 2521 2262 2554; x_wconf 89' lang='lat' dir='ltr'><strong>est</strong></span> <span class='ocrx_word' id='word_1_333' title='bbox 2275 2514 2313 2552; x_wconf 76' lang='lat'><strong>’⁶.</strong></span> <span class='ocrx_word' id='word_1_334' title='bbox 2363 2512 2502 2553; x_wconf 91' lang='lat' dir='ltr'><strong>Hodie</strong></span> 
     </span>
     <span class='ocr_line' id='line_1_35' title="bbox 490 2572 2500 2632; baseline -0.004 -10"><span class='ocrx_word' id='word_1_335' title='bbox 490 2596 594 2631; x_wconf 90' lang='lat' dir='ltr'><strong>vero,</strong></span> <span class='ocrx_word' id='word_1_336' title='bbox 615 2582 657 2621; x_wconf 91' lang='lat' dir='ltr'><strong>in</strong></span> <span class='ocrx_word' id='word_1_337' title='bbox 687 2582 867 2632; x_wconf 88' lang='lat' dir='ltr'><strong>Collegio</strong></span> <span class='ocrx_word' id='word_1_338' title='bbox 896 2588 966 2621; x_wconf 92' lang='lat' dir='ltr'><strong>tuo</strong></span> <span class='ocrx_word' id='word_1_339' title='bbox 995 2593 1078 2620; x_wconf 91' lang='lat' dir='ltr'><strong>non</strong></span> <span class='ocrx_word' id='word_1_340' title='bbox 1107 2580 1192 2620; x_wconf 91' lang='lat' dir='ltr'><strong>sine</strong></span> <span class='ocrx_word' id='word_1_341' title='bbox 1221 2594 1377 2620; x_wconf 90' lang='lat' dir='ltr'><strong>summa</strong></span> <span class='ocrx_word' id='word_1_342' title='bbox 1405 2580 1621 2621; x_wconf 93' lang='lat' dir='ltr'><strong>concordia</strong></span> <span class='ocrx_word' id='word_1_343' title='bbox 1648 2579 1910 2632; x_wconf 88' lang='lat' dir='ltr'><strong>gubernando</strong></span> <span class='ocrx_word' id='word_1_344' title='bbox 1939 2577 2053 2617; x_wconf 87' lang='lat' dir='ltr'><strong>annis</strong></span> <span class='ocrx_word' id='word_1_345' title='bbox 2078 2576 2246 2616; x_wconf 89' lang='lat' dir='ltr'><strong>totidem</strong></span> <span class='ocrx_word' id='word_1_346' title='bbox 2269 2587 2394 2626; x_wconf 90' lang='lat' dir='ltr'><strong>prope</strong></span> <span class='ocrx_word' id='word_1_347' title='bbox 2420 2572 2500 2614; x_wconf 88' lang='lat' dir='ltr'><strong>iam</strong></span> 
     </span>
     <span class='ocr_line' id='line_1_36' title="bbox 492 2638 2502 2694; baseline -0.004 -11"><span class='ocrx_word' id='word_1_348' title='bbox 492 2643 648 2692; x_wconf 85' lang='lat' dir='ltr'><strong>exactis,</strong></span> <span class='ocrx_word' id='word_1_349' title='bbox 679 2643 777 2682; x_wconf 91' lang='lat' dir='ltr'><strong>nihil</strong></span> <span class='ocrx_word' id='word_1_350' title='bbox 805 2642 1046 2694; x_wconf 88' lang='lat' dir='ltr'><strong>auspicatius</strong></span> <span class='ocrx_word' id='word_1_351' title='bbox 1080 2649 1266 2693; x_wconf 88' lang='lat' dir='ltr'><strong>exoptare</strong></span> <span class='ocrx_word' id='word_1_352' title='bbox 1295 2656 1520 2694; x_wconf 91' lang='lat' dir='ltr'><strong>possumus,</strong></span> <span class='ocrx_word' id='word_1_353' title='bbox 1550 2655 1671 2694; x_wconf 88' lang='lat' dir='ltr'><strong>quam</strong></span> <span class='ocrx_word' id='word_1_354' title='bbox 1699 2648 1753 2689; x_wconf 93' lang='lat' dir='ltr'><strong>ut,</strong></span> <span class='ocrx_word' id='word_1_355' title='bbox 1785 2639 1940 2692; x_wconf 88' lang='lat' dir='ltr'><strong>placide</strong></span> <span class='ocrx_word' id='word_1_356' title='bbox 1969 2645 2008 2678; x_wconf 92' lang='lat' dir='ltr'><strong>et</strong></span> <span class='ocrx_word' id='word_1_357' title='bbox 2037 2638 2177 2677; x_wconf 89' lang='lat' dir='ltr'><strong>leniter</strong></span> <span class='ocrx_word' id='word_1_358' title='bbox 2203 2642 2502 2688; x_wconf 88' lang='lat' dir='ltr'><strong>vesperascente</strong></span> 
     </span>
     <span class='ocr_line' id='line_1_37' title="bbox 491 2700 2500 2755; baseline -0.003 -10"><span class='ocrx_word' id='word_1_359' title='bbox 491 2706 595 2746; x_wconf 90' lang='lat' dir='ltr'><strong>vitae</strong></span> <span class='ocrx_word' id='word_1_360' title='bbox 615 2706 691 2755; x_wconf 92' lang='lat' dir='ltr'><strong>die,</strong></span> <span class='ocrx_word' id='word_1_361' title='bbox 708 2705 810 2746; x_wconf 88' lang='lat' dir='ltr'><strong>inter</strong></span> <span class='ocrx_word' id='word_1_362' title='bbox 829 2705 1072 2746; x_wconf 90' lang='lat' dir='ltr'><strong>Academiae</strong></span> <span class='ocrx_word' id='word_1_363' title='bbox 1091 2712 1250 2744; x_wconf 88' lang='lat' dir='ltr'><strong>nostrae</strong></span> <span class='ocrx_word' id='word_1_364' title='bbox 1265 2706 1498 2745; x_wconf 90' lang='lat' dir='ltr'><strong>umbracula</strong></span> <span class='ocrx_word' id='word_1_365' title='bbox 1517 2712 1575 2745; x_wconf 91' lang='lat' dir='ltr'><strong>tot</strong></span> <span class='ocrx_word' id='word_1_366' title='bbox 1594 2717 1791 2744; x_wconf 91' lang='lat' dir='ltr'><strong>annorum</strong></span> <span class='ocrx_word' id='word_1_367' title='bbox 1808 2703 1999 2742; x_wconf 91' lang='lat' dir='ltr'><strong>memoria</strong></span> <span class='ocrx_word' id='word_1_368' title='bbox 2014 2700 2244 2741; x_wconf 89' lang='lat' dir='ltr'><strong>suavissima</strong></span> <span class='ocrx_word' id='word_1_369' title='bbox 2263 2700 2500 2748; x_wconf 85' lang='lat' dir='ltr'><strong>collustrata,</strong></span> 
     </span>
     <span class='ocr_line' id='line_1_38' title="bbox 493 2767 1532 2820; baseline -0.001 -12"><span class='ocrx_word' id='word_1_370' title='bbox 493 2769 534 2808; x_wconf 92' lang='lat' dir='ltr'><strong>in</strong></span> <span class='ocrx_word' id='word_1_371' title='bbox 554 2770 706 2809; x_wconf 87' lang='lat' dir='ltr'><strong>honore</strong></span> <span class='ocrx_word' id='word_1_372' title='bbox 725 2775 917 2820; x_wconf 91' lang='lat' dir='ltr'><strong>perpetuo</strong></span> <span class='ocrx_word' id='word_1_373' title='bbox 937 2767 1159 2807; x_wconf 89' lang='lat' dir='ltr'><strong>diutissime</strong></span> <span class='ocrx_word' id='word_1_374' title='bbox 1179 2767 1362 2819; x_wconf 89' lang='lat' dir='ltr'><strong>supersis.</strong></span> <span class='ocrx_word' id='word_1_375' title='bbox 1420 2769 1532 2808; x_wconf 90' lang='lat' dir='ltr'><strong>Vale.</strong></span> 
     </span>
    </p>

    <p class='ocr_par' dir='ltr' id='par_1_6' title="bbox 601 2839 1023 2879">
     <span class='ocr_line' id='line_1_39' title="bbox 601 2839 1023 2879; baseline -0.005 0"><span class='ocrx_word' id='word_1_376' title='bbox 601 2841 758 2879; x_wconf 83' lang='lat' dir='ltr'><strong>Datum</strong></span> <span class='ocrx_word' id='word_1_377' title='bbox 777 2840 819 2878; x_wconf 86' lang='lat' dir='ltr'><strong>in</strong></span> <span class='ocrx_word' id='word_1_378' title='bbox 840 2839 1023 2878; x_wconf 85' lang='lat' dir='ltr'><strong>Senaculo</strong></span> 
     </span>
    </p>
   </div>
   <div class='ocr_carea' id='block_1_6' title="bbox 710 2894 1130 2987">
    <p class='ocr_par' dir='ltr' id='par_1_7' title="bbox 710 2894 1130 2987">
     <span class='ocr_line' id='line_1_40' title="bbox 710 2894 1127 2932; baseline -0.002 0"><span class='ocrx_word' id='word_1_379' title='bbox 710 2894 840 2932; x_wconf 79' lang='lat' dir='ltr'><strong>Nonis</strong></span> <span class='ocrx_word' id='word_1_380' title='bbox 857 2894 1127 2932; x_wconf 81' lang='lat' dir='ltr'><strong>Decembribus</strong></span> 
     </span>
     <span class='ocr_line' id='line_1_41' title="bbox 817 2947 1130 2987; baseline 0.006 -2"><span class='ocrx_word' id='word_1_381' title='bbox 817 2947 868 2986; x_wconf 88' lang='lat' dir='ltr'><strong>A.</strong></span> <span class='ocrx_word' id='word_1_382' title='bbox 891 2947 931 2987; x_wconf 85' lang='lat' dir='ltr'><strong>S.</strong></span> <span class='ocrx_word' id='word_1_383' title='bbox 954 2954 1130 2987; x_wconf 86' lang='lat' dir='ltr'><strong>McM1110.</strong></span> 
     </span>
    </p>
   </div>
   <div class='ocr_carea' id='block_1_7' title="bbox 495 3020 2504 3163">
    <p class='ocr_par' dir='ltr' id='par_1_8' title="bbox 495 3020 2504 3163">
     <span class='ocr_line' id='line_1_42' title="bbox 582 3020 2504 3076; baseline -0.002 -9"><span class='ocrx_word' id='word_1_384' title='bbox 582 3035 594 3055; x_wconf 85' lang='lat'>¹</span> <span class='ocrx_word' id='word_1_385' title='bbox 617 3036 691 3067; x_wconf 88' lang='lat' dir='ltr'><strong>The</strong></span> <span class='ocrx_word' id='word_1_386' title='bbox 707 3034 901 3066; x_wconf 83' lang='lat' dir='ltr'><strong>authorities</strong></span> <span class='ocrx_word' id='word_1_387' title='bbox 916 3034 954 3066; x_wconf 92' lang='lat' dir='ltr'><strong>of</strong></span> <span class='ocrx_word' id='word_1_388' title='bbox 965 3034 1022 3067; x_wconf 91' lang='lat' dir='ltr'><strong>the</strong></span> <span class='ocrx_word' id='word_1_389' title='bbox 1040 3034 1231 3076; x_wconf 87' lang='lat' dir='ltr'><strong>University</strong></span> <span class='ocrx_word' id='word_1_390' title='bbox 1250 3034 1389 3076; x_wconf 86' lang='lat' dir='ltr'><strong>Library</strong></span> <span class='ocrx_word' id='word_1_391' title='bbox 1404 3034 1489 3066; x_wconf 90' lang='lat' dir='ltr'><strong>have</strong></span> <span class='ocrx_word' id='word_1_392' title='bbox 1505 3033 1623 3076; x_wconf 88' lang='lat' dir='ltr'><strong>placed</strong></span> <span class='ocrx_word' id='word_1_393' title='bbox 1639 3033 1828 3075; x_wconf 88' lang='lat' dir='ltr'><strong>aspecially</strong></span> <span class='ocrx_word' id='word_1_394' title='bbox 1844 3033 1977 3075; x_wconf 82' lang='lat' dir='ltr'><strong>printed</strong></span> <span class='ocrx_word' id='word_1_395' title='bbox 1992 3042 2079 3074; x_wconf 91' lang='lat' dir='ltr'><strong>copy</strong></span> <span class='ocrx_word' id='word_1_396' title='bbox 2090 3020 2205 3064; x_wconf 68' lang='lat' dir='ltr'><strong>of&#39;this</strong></span> <span class='ocrx_word' id='word_1_397' title='bbox 2220 3031 2336 3064; x_wconf 84' lang='lat' dir='ltr'><strong>Letter</strong></span> <span class='ocrx_word' id='word_1_398' title='bbox 2349 3041 2431 3064; x_wconf 84' lang='lat' dir='ltr'><strong>near</strong></span> <span class='ocrx_word' id='word_1_399' title='bbox 2444 3029 2504 3063; x_wconf 88' lang='lat' dir='ltr'><strong>the</strong></span> 
     </span>
     <span class='ocr_line' id='line_1_43' title="bbox 495 3073 2499 3122; baseline -0.002 -12"><span class='ocrx_word' id='word_1_400' title='bbox 495 3079 651 3122; x_wconf 86' lang='lat' dir='ltr'><strong>portraits</strong></span> <span class='ocrx_word' id='word_1_401' title='bbox 666 3079 704 3110; x_wconf 87' lang='lat' dir='ltr'><strong>of</strong></span> <span class='ocrx_word' id='word_1_402' title='bbox 716 3078 807 3109; x_wconf 90' lang='lat' dir='ltr'><strong>Lord</strong></span> <span class='ocrx_word' id='word_1_403' title='bbox 823 3079 932 3110; x_wconf 85' lang='lat' dir='ltr'><strong>Acton</strong></span> <span class='ocrx_word' id='word_1_404' title='bbox 948 3078 983 3109; x_wconf 90' lang='lat' dir='ltr'><strong>in</strong></span> <span class='ocrx_word' id='word_1_405' title='bbox 999 3078 1055 3110; x_wconf 89' lang='lat' dir='ltr'><strong>the</strong></span> <span class='ocrx_word' id='word_1_406' title='bbox 1073 3078 1184 3110; x_wconf 90' lang='lat' dir='ltr'><strong>Acton</strong></span> <span class='ocrx_word' id='word_1_407' title='bbox 1202 3078 1355 3119; x_wconf 87' lang='lat' dir='ltr'><strong>Library.</strong></span> <span class='ocrx_word' id='word_1_408' title='bbox 1463 3077 1477 3096; x_wconf 77' lang='lat'>²</span> <span class='ocrx_word' id='word_1_409' title='bbox 1501 3078 1647 3115; x_wconf 84' lang='lat' dir='ltr'><strong>Horace,</strong></span> <span class='ocrx_word' id='word_1_410' title='bbox 1663 3078 1709 3109; x_wconf 88' lang='lat' dir='ltr'><strong>A.</strong></span> <span class='ocrx_word' id='word_1_411' title='bbox 1722 3077 1760 3109; x_wconf 88' lang='lat' dir='ltr'><strong>P.</strong></span> <span class='ocrx_word' id='word_1_412' title='bbox 1785 3085 1856 3117; x_wconf 84' lang='lat'><em>127.</em></span> <span class='ocrx_word' id='word_1_413' title='bbox 1988 3074 2002 3096; x_wconf 78' lang='lat'>⁸</span> <span class='ocrx_word' id='word_1_414' title='bbox 2029 3074 2187 3118; x_wconf 85' lang='lat'><strong>1859—60.</strong></span> <span class='ocrx_word' id='word_1_415' title='bbox 2297 3074 2312 3095; x_wconf 79' lang='lat'><strong>⁴</strong></span> <span class='ocrx_word' id='word_1_416' title='bbox 2333 3084 2351 3117; x_wconf 85' lang='lat'>5</span> <span class='ocrx_word' id='word_1_417' title='bbox 2369 3073 2499 3113; x_wconf 82' lang='lat' dir='ltr'><strong>March,</strong></span> 
     </span>
     <span class='ocr_line' id='line_1_44' title="bbox 501 3120 1240 3163; baseline -0.004 -7"><span class='ocrx_word' id='word_1_418' title='bbox 501 3123 595 3156; x_wconf 88' lang='lat'>1860.</span> <span class='ocrx_word' id='word_1_419' title='bbox 726 3120 739 3140; x_wconf 82' lang='lat'>⁵</span> <span class='ocrx_word' id='word_1_420' title='bbox 763 3121 893 3161; x_wconf 87' lang='lat' dir='ltr'><strong>Cicero,</strong></span> <span class='ocrx_word' id='word_1_421' title='bbox 912 3121 966 3153; x_wconf 84' lang='lat' dir='ltr'><strong>De</strong></span> <span class='ocrx_word' id='word_1_422' title='bbox 985 3121 1119 3163; x_wconf 86' lang='lat' dir='ltr'><strong>Officiis,</strong></span> <span class='ocrx_word' id='word_1_423' title='bbox 1137 3121 1147 3153; x_wconf 92' lang='lat' dir='ltr'><strong>i</strong></span> <span class='ocrx_word' id='word_1_424' title='bbox 1167 3129 1240 3162; x_wconf 86' lang='lat'>145.</span> 
     </span>
    </p>
   </div>
   <div class='ocr_carea' id='block_1_8' title="bbox 1461 3182 1538 3219">
    <p class='ocr_par' dir='ltr' id='par_1_9' title="bbox 1461 3182 1538 3219">
     <span class='ocr_line' id='line_1_45' title="bbox 1461 3182 1538 3219; baseline 0.013 -1"><span class='ocrx_word' id='word_1_425' title='bbox 1461 3182 1538 3219; x_wconf 91' lang='lat'><strong>260</strong></span> 
     </span>
    </p>
   </div>
  </div>
 </body>
</html>
