2704 3770
841 320 937 369 Sir
968 321 1153 370 Robert
1188 320 1384 385 Fz’nlay.
1458 321 1519 369 P.
1572 321 1622 369 V
1616 322 1908 388 z'nogradoff

377 461 545 514 Collegii
572 462 765 502 Omnium
791 464 1027 504 Animarum
1056 465 1158 505 inter
1186 464 1434 505 Oxonienses
1463 472 1602 516 postea
1627 465 1768 515 socius,
1789 468 1972 518 aequoris
1994 468 2185 508 Atlantici
2207 468 2248 508 in
2273 468 2387 508 litore

377 532 546 576 utroque
579 538 650 576 per
681 539 809 566 annos
847 528 1038 578 plurimos
1075 528 1225 579 patriae
1262 541 1423 567 causam
1461 529 1675 579 prudenter
1712 530 1943 571 sustinebat.
2001 531 2108 572 Olim
2145 531 2387 584 legationum

377 595 599 628 nostrarum
632 589 873 640 experientia
902 590 1028 642 prima
1059 590 1215 630 Parisiis
1249 590 1426 630 imbutus
1440 605 1451 640 3
1489 590 1636 631 deinde
1662 593 1812 643 legatus
1843 592 1928 644 ipse
1957 593 2206 642 constitutus,
2237 600 2277 634 et
2304 606 2387 634 non

377 651 500 690 modo
525 650 627 690 inter
651 650 851 691 adiutores
878 665 982 702 suos,
1005 654 1076 692 sed
1103 652 1221 692 etiam
1245 652 1346 692 inter
1369 666 1498 692 rerum
1522 659 1741 692 exterarum
1766 654 2020 694 administros
2046 667 2197 703 omneS‚
2219 666 2389 706 persona

376 718 484 762 grata
517 725 673 764 semper
700 712 955 763 existimatus,
987 714 1089 754 inter
1117 714 1383 754 Athenienses
1413 714 1641 765 praesertim
1670 716 1778 766 apud
1806 715 1937 766 ipsum
1970 718 2123 768 Regem
2155 715 2389 756 auctoritate

377 773 546 824 plurima
572 773 736 814 feliciter
762 787 855 814 usus
882 782 951 815 est.
1012 777 1121 815 Inter
1150 775 1388 815 Parisienses
1417 775 1602 826 denique,
1628 776 1745 827 legati
1773 776 1814 815 in
1843 790 2007 818 munere
2036 790 2194 817 summo
2222 776 2390 817 fideliter

377 836 578 882 obeundo,
600 835 703 875 vitae
729 849 823 875 suae
849 838 955 876 velut
983 849 1173 876 coronam
1199 837 1452 888 praecipuam
1480 836 1564 877 iure
1590 837 1743 888 optimo
1772 846 1831 878 est
1859 839 2039 890 adeptus.
2099 840 2149 879 In
2175 837 2390 879 concordia

377 910 469 936 vero
498 897 564 936 illa
592 897 843 937 concilianda
868 905 907 937 et
934 899 1236 947 confirmandal,
1268 911 1370 949 quae
1398 897 1500 938 inter
1527 898 1679 938 vicinos
1708 907 1864 939 nostros
1893 907 1932 940 et
1960 908 2118 940 nosmet
2145 900 2254 952 ipsos
2282 913 2390 940 nunc

378 958 549 998 maxime
568 958 788 1007 intercedit,
812 959 931 998 etiam
952 959 1070 1010 legati
1089 960 1213 999 nostri
1231 960 1395 1011 insignis
1415 960 1604 999 auxilium
1624 960 1758 1001 animo
1778 969 1888 1013 grato
1908 962 2078 1002 libenter
2096 961 2359 1014 agnoscimus.

485 1022 603 1061 Duco
633 1021 684 1061 ad
716 1034 787 1061 vos
817 1021 943 1061 virum
975 1023 1196 1062 admodum
1229 1023 1518 1072 honorabilem,
1546 1024 1722 1075 equitem
1755 1038 1837 1065 non
1871 1039 1953 1066 uno
1984 1026 2149 1066 nomine
2178 1025 2386 1078 insignem,

379 1085 642 1125 EDMUNDUM
673 1086 872 1124 MONSON.

486 1178 600 1231 (417)
632 1179 854 1220 Caledonia
886 1181 938 1220 ad
967 1193 1041 1220 nos
1072 1181 1178 1220 misit
1206 1189 1246 1221 et
1274 1181 1518 1221 Academiae
1545 1189 1584 1222 et
1613 1182 1890 1222 Universitatis
1925 1182 2139 1222 Edinensis
2169 1182 2388 1231 alumnum,

377 1242 504 1281 virum
534 1243 777 1282 Graecorum
806 1243 1035 1294 praesertim
1065 1246 1274 1295 poetarum
1301 1257 1437 1283 amore
1467 1244 1562 1283 olim
1591 1244 1801 1293 imbutum,
1824 1244 1951 1285 virum
1980 1252 2020 1284 et
2047 1244 2132 1284 ludi
2160 1244 2390 1296 campestris

376 1305 612 1345 Caledonici
637 1305 678 1344 in
705 1306 940 1345 certamine⁹
960 1314 999 1346 et
1025 1320 1154 1346 rerum
1181 1306 1430 1357 publicarum
1454 1306 1495 1345 in
1519 1307 1794 1347 controversiis
1821 1307 1890 1346 diu
1916 1313 2150 1357 spectatum,
2172 1306 2240 1358 qui
2264 1314 2390 1347 artem

377 1367 575 1406 medicam
595 1374 800 1418 paternam
821 1367 1021 1418 paulisper
1039 1369 1250 1418 professus,
1272 1367 1462 1418 deinceps
1482 1381 1504 1407 e
1524 1367 1733 1419 disciplina
1755 1367 1901 1408 forensi
1923 1368 2084 1407 laudem
2109 1367 2306 1419 insignem
2331 1375 2392 1408 est

376 1430 554 1480 adeptus.
615 1431 664 1468 In
694 1430 861 1469 testibus
887 1429 1117 1481 praesertim
1143 1429 1432 1481 interrogandis
1461 1437 1560 1479 quot
1588 1437 1754 1470 terrores
1777 1429 1944 1469 incutit!
2003 1429 2200 1479 Quotiens
2220 1429 2392 1470 sollertia

377 1490 563 1542 singulari
592 1505 675 1530 rem
708 1505 783 1531 acu
817 1491 943 1542 tetigit
956 1505 967 1540 3
1006 1491 1191 1542 quotiens
1224 1491 1536 1531 adversariorum
1567 1499 1800 1543 argumenta
1829 1490 2045 1531 infirmiora
2075 1491 2205 1531 verbis
2235 1491 2390 1544 apertis,

377 1552 507 1593 verbis
545 1552 714 1601 directis,
755 1552 914 1601 detexit,
954 1554 1175 1592 aemulatus
1214 1554 1379 1592 fortasse
1418 1552 1714 1605 simplicitatem
1751 1553 1859 1592 illam
1898 1554 2104 1601 Graecam,
2139 1551 2207 1603 τήν
2239 1551 2395 1603 σκάφην

378 1614 534 1664 σκάφην
553 1614 704 1667 λέγων3.
764 1613 961 1664 Quotiens
982 1614 1023 1653 in
1044 1614 1172 1654 causis
1193 1613 1433 1654 difficillimis
1454 1621 1493 1654 et
1508 1628 1632 1666 prope
1647 1614 1876 1667 desperatis,
1894 1622 1934 1654 et
1953 1614 1994 1654 in
2013 1616 2100 1654 foro
2115 1621 2155 1654 et
2173 1614 2215 1654 in
2229 1616 2391 1664 Senatu,

376 1678 560 1718 advocati
589 1677 737 1718 strenui
760 1686 799 1718 et
823 1677 1034 1729 pertinacis
1061 1691 1180 1730 opem
1207 1685 1246 1718 et
1271 1677 1460 1717 auxilium
1490 1678 1700 1729 praestitit!
1757 1679 1896 1729 Nuper
1923 1677 2099 1729 denique
2123 1676 2391 1718 controversia

378 1754 523 1792 magna
542 1740 644 1780 inter
664 1739 909 1779 Britanniam
930 1740 1057 1791 ipsam
1078 1747 1117 1780 et
1137 1739 1422 1791 rempublicam
1444 1741 1714 1780 Venezuelam
1733 1741 1786 1780 ad
1804 1739 1971 1780 arbitros
1991 1741 2122 1788 relata,
2140 1738 2289 1791 patriae
2308 1738 2394 1779 iura

378 1816 460 1842 non
480 1801 611 1841 minus
630 1801 782 1841 fortiter
801 1814 922 1852 quam
942 1800 1107 1841 feliciter
1125 1801 1371 1841 vindicavit⁴.

489 1867 607 1905 Duco
630 1867 682 1905 ad
709 1878 780 1905 vos
808 1866 956 1917 patriae
985 1865 1185 1906 vindicem
1214 1867 1355 1905 fortem
1385 1872 1424 1905 et
1453 1865 1620 1913 felicem,
1641 1864 1964 1905 iurisconsultum
1992 1864 2194 1914 illustrem,
2217 1863 2392 1916 equitem

378 1927 589 1979 insignem,
621 1928 864 1967 ROBERTUM
896 1928 1069 1967 FINLAY.

489 2019 601 2072 (418)
624 2018 781 2059 Incedit
807 2020 1009 2070 proximus
1035 2018 1365 2070 iurisprudentiae
1394 2019 1591 2069 professor
1617 2016 1792 2068 insignis,
1815 2016 1884 2068 qui
1911 2018 2134 2056 Russorum
2159 2014 2200 2055 in
2226 2014 2393 2067 imperio

380 2089 507 2129 natus,
547 2080 695 2121 deinde
742 2080 836 2119 iuris
883 2080 1204 2120 Lombardorum
1251 2079 1384 2119 studio
1426 2079 1528 2118 inter
1570 2078 1848 2118 Berolinenses
1890 2078 2080 2127 imbutus,
2118 2083 2257 2128 postea
2292 2076 2394 2116 inter

382 2145 648 2194 Mosquenses
686 2154 779 2180 suos
817 2140 1022 2180 historiam
1060 2143 1270 2193 professus,
1306 2141 1478 2192 primum
1517 2140 1664 2180 abhinc
1701 2153 1829 2179 annos
1863 2140 1946 2179 duo
1984 2146 2024 2179 et
2055 2137 2192 2190 viginti
2224 2136 2394 2189 Angliae

380 2212 538 2245 nostrae
563 2205 615 2243 ad
643 2203 758 2242 litora
786 2203 975 2242 advectus
1004 2210 1074 2242 est.
1134 2203 1209 2251 Ibi,
1235 2203 1412 2243 vicorum
1441 2211 1666 2243 nostrorum
1695 2201 1898 2241 historiam
1927 2200 2087 2253 penitus
2114 2205 2391 2252 perscrutatus,

381 2268 482 2307 libro
509 2265 664 2318 egregio
687 2271 778 2317 post
804 2278 932 2304 annos
958 2278 1104 2306 novem
1128 2266 1248 2314 edito,
1270 2274 1310 2306 et
1333 2266 1427 2305 iuris
1452 2273 1491 2306 et
1510 2265 1566 2305 rei
1586 2265 1871 2305 oeconomicae
1891 2272 1930 2305 et
1949 2265 2005 2305 re'i
2023 2263 2195 2316 agrariae
2218 2261 2395 2303 studium

382 2341 621 2380 magnopere
640 2326 849 2367 excitavit⁶.
911 2327 1074 2366 Interim
1096 2327 1137 2366 in
1159 2330 1304 2367 Museo
1321 2327 1551 2367 Britannico
1568 2325 1775 2366 Bractonis
1795 2325 2114 2373 commentarios,
2131 2338 2155 2365 a
2173 2325 2395 2376 professore

381 2393 558 2444 quodam
587 2398 723 2430 nostro
752 2397 891 2440 postea
919 2391 1118 2440 praeclare
1147 2390 1286 2438 editos,
1318 2390 1469 2442 primus
1498 2390 1665 2430 detexit⁶
1677 2404 1688 2438 3
1717 2389 1865 2429 deinde
1893 2388 1995 2428 inter
2022 2394 2181 2428 nosmet
2207 2386 2315 2439 ipsos
2344 2387 2396 2426 de

383 2457 606 2494 Russorum
636 2453 800 2492 historia
829 2452 964 2492 animo
998 2466 1128 2504 aequo
1166 2460 1205 2493 et
1238 2453 1410 2492 veritatis
1444 2452 1625 2492 studioso
1658 2451 1885 2501 disseruit⁷3
1926 2463 2053 2502 nuper
2089 2448 2262 2501 denique
2294 2448 2396 2489 inter

384 2517 632 2559 Oxonienses
677 2518 730 2556 ad
777 2515 1106 2567 iurisprudentiae
1154 2517 1396 2565 cathedram,
1437 2517 1608 2555 duorum
1648 2514 1839 2565 deinceps
1880 2514 2132 2553 alumnorum
2170 2518 2395 2551 nostrorum

383 2581 612 2620 nominibus
625 2580 836 2629 ornatamss,
850 2580 953 2620 inter
966 2579 1296 2632 approbationem
1313 2579 1493 2618 omnium
1513 2585 1572 2618 est
1587 2579 1747 2618 electus.
1806 2577 1972 2616 Gratum
1987 2576 2166 2627 profecto
2182 2573 2395 2620 Britannis,

384 2646 493 2695 quod
519 2644 560 2683 in
586 2645 664 2683 hoc
687 2643 878 2683 libertatis
904 2645 1013 2694 asylo
1040 2643 1097 2683 vir
1124 2642 1274 2694 patriae
1297 2655 1433 2682 amore
1461 2641 1530 2681 tali
1555 2640 1764 2680 instinctus
1790 2638 1892 2678 inter
1913 2637 2092 2689 hospites
2121 2649 2214 2676 suos
2239 2642 2395 2675 tantum

383 2707 476 2747 iuris
514 2707 638 2746 nostri
674 2706 839 2758 antiqui,
879 2714 1035 2746 tantum
1073 2706 1259 2745 historiae
1297 2712 1456 2744 nostrae
1494 2703 1671 2744 studium
1710 2701 1899 2750 incendit,
1935 2708 1975 2740 et
2012 2705 2245 2751 argumento
2282 2704 2395 2737 tanto

383 2771 616 2811 illustrando
654 2778 830 2811 mentem
869 2778 950 2811 tam
988 2770 1171 2819 vividam,
1205 2776 1264 2808 tot
1302 2769 1551 2808 saeculorum
1589 2765 1740 2814 notitia,
1771 2771 1831 2804 tot
1867 2763 2089 2814 linguarum
2127 2758 2302 2809 scientia,
2335 2765 2395 2799 tot

384 2839 574 2872 terrarum
601 2832 842 2884 experientia
870 2832 1102 2872 instructam
1132 2830 1310 2871 contulit.

495 2896 612 2934 Duco
631 2895 683 2935 ad
701 2907 773 2934 vos
793 2893 1122 2945 iurisprudentiae
1141 2893 1404 2944 professorem
1427 2890 1709 2937 oxoniensem,
1732 2889 1915 2926 PAULUM
1935 2887 2255 2925 VINOGRADOFF.

471 2965 483 2987 ¹
507 2966 581 2998 The
595 2966 818 3008 negotiations
833 2966 872 2997 of
887 2967 980 3009 1898,
999 2965 1066 2997 and
1082 2965 1139 2997 the
1153 2968 1360 3007 agreements
1376 2963 1414 2995 of
1428 2972 1522 3005 1904.
1621 2959 1634 2980 2
1658 2960 1747 3009 Golf.
1857 2957 1871 3009 {³
1895 2956 2087 2990 Proverbial
2102 2956 2221 2999 phrase
2237 2955 2322 2988 from
2338 2954 2396 3006 the

386 3009 498 3042 Greek
522 3010 640 3041 Comic
665 3010 774 3046 Poets,
798 3009 923 3052 quoted
946 3009 991 3050 by
1009 3008 1175 3047 Plutarch,
1194 3009 1283 3041 Mor.
1305 3009 1423 3048 178133
1446 3006 1512 3038 and
1537 3005 1581 3047 by
1604 3005 1740 3042 Lucian,
1766 3002 1803 3034 de
1826 3003 1904 3034 hzst.
1928 3012 2047 3034 conscr.
2074 3010 2128 3042 ⁴¹2
2154 2999 2221 3032 and
2242 2999 2408 3041 Iuppucr,

385 3058 469 3094 trag.
491 3063 541 3094 32.
668 3052 682 3072 ⁴
707 3062 801 3095 1904.
927 3051 940 3072 ⁶
971 3052 1156 3093 Villaz'nage
1173 3052 1210 3083 in
1227 3050 1399 3100 Englfznd,
1424 3051 1503 3091 1892
1524 3047 1693 3089 (followed
1709 3047 1753 3088 by
1773 3045 1841 3077 The
1860 3044 1994 3077 Growth
2009 3043 2111 3086 qfthe
2126 3044 2263 3092 Manoff,
2286 3041 2394 3084 1905).

386 3093 486 3171 ίΞΨΙΕΛΙ.
507 3097 543 3128 F.
561 3095 815 3172 XXSMaiitlgigd..
838 3139 862 3170 k
880 3139 905 3170 Ρ
930 3094 972 3170 11⁷
996 3095 1149 3170 {edures
1162 3106 1204 3126 on
1220 3095 1274 3127 the
1288 3094 1415 3135 lzzstory
1429 3092 1530 3135 qfthe
1549 3091 1624 3135 19tlt
1639 3095 1776 3130 century
1794 3087 1894 3131 (Aug.
1915 3085 2022 3131 190²)·
2171 3084 2185 3106 ⁸
2207 3086 2261 3119 Sir
2278 3085 2397 3126 Henry

428 3149 514 3177 ame,
530 3149 573 3171 an
639 3150 666 3171 ιι·
712 3150 727 3170 r
772 3149 837 3172 eric
908 3149 928 3170 o
957 3149 996 3170 oc
1025 3161 1032 3169 .

1354 3221 1429 3259 190
