2704 3770
1159 306 1448 372 Unz‘versz'ty
1480 307 1544 372 of
1566 307 1810 356 Louvain.

475 448 678 490 indicabit.
738 450 797 490 Ut
830 456 1005 489 nostram
1038 448 1079 488 in
1113 463 1183 489 vos
1217 449 1536 490 benevolentiam
1570 462 1680 489 more
1713 449 1895 489 sollemni
1929 449 2207 501 significemus,
2235 451 2306 490 has
2338 449 2486 491 litteras

475 511 690 551 amicitiam
711 518 887 551 nostram
907 518 1097 551 testantes
1117 511 1254 563 legatis
1274 512 1431 559 nostris,
1451 511 1542 551 viris
1562 511 1733 551 maxime
1752 511 1919 560 idoneis,
1937 512 2142 562 tradimus,
2157 526 2327 563 quorum
2347 526 2486 553 unum-

475 586 676 624 quemque
706 572 766 625 (ut
796 572 925 613 verbis
954 573 1091 613 vestris
1120 573 1412 624 benignissimis
1441 572 1614 625 utamur)
1644 586 1716 625 pro
1745 581 1872 613 vestra
1900 573 1941 612 in
1974 586 2048 613 nos
2082 573 2361 614 benevolentia
2391 576 2485 626 ‘pro

475 634 606 674 amico
635 642 675 674 et
702 634 831 675 sodali
859 634 1027 674 habere'
1055 634 1265 674 voluistis¹.
1324 636 1435 674 Vale.

584 707 740 745 Datum
764 706 1041 756 Cantabrzgiae

691 761 828 799 Pridie
845 762 943 799 Idus
960 761 1101 799 Maias

799 815 851 854 A.
875 814 915 854 S.
937 821 1138 853 MCMv1110.

661 918 905 959 Universitas
937 919 1268 968 Cantabrigiensis
1308 919 1566 958 Universitati
1596 919 1814 959 Catholicae
1841 920 2081 959 Lovaniensi
2103 920 2143 959 S.
2174 921 2220 959 P.
2252 921 2308 958 D.

585 988 699 1042 (586)
732 990 1037 1029 GRATULAMUR
1072 989 1184 1029 vobis
1218 989 1416 1039 omnibus,
1452 989 1523 1029 viri
1556 989 1788 1038 doctissimi,
1821 990 1931 1041 quod
1963 989 2200 1029 Brabantiae
2232 989 2335 1029 inter
2366 990 2488 1031 colles

477 1051 767 1098 saluberrimos,
788 1051 829 1090 in
849 1052 939 1091 loco
963 1051 1135 1100 ‘vinetis,
1157 1051 1289 1103 pratis,
1311 1052 1454 1100 rivulis,
1473 1052 1648 1104 frugibus
1668 1060 1707 1092 et
1726 1052 1918 1092 fructibus
1938 1054 2080 1093 referto
2094 1052 2134 1102 ’⁹,
2152 1053 2221 1093 ubi
2241 1053 2488 1094 Universitas

478 1112 737 1154 Lovaniensis
760 1112 924 1163 antiqua
950 1112 1045 1152 olim
1069 1113 1285 1153 constituta
1309 1122 1391 1153 erat
1403 1129 1414 1163 3
1443 1114 1484 1153 in
1508 1114 1605 1154 urbe
1629 1115 1770 1154 eadem
1794 1127 1914 1165 quam
1939 1114 2215 1155 Universitatis
2237 1114 2340 1155 illius
2363 1116 2487 1156 decus

476 1175 677 1222 eximium,
717 1176 870 1214 Iusrus
909 1176 1087 1223 L1Psms,
1127 1176 1376 1215 Athenarum
1416 1175 1663 1227 Belgiearum
1702 1175 1865 1215 nomine
1906 1175 2139 1227 appellavit³
2151 1190 2162 1225 3
2210 1175 2486 1217 Universitatis

478 1250 616 1285 novae,
658 1236 936 1276 Universitatis
978 1236 1156 1288 religioni
1198 1245 1350 1277 vestrae
1391 1239 1730 1285 accommodatae,
1770 1252 1897 1278 annos
1940 1239 2118 1291 quinque
2159 1246 2200 1279 et
2240 1239 2488 1292 septuaginta

477 1313 664 1352 prospere
697 1307 856 1339 exactos
890 1299 1122 1351 propediem
1157 1300 1250 1339 estis
1283 1300 1526 1340 celebraturi.
1588 1303 1646 1340 Ex
1679 1301 1850 1340 alumnis
1883 1308 2017 1340 autem
2047 1301 2184 1341 vestris
2218 1315 2300 1341 non
2329 1301 2488 1353 ignotus

477 1361 595 1402 nobis
624 1368 684 1401 est
712 1360 928 1400 litterarum
957 1361 1210 1412 antiquarum
1239 1369 1278 1401 et
1306 1361 1528 1413 linguarum
1558 1361 1808 1402 orientalium
1836 1363 2035 1413 professor
2060 1361 2126 1402 ille
2154 1362 2324 1409 illustris,
2354 1361 2488 1402 Fssux

478 1425 517 1464 N
522 1423 613 1471 ὲνΕ,
635 1422 715 1474 qui,
737 1430 776 1462 et
806 1421 974 1473 Collegii
1000 1422 1214 1474 Trilinguis
1238 1431 1277 1462 et
1302 1423 1519 1463 litterarum
1539 1423 1640 1463 inter
1661 1425 1802 1474 Belgas
1825 1423 2118 1463 renascentium
2144 1437 2236 1463 cum
2255 1422 2428 1471 historia,
2448 1430 2490 1464 et

479 1486 646 1524 ERAsm
667 1491 707 1523 et
728 1485 847 1522 MOR1
868 1483 1102 1523 memoriam
1122 1484 1395 1524 consociavit4.
1455 1486 1731 1524 Recordamur
1756 1484 1875 1524 etiam
1899 1492 2094 1536 quantum
2120 1485 2342 1525 studiorum
2364 1483 2490 1537 philo-

477 1547 695 1599 logicorum
728 1546 831 1586 inter
859 1554 1013 1586 vosmet
1044 1546 1151 1597 ipsos
1184 1546 1370 1586 historiae
1396 1548 1532 1587 lumen
1562 1547 1735 1587 attulerit
1763 1548 1948 1587 alumnus
1976 1547 2042 1587 ille
2076 1555 2213 1596 vester,
2245 1549 2490 1587 Lunovrcus

479 1611 774 1651 CHR18T1ANUS
795 1609 1020 1648 Rornscffl‘
1032 1623 1043 1658 3
1072 1617 1223 1659 quanto
1242 1609 1428 1649 acumine
1448 1617 1487 1650 et
1508 1609 1698 1650 Graeciae
1718 1610 1907 1660 antiquae
1927 1617 1966 1650 et
1987 1612 2233 1651 Athenarum
2254 1610 2429 1662 ipsarum
2449 1616 2491 1651 et

478 1673 628 1725 patriae
649 1672 833 1724 Belgicae
853 1672 1033 1712 instituta
1052 1672 1302 1712 illustraverit
1322 1680 1361 1712 et
1380 1681 1539 1713 senator
1558 1681 1598 1713 et
1617 1673 1710 1713 iuris
1733 1675 1931 1725 professor
1953 1680 2080 1712 vester
2101 1673 2275 1725 insignis,
2298 1674 2490 1712 IOANNES

480 1737 691 1776 IOSEPHUS
716 1735 1013 1792 THoNJSSEnf'3
1043 1748 1164 1786 quam
1187 1735 1322 1776 lucido
1347 1736 1521 1788 denique
1545 1736 1684 1777 ordine
1706 1738 1905 1788 professor
1923 1736 1989 1777 ille
2007 1739 2105 1777 alter
2123 1750 2206 1777 non
2225 1736 2357 1777 minus
2379 1748 2489 1788 prae-

479 1799 617 1846 clarus,
636 1800 805 1838 PETRUS
825 1800 1039 1846 W1LLEMs‚
1057 1798 1195 1850 populi
1211 1798 1386 1839 Romani
1401 1799 1485 1838 iura
1500 1807 1539 1839 et
1554 1799 1794 1851 reipublicae
1811 1802 2020 1841 Romanae
2039 1807 2221 1841 senatum
2236 1797 2488 1841 tractaverit⁷.

480 1860 601 1899 Nunc
637 1867 771 1900 autem
808 1861 1050 1911 professores
1088 1859 1204 1900 vestri
1242 1860 1396 1910 eruditi,
1432 1874 1483 1900 ne
1515 1863 1628 1912 plura
1661 1874 2032 1911 commemoremus,
2068 1875 2150 1902 non
2184 1863 2307 1902 modo
2343 1861 2491 1902 litteras

479 1920 667 1972 Anglicas
697 1923 768 1962 sed
802 1921 922 1961 etiam
955 1923 1111 1961 SANc‘rr
1146 1923 1335 1961 THOMAE
1368 1924 1607 1969 AQUINATIS
1641 1923 1937 1974 philosophiam
1971 1923 2264 1964 Aristotelicam
2293 1924 2491 1975 praeclare

479 1984 741 2035 profitentur⁸.
798 1983 1045 2035 Theologiae
1078 1983 1243 2035 quidem
1271 1984 1312 2023 in
1345 1985 1587 2025 Doctoribus
1616 1986 1798 2025 creandis
1830 1993 1988 2026 nosmet
2017 1986 2092 2037 ipsi
2124 1986 2220 2026 olim
2247 1986 2356 2026 anuli
2382 1985 2491 2026 aurei

481 2044 641 2085 vinculo
667 2058 758 2084 cum
785 2044 945 2095 reliquis
971 2047 1154 2096 Europae
1182 2045 1515 2086 Universitatibus
1539 2060 1694 2086 eramus
1721 2047 1934 2095 coniuncti,
1957 2061 2077 2098 quam
2104 2046 2446 2096 consuetudinem,
2467 2060 2492 2086 a

482 2108 701 2146 BENTLmo
721 2114 857 2146 nostro
878 2107 1083 2157 quondam
1103 2108 1323 2147 luculenter
1342 2108 1589 2159 explicatam,
1606 2109 1685 2148 iam
1705 2123 1775 2160 per
1789 2123 1916 2150 annos
1932 2110 2220 2162 quinquaginta
2233 2109 2488 2162 negleximus,

480 2182 551 2209 vos
569 2177 703 2210 autem
723 2169 764 2209 in
784 2171 937 2209 honore
956 2169 1073 2210 solito
1093 2170 1354 2210 conservastis
1362 2172 1384 2210 ⁹.
1444 2170 1661 2210 Vinculum
1681 2179 1815 2212 tamen
1831 2174 1998 2212 alterum
2018 2172 2116 2213 illud
2136 2180 2270 2212 manet
2284 2172 2488 2223 irruptum,

482 2232 603 2281 quod,
626 2245 707 2271 non
727 2231 838 2271 aliter
857 2245 977 2282 quam
998 2231 1165 2282 Angliae
1186 2231 1474 2273 Universitates
1493 2233 1802 2284 antiquissimae,
1820 2247 1902 2274 non
1922 2233 2232 2275 Universitatem
2251 2241 2406 2273 tantum
2420 2234 2492 2274 sed

482 2292 602 2332 etiam
622 2292 800 2345 Collegia
819 2293 966 2332 habere
985 2293 1218 2344 gloriamini.
1277 2295 1394 2345 Ergo,
1416 2301 1460 2334 ut
1479 2294 1520 2334 in
1541 2294 1719 2346 Collegia
1738 2303 1866 2335 vestra
1885 2295 2050 2347 singula,
2068 2309 2150 2335 non
2169 2295 2300 2335 minus
2315 2308 2435 2346 quam
2450 2294 2491 2334 in

483 2353 792 2394 Universitatem
815 2361 984 2394 vestram
1011 2361 1147 2403 totam,
1176 2354 1496 2407 benevolentiam
1526 2363 1702 2395 nostram
1728 2356 1979 2408 aliquatenus
2004 2355 2238 2405 indicemus,
2263 2357 2431 2396 Sanctae
2453 2363 2493 2396 et

485 2414 721 2455 Individuae
744 2415 948 2455 Trinitatis
971 2429 993 2455 e
1020 2416 1201 2467 Collegio
1224 2417 1397 2456 maximo
1422 2417 1546 2457 virum
1571 2418 1953 2467 reverendissimum,
1977 2420 2144 2458 ROGERI
2166 2420 2352 2458 BAcoms
2370 2431 2494 2470 gram-

483 2477 651 2518 maticae
680 2479 857 2519 Graecae
885 2478 1079 2519 editorem
1109 2478 1293 2529 primum,
1315 2480 1488 2530 legatum
1517 2481 1569 2519 ad
1597 2494 1668 2520 vos
1694 2480 1885 2532 imprimis
1909 2480 2101 2521 idoneum
2123 2480 2327 2528 mittimus,
2351 2480 2432 2531 qui,
2452 2485 2493 2519 et

483 2540 741 2580 humanitatis
774 2548 814 2580 et
846 2540 1046 2592 religionis
1076 2540 1242 2580 vinculis
1273 2541 1555 2581 communibus
1589 2541 1796 2582 vobiscum
1829 2542 2016 2582 omnibus
2047 2542 2211 2582 feliciter
2242 2541 2490 2592 coniunctus,

483 2601 597 2642 vobis
625 2601 710 2641 sine
739 2601 866 2641 dubio
891 2601 963 2641 erit
992 2602 1138 2652 hospes
1167 2602 1512 2653 acceptissimus10.
1570 2604 1722 2643 Valete.

590 2674 745 2712 Datum
771 2674 1048 2723 Cantabrzgzkze

700 2728 839 2766 mensis
855 2727 1012 2778 Aprilis
1029 2727 1090 2766 die
1109 2726 1215 2766 xxix⁰

806 2781 856 2819 A.
882 2781 925 2819 S.
946 2788 1118 2820 MCM1x0.

570 2868 581 2889 ¹
606 2870 645 2903 B.
666 2870 705 2902 E.
728 2870 937 2909 Hammond,
955 2869 1068 2906 M.A.,
1085 2869 1150 2901 and
1167 2869 1206 2900 F.
1224 2870 1267 2901 A.
1287 2870 1517 2912 Kirkpafflck,
1537 2870 1648 2907 M.A.‚
1666 2869 1808 2912 Trinity,
1824 2870 1891 2902 and
1911 2870 1943 2912 J.
1971 2870 2011 2902 E.
2029 2870 2156 2909 Purvis,
2175 2870 2284 2910 Μ.Α.,
2304 2870 2343 2904 St
2362 2869 2493 2913 John’s.

483 2913 556 2945 The
570 2912 700 2945 festival
716 2924 784 2945 was
799 2913 971 2945 described
987 2913 1032 2954 by
1049 2913 1104 2944 Mr
1122 2913 1318 2944 Hammond
1334 2914 1369 2945 in
1382 2914 1438 2946 the
1458 2913 1651 2955 Cambridge
1664 2914 1807 2951 Review,
1830 2924 1869 2956 19
1886 2913 1975 2945 Nov.
1999 2915 2094 2956 1908.
2384 2911 2399 2933 ²
2420 2913 2494 2946 The

483 2956 684 2999 description
707 2956 806 2998 given
828 2957 873 2998 by
895 2956 952 2988 the
980 2956 1131 2993 founder,
1156 2956 1212 2988 the
1239 2957 1341 2989 Duke
1367 2956 1406 2988 of
1428 2957 1587 2996 Brabant,
1616 2957 1740 2999 quoted
1767 2956 1801 2988 in
1833 2957 1943 2989 Baron
1969 2957 2012 2989 de
2040 2955 2280 2998 Reiffenberg’s
2309 2955 2490 2996 Me‘moires,

488 3001 581 3042 1829,
599 3010 631 3042 p.
655 3010 726 3042 192.
937 2998 950 3019 ³
972 3000 1173 3038 Lovanium,
1193 2999 1268 3031 Lib.
1285 3000 1332 3039 iii,
1351 3010 1422 3042 cap.
1445 3011 1469 3032 1.
1685 2999 1699 3019 ⁴
1720 3001 1863 3041 History
1877 3000 1919 3041 of
1929 3000 2089 3032 Classical
2102 3000 2324 3042 Scholarshajo,
2343 3000 2379 3032 iii
2394 3009 2457 3042 303
2468 2999 2491 3032 f.

484 3041 498 3061 ⁶
520 3043 563 3074 ib.
583 3053 645 3085 299
655 3042 678 3074 f.
830 3041 844 3062 ⁶
867 3043 909 3074 ib.
928 3052 1000 3084 305.
1161 3041 1175 3063 ⁷
1199 3043 1241 3074 ib.
1259 3043 1322 3083 306
1334 3043 1355 3075 f.
1516 3041 1530 3062 ⁸
1553 3043 1607 3075 W.
1626 3044 1721 3084 Bang
1736 3044 1802 3075 and
1819 3044 1869 3074 M.
1887 3043 1940 3075 De
1956 3043 2058 3075 Wulf.
2207 3042 2222 3063 ⁹
2241 3043 2275 3106 {6
2294 3043 2334 3075 E.
2351 3042 2493 3085 Sandys,

484 3086 629 3118 Ancient
646 3086 836 3127 University
854 3086 1060 3125 Ceremonies,
1077 3086 1111 3118 in
1126 3086 1318 3118 Fasciculus
1321 3087 1364 3129 J.
1390 3087 1439 3119 W.
1461 3086 1563 3118 Clark
1577 3087 1714 3124 dicatus,
1735 3096 1828 3129 1909,
1844 3097 1902 3129 pp.
1917 3094 2100 3129 ἰη-239.
2298 3086 2494 3128 Monsignor

485 3128 644 3161 Edmond
660 3129 786 3167 Nolan,
804 3129 916 3169 M.A.,
933 3129 1077 3171 Trinity.

1455 3200 1533 3239 272
