2704 3770
877 352 1024 400 Lord
1052 352 1230 400 Acten.
1302 351 1451 398 Karl
1477 349 1698 413 Ludwig
1730 366 1821 397 von
1854 350 1980 398 Bar.

539 495 652 549 (246)
681 497 814 547 Quem
839 495 986 535 abhinc
1015 508 1142 535 annos
1168 502 1321 546 septem
1348 493 1389 533 in
1415 495 1494 533 hoc
1516 493 1603 544 ipso
1629 495 1719 533 loco
1739 501 1900 544 propter
1918 494 2181 536 eruditionem
2203 496 2439 548 singularem

435 559 622 600 Doctoris
637 559 752 598 titulo
767 558 935 598 libenter
950 557 1254 606 decoravimus1,
1269 557 1455 604 eundem,
1475 555 1678 595 Historiae
1695 557 1962 595 Professorem
1977 556 2146 608 Regium
2162 571 2287 610 nuper
2299 557 2440 599 merito

433 623 694 669 nominatum,
717 624 953 662 Senatorum
973 629 1198 661 nostrorum
1217 620 1258 659 in
1279 619 1461 660 ordinem
1481 618 1643 658 honoris
1663 632 1782 658 causa
1804 626 2050 670 cooptamus.
2110 620 2284 661 Partium
2307 627 2440 661 autem

432 685 654 726 liberalium
684 685 839 725 ductori
878 684 946 736 qui
979 697 1086 723 nunc
1117 690 1188 730 est,
1222 682 1285 722 cui
1324 683 1468 722 eodem
1499 680 1564 721 die
1595 680 1754 720 titulum
1788 681 1961 720 eundem
1996 695 2077 720 non
2111 681 2242 721 minus
2274 681 2443 722 libenter

433 748 681 796 obtulimus²‚
704 749 803 787 duas
826 749 966 787 saltem
990 753 1149 798 propter
1171 758 1310 784 causas
1330 744 1464 783 animo
1490 750 1600 794 grato
1620 742 1851 794 respicimus
1864 758 1874 792 3
1903 743 2086 794 primum,
2109 746 2219 796 quod
2240 744 2443 785 Historiae

434 812 701 850 Professorem
722 809 928 860 insignem,
951 822 1070 860 quem
1097 809 1225 858 nuper
1249 806 1464 855 amisimus,
1487 805 1527 844 in
1552 805 1733 845 ordinem
1757 806 1936 857 equitum
1957 807 2008 846 de
2028 807 2194 858 imperio
2213 806 2443 847 Britannico

435 872 537 912 bene
552 871 782 911 meritorum
797 871 1016 910 honorifice
1031 870 1339 910 adscribendum
1356 868 1525 908 curavit³
1538 882 1549 916 ;
1575 868 1734 916 deinde,
1751 870 1862 920 quod
1876 869 1945 908 viri
1961 869 2281 910 desideratissimi
2296 869 2338 909 in
2352 870 2442 909 loco

432 947 659 974 successore
674 934 742 973 tali
756 933 872 973 nobis
888 935 1050 981 donato,
1068 939 1263 984 quatenus
1278 939 1432 983 poterat
1447 931 1690 971 Academiae
1705 932 1875 983 explevit
1888 933 2140 973 desiderium.
2190 934 2443 973 Gratulamur

432 996 686 1044 Academiae,
709 998 819 1047 quod
846 1010 893 1036 ex
921 997 1000 1035 hoc
1024 1009 1142 1044 anno,
1169 995 1239 1035 viri
1268 994 1355 1034 talis
1383 995 1568 1043 adventu,
1591 1001 1630 1034 et
1655 994 1859 1047 discipulis
1885 1003 1925 1036 et
1952 996 2273 1048 praeceptoribus
2298 994 2442 1036 nostris

434 1058 638 1098 doctrinae
663 1057 791 1098 variae
817 1059 924 1097 velut
950 1058 1039 1097 sons
1065 1070 1191 1097 novus
1214 1055 1437 1096 sitientibus
1460 1055 1612 1106 patebit
1625 1070 1636 1104 3
1664 1057 1811 1095 etenim
1833 1056 2028 1097 historicis
2048 1070 2209 1109 quoque
2234 1057 2274 1096 in
2301 1056 2442 1097 studiis

436 1119 564 1158 ‘iuvat
582 1119 755 1171 integros
774 1121 964 1159 accedere
984 1120 1126 1167 fontes,
1142 1126 1262 1169 atque
1281 1117 1435 1157 haurire
1447 1118 1485 1156 '⁴.
1545 1119 1798 1157 Gratulamur
1813 1118 1992 1170 Collegio
2013 1119 2195 1167 maximo,
2213 1118 2325 1158 cuius
2339 1118 2442 1158 inter

432 1183 564 1221 aulam
587 1189 823 1232 portamque
849 1183 938 1221 fons
962 1184 994 1220 F
996 1181 1314 1221 ranciscanorum
1343 1179 1550 1231 antiquus'⁵
1577 1181 1710 1220 adhuc
1738 1180 1779 1219 in
1807 1194 1921 1220 auras
1947 1181 2083 1231 exsilit,
2107 1183 2217 1233 quod
2237 1180 2441 1221 Historiae

433 1244 700 1283 Professorem
741 1243 911 1294 Regium
949 1242 1111 1282 honoris
1149 1255 1269 1282 causa
1306 1241 1459 1281 socium
1496 1255 1623 1292 nuper
1662 1242 1788 1293 elegit.
1849 1243 2101 1283 Gratulamur
2146 1243 2320 1294 denique
2365 1242 2441 1294 ipsi

433 1304 660 1352 Professori,
692 1304 891 1355 Euripidis
921 1304 1040 1344 verba
1067 1303 1231 1355 antiqua
1259 1302 1428 1342 mutuati
1443 1301 1643 1353 ε-ὄλβιος
1670 1302 1777 1343 ὅστις
1803 1305 1869 1353 τῆς
1895 1304 2061 1354 ἱστορίας
2087 1303 2164 1356 εἶχε
2188 1303 2382 1354 'adona-est.

474 1384 482 1390 ·
541 1367 659 1405 Duco
678 1367 730 1406 ad
749 1380 820 1406 vos
842 1365 1044 1405 Historiae
1063 1367 1330 1404 Professorem
1350 1364 1671 1414 eruditissimum,
1695 1367 1908 1404 BARONEM
1928 1368 2090 1406 Acron.

1245 1579 1272 1624 8
1310 1578 1445 1641 Aug.
1495 1579 1615 1639 1895

760 1696 993 1761 Congress
1027 1696 1092 1760 of
1114 1695 1194 1744 the
1229 1696 1467 1744 Instz'tute
1501 1695 1565 1759 ῳ(
1585 1694 1960 1743 Internatz'onal
1985 1694 2117 1743 Lazo

539 1814 652 1867 (247)
682 1815 996 1854 GERMANORUM
1029 1826 1051 1852 e
1083 1812 1218 1864 patria,
1256 1813 1395 1853 Martis
1428 1820 1468 1853 et
1498 1813 1703 1853 Minervae
1729 1814 1824 1853 sede
1850 1813 2139 1862 florentissima,
2170 1814 2303 1855 omine
2331 1817 2436 1856 laeto

429 1878 592 1917 allatum
630 1878 777 1916 salvere
814 1875 936 1915 hodie
972 1874 1156 1915 iubemus
1193 1875 1320 1915 virum
1359 1875 1679 1922 eruditissimum,
1714 1876 1782 1927 qui
1815 1875 1915 1927 regis
1948 1876 2072 1915 nostri
2105 1876 2276 1917 Wilelmi
2309 1877 2438 1928 quarti

429 1947 607 1990 tempore
641 1946 816 1978 extremo
855 1937 1109 1977 Hanoveriae
1147 1944 1275 1986 natuS,
1309 1945 1348 1977 et
1385 1937 1509 1977 tribus
1548 1938 1737 1989 deinceps
1769 1939 1810 1977 in
1850 1938 2205 1979 Universitatibus⁷
2240 1941 2439 1990 professor

429 2001 668 2048 nominatus,
687 2014 770 2040 non
789 2001 913 2039 modo
932 2000 1080 2050 patriae
1101 2013 1195 2039 suae
1215 2000 1459 2040 consiliarius
1480 2002 1551 2041 sed
1570 2001 1689 2041 etiam
1710 2001 1864 2053 imperii
1883 2001 2003 2041 totius
2023 2009 2181 2042 senator
2199 2002 2438 2044 constitutus

429 2071 499 2103 est.
559 2063 669 2112 Quid
695 2062 827 2102 dicam
853 2063 905 2101 de
929 2062 1132 2101 laboribus
1159 2062 1242 2102 eius
1265 2062 1428 2102 infinitis
1454 2063 1644 2114 plurimos
1673 2077 1743 2115 per
1768 2078 1894 2105 annos
1917 2065 2010 2104 iuris
2028 2064 2206 2116 gentium
2231 2065 2371 2117 privati
2395 2066 2438 2106 in

429 2125 632 2177 provincia
651 2125 892 2175 exploranda
910 2124 1061 2164 fortiter
1080 2124 1283 2164 toleratis?
1340 2125 1450 2174 Quid
1469 2127 1520 2165 de
1541 2140 1660 2177 opere
1687 2127 1770 2167 eius
1793 2127 1966 2168 maximo
1989 2128 2136 2168 abhinc
2154 2141 2282 2169 annos
2300 2136 2378 2170 tres
2398 2137 2438 2170 et

429 2188 586 2240 triginta
614 2188 656 2227 in
684 2189 814 2227 lucem
839 2186 958 2235 edito,
981 2194 1020 2226 et
1049 2188 1194 2236 denuo,
1217 2189 1327 2238 quod
1355 2189 1407 2227 ad
1433 2188 1640 2228 dimidiam
1669 2189 1754 2229 eius
1776 2197 1928 2241 partem
1956 2190 2107 2238 attinet,
2128 2190 2258 2242 operis
2282 2190 2437 2242 pristini

428 2251 550 2291 totius
575 2252 626 2290 ad
651 2248 955 2300 amplitudinem
985 2251 1185 2289 exaucto?
1240 2250 1381 2301 Operis
1410 2258 1491 2290 tam
1521 2251 1690 2303 ingentis
1718 2254 1758 2292 in
1787 2253 1875 2304 ipso
1903 2253 2039 2294 limine
2068 2253 2233 2294 oratoris
2261 2255 2437 2294 Romani

429 2315 549 2354 verba
567 2313 755 2364 inscripta
773 2312 942 2352 libenter
956 2313 1210 2352 recordamur
1225 2316 1302 2352 :—‘
1315 2315 1382 2364 qui
1403 2313 1549 2353 civium
1568 2314 1761 2356 rationem
1781 2315 1920 2355 dicunt
1935 2316 2172 2365 habendam,
2187 2323 2437 2357 externorum

429 2383 586 2427 negant,
615 2375 652 2415 ei
679 2374 870 2414 dirimunt
895 2387 1151 2413 communem
1181 2375 1333 2426 generis
1363 2375 1527 2414 humani
1555 2375 1837 2416 societatem'8.
1897 2377 2029 2416 Etiam
2057 2377 2288 2429 professoris
2314 2377 2436 2429 ipsius

429 2438 548 2477 verba
577 2437 698 2477 hodie
727 2436 895 2475 mutuati
925 2449 1006 2474 non
1036 2436 1167 2476 minus
1198 2437 1366 2476 libenter
1394 2439 1641 2486 confitemur,
1672 2438 1765 2478 iuris
1793 2438 1970 2490 gentium
1999 2438 2139 2491 privati
2168 2441 2343 2480 studium
2372 2441 2438 2480 fila

430 2498 663 2538 tenuissima
682 2500 746 2537 illa
766 2497 929 2549 quidem
951 2498 1022 2536 sed
1041 2499 1093 2537 ad
1114 2511 1243 2537 rerum
1264 2512 1449 2550 magnam
1469 2501 1615 2539 molem
1637 2500 1910 2540 sustinendam
1925 2508 2018 2552 apta
2032 2508 2251 2550 contexere,
2268 2515 2438 2553 quorum

428 2562 573 2601 auxilio
598 2569 637 2601 et
664 2561 803 2601 mercis
829 2568 868 2600 et
895 2561 1039 2600 mentis
1059 2563 1274 2601 commoda
1292 2561 1395 2601 inter
1413 2564 1583 2613 populos
1603 2570 1888 2613 permutantur,
1909 2570 2046 2614 gentes
2066 2563 2168 2603 inter
2186 2577 2235 2611 se
2260 2564 2438 2604 diversae

428 2625 644 2665 reverentia
681 2632 819 2664 mutua
851 2624 1022 2663 invicem
1055 2624 1345 2673 consociantur,
1376 2624 1485 2675 pacis
1519 2624 1693 2676 denique
1723 2625 1933 2676 imperium
1965 2639 2036 2676 per
2072 2626 2207 2665 orbem
2247 2632 2436 2666 terrarum

428 2687 577 2738 ubique
597 2688 861 2727 confirmatur.
921 2687 1170 2726 Confitemur
1189 2687 1308 2726 etiam
1328 2687 1466 2738 populi
1485 2687 1595 2727 fortis
1615 2695 1654 2728 et
1676 2688 1853 2740 prosperi
1877 2702 1973 2737 esse,
1997 2690 2104 2728 nulla
2122 2688 2269 2728 amoris
2287 2689 2436 2741 proprii

429 2749 694 2789 sollicitudine
707 2748 884 2796 excitata,
903 2750 974 2788 sed
993 2749 1142 2800 patriae
1161 2763 1296 2790 amore
1315 2750 1506 2790 incolumi
1526 2759 1769 2800 conservato,
1787 2753 1960 2792 advenas
1980 2766 2062 2792 non
2077 2752 2154 2791 iam
2174 2751 2349 2792 hostium
2364 2754 2436 2793 sed

428 2811 629 2862 hospitum
650 2811 692 2850 in
711 2812 802 2850 loco
821 2810 980 2856 habere,
994 2818 1034 2849 et
1054 2810 1159 2850 orbis
1175 2818 1364 2851 terrarum
1380 2819 1516 2862 gentes
1532 2812 1698 2852 vinculis
1713 2813 1922 2852 artioribus
1942 2814 2042 2853 inter
2061 2826 2147 2853 sese
2165 2812 2436 2865 coniungere⁹.

429 2875 490 2912 Eo
519 2872 707 2913 libentius
735 2872 851 2923 igitur
879 2872 1077 2923 hospitem
1106 2881 1284 2913 nostrum
1314 2874 1477 2913 honoris
1506 2888 1625 2914 causa
1653 2877 1880 2924 salutamus,
1908 2876 2009 2915 Iuris
2039 2875 2229 2916 Gentium
2260 2876 2437 2916 Instituti

429 2935 634 2985 quondam
654 2934 888 2985 praesidem,
903 2935 1166 2985 professorem
1182 2934 1371 2974 illustrem
1393 2936 1731 2987 Goettingensem,
1749 2937 1961 2977 CAROLUM
1983 2939 2240 2976 LUDOVICUM
2256 2949 2312 2976 DE
2331 2939 2432 2976 ΒΑΚ,

514 3029 525 3048 ¹
549 3029 614 3078 No.
639 3040 697 3078 133
714 3034 826 3070 supra.
977 3028 993 3078 '²
1015 3029 1107 3078 Lord
1125 3030 1310 3072 Rosebery;
1335 3041 1390 3062 no.
1411 3041 1471 3072 130
1485 3036 1599 3072 supra.
1751 3029 1765 3050 3
1789 3031 1842 3063 Sir
1854 3031 1945 3073 John
1962 3031 2092 3073 Seeley,
2112 3032 2316 3071 K.C.M.G.‚
2339 3033 2433 3074 1894.

427 3070 441 3091 ⁴
464 3072 648 3111 Lucretms,
668 3083 678 3103 1
695 3083 734 3114 92
742 3082 770 3113 7.
895 3070 908 3091 ⁵
930 3073 1040 3104 W1ll1s
1057 3072 1123 3104 and
1139 3072 1252 3110 Clark,
1270 3075 1301 3104 A
1306 3074 1518 3105 rcbitectural
1530 3074 1672 3115 History
1686 3074 1786 3116 oftlze
1807 3075 2008 3115 Universz'ty,
2026 3075 2048 3107 ii
2065 3083 2127 3116 427
2140 3075 2162 3107 f.
2295 3073 2310 3095 ⁶
2331 3075 2432 3116 Frag.

429 3125 502 3156 920,
521 3115 654 3147 Nauck.
765 3114 779 3135 ⁷
803 3115 965 3152 Rostock,
983 3116 1130 3152 Breslau,
1149 3116 1343 3158 Gottingen.
1456 3115 1470 3136 ⁸
1493 3117 1623 3156 Cicero,
1643 3118 1695 3149 De
1712 3118 1844 3160 Officiis,
1865 3118 1900 3149 iii
1918 3119 1968 3150 28.
2082 3117 2096 3138 ⁹
2117 3119 2194 3151 Von
2210 3118 2286 3156 Bar,
2310 3118 2432 3160 Tkeory

377 3189 379 3191 ,
428 3159 500 3190 and
512 3159 660 3190 Praetice
674 3158 715 3199 of
730 3159 866 3190 Privata
881 3159 1135 3190 Internatz‘onal
1147 3160 1241 3199 Law,
1261 3160 1314 3191 ed.
1333 3170 1349 3191 2
1369 3160 1439 3202 (pp.
1460 3159 1568 3201 1162),
1586 3171 1619 3202 p.
1638 3160 1670 3192 xi
1686 3161 1739 3192 ed.
1756 3160 1930 3203 Gillespie,
1951 3162 2044 3203 1892.

1398 3245 1470 3270 122
