2704 3770
638 313 864 363 Wz‘lliam
900 314 1205 364 Somervz'lle.
1283 316 1492 366 Clzarles
1526 319 1674 367 Hose.
1750 320 1995 369 Edmund
2021 322 2232 371 Barton.

1253 489 1283 534 9
1319 474 1450 523 Nov.
1497 477 1622 536 1899

538 572 653 626 (322)
673 575 783 613 Acm
803 585 1028 614 CULTURAE
1047 576 1308 626 professorem
1328 583 1508 616 nostrum
1529 577 1713 627 primum,
1730 578 1915 630 auspiciis
1935 579 2095 631 optimis
2115 594 2240 633 nuper
2254 582 2437 630 electum,

433 636 709 677 Universitatis
729 637 849 677 totius
869 639 1032 678 nomine
1051 638 1220 678 libenter
1242 640 1469 679 salutamus.
1528 641 1753 680 Salutamus
1776 641 1914 688 virum,
1936 641 2106 693 primum
2130 656 2201 694 per
2223 657 2291 683 sex
2312 657 2440 684 annos

430 697 486 738 rei
511 698 679 739 rusticae
702 698 941 750 experientia
965 700 1188 751 probatum,
1219 699 1366 740 deinde
1392 714 1463 752 per
1487 701 1806 753 quinquennium
1829 702 2018 744 scientiae
2041 704 2180 744 studiis
2204 712 2244 745 et
2266 705 2377 745 domi
2400 712 2440 746 et

430 775 590 814 peregre
609 764 820 812 excultum,
843 762 968 802 virum
988 777 1070 803 non
1090 765 1213 803 modo
1233 764 1410 815 praemio
1430 766 1518 816 plus
1537 778 1656 816 quam
1678 778 1760 805 uno
1776 766 1994 807 honorifice
2007 768 2213 814 donatum,
2228 768 2299 807 sed
2319 767 2438 807 etiam

430 824 605 864 doctoris
628 824 743 864 titulo
765 825 867 865 inter
897 827 1162 866 Monacenses
1188 840 1344 866 summa
1366 840 1458 866 cum
1482 828 1600 867 laude
1626 835 1820 875 ornatum,
1842 828 1968 867 virum
1992 829 2166 880 denique
2191 837 2231 869 et
2253 829 2441 870 Societati

432 886 581 938 Regiae
611 887 803 927 Edinensi
830 895 870 928 et
898 888 1085 928 Societati
1109 889 1364 929 Linnaeanae
1397 889 1660 930 Londiniensi
1685 890 1725 929 in
1753 898 1989 942 perpetuum
2017 891 2272 943 adscriptum.
2331 892 2439 933 Olim

429 949 531 989 inter
557 949 779 990 Edinenses
805 951 954 1002 primus
977 952 1032 992 rei
1057 952 1242 992 silvestris
1267 960 1509 1004 praeceptor,
1531 952 1678 993 deinde
1703 953 1743 992 in
1773 953 2040 994 Universitate
2070 955 2334 995 Dunelmensi
2358 955 2440 1008 agri

429 1014 605 1053 culturae
624 1015 822 1064 professor
841 1014 989 1066 primus
1009 1015 1258 1064 constitutus,
1280 1029 1407 1067 nuper
1421 1017 1564 1055 eodem
1585 1028 1678 1054 cum
1698 1015 1813 1055 titulo
1828 1030 1850 1055 e
1867 1016 2022 1056 Boreali
2039 1016 2264 1057 Britanniae
2279 1017 2439 1069 regione

429 1077 481 1115 ad
507 1089 581 1116 nos
604 1077 767 1118 feliciter
792 1079 981 1118 devectus
1003 1086 1074 1118 est.
1132 1078 1217 1118 Viri
1243 1078 1330 1118 talis
1353 1078 1498 1117 auxilio
1524 1078 1579 1118 rei
1606 1077 1773 1118 rusticae
1799 1077 1973 1127 scientia,
2003 1078 2098 1118 olim
2121 1079 2173 1118 ab
2195 1078 2283 1131 ipso
2306 1080 2440 1121 Tullio

429 1138 643 1179 senectutis
668 1139 769 1179 inter
793 1142 1015 1191 voluptates
1038 1147 1244 1180 numerata
1253 1139 1274 1188 ¹,
1297 1153 1404 1179 nunc
1431 1141 1595 1180 demum
1622 1140 1741 1180 etiam
1765 1140 1979 1180 iuventutis
2003 1148 2160 1180 nostrae
2184 1140 2287 1182 inter
2309 1143 2440 1183 studia

428 1202 561 1241 locum
582 1203 651 1242 diu
672 1203 746 1243 sibi
765 1204 946 1244 debitum
966 1204 1051 1243 sine
1070 1203 1194 1243 dubio
1214 1202 1444 1243 vindicabit.

538 1265 656 1304 Duco
675 1266 727 1305 ad
747 1278 818 1305 vos
838 1267 1109 1304 W1LLELMUM
1131 1266 1414 1305 SOMEvaLLE.

1221 1384 1282 1428 26
1318 1380 1488 1444 April
1526 1396 1651 1440 1900

536 1487 650 1540 (323)
686 1490 880 1528 INSULAM
914 1489 1170 1528 Bomeonem
1203 1486 1310 1527 orbis
1343 1493 1532 1526 terrarum
1567 1485 1667 1526 inter
1703 1485 1852 1525 insulas
1884 1498 2025 1526 omnes
2063 1499 2188 1537 prope
2225 1486 2438 1528 maximam

427 1563 514 1590 esse
533 1557 700 1590 constat.
759 1551 920 1589 Insulae
939 1557 1073 1588 autem
1093 1548 1207 1596 illius,
1223 1547 1361 1587 insulis
1381 1547 1525 1588 nostris
1546 1548 1625 1587 fere
1637 1548 1762 1598 duplo
1778 1546 1947 1596 maioris,
1961 1546 2003 1586 in
2014 1555 2125 1598 parte
2141 1548 2439 1600 septentrionali

427 1620 535 1665 patet
558 1613 677 1665 regio,
700 1627 802 1665 quae
828 1627 953 1653 unum
974 1626 997 1652 e
1021 1611 1220 1651 Britannis
1244 1624 1375 1662 regem
1399 1610 1536 1649 suum²
1559 1623 1646 1649 esse
1670 1609 1867 1661 gloriatur.
1927 1610 1976 1648 In
2000 1610 2141 1649 eadem
2160 1624 2254 1650 vero
2278 1610 2438 1663 regione

424 1676 629 1727 provincia
656 1679 865 1728 quaedam,
886 1676 1095 1716 fluviorum
1121 1674 1341 1726 ingentium
1365 1674 1465 1713 infra
1490 1673 1766 1720 confluentes⁸‚
1788 1671 1936 1712 abhinc
1961 1686 2088 1712 annos
2112 1674 2253 1713 decem
2275 1675 2438 1715 alumno

428 1747 563 1779 nostro
582 1739 725 1779 tradita
744 1747 813 1788 est,
836 1739 903 1790 qui
924 1739 1181 1778 barbarorum
1201 1737 1356 1776 animos
1376 1736 1588 1775 bellicosos
1607 1736 1716 1787 pacis
1735 1737 1787 1775 ad
1807 1737 1968 1776 foedera
1990 1735 2154 1784 vocavit,
2176 1743 2216 1776 et
2237 1749 2438 1777 armorum

427 1801 643 1840 certamina
663 1814 778 1841 saeva
797 1799 1022 1840 certaminis
1042 1799 1190 1839 nautici
1209 1799 1250 1838 in
1270 1799 1410 1838 ludum
1431 1797 1625 1836 mutavit⁴.
1685 1798 1801 1837 Idem
1827 1810 1908 1836 non
1937 1798 2060 1837 modo
2088 1797 2129 1836 in
2155 1798 2314 1838 foedere
2336 1797 2439 1839 inter

427 1865 615 1904 barbaros
645 1864 862 1904 sanciendo
895 1864 1142 1904 victimarum
1175 1875 1378 1902 caesarum
1409 1862 1605 1912 haruspex
1637 1860 1940 1908 sollertissimus,
1972 1861 2043 1900 sed
2076 1860 2196 1900 etiam
2229 1860 2362 1901 avium
2395 1862 2437 1902 in

428 1926 533 1966 silvis
566 1926 784 1966 volantium
817 1939 940 1977 augur
969 1933 1009 1965 et
1038 1938 1187 1976 auspex
1214 1922 1456 1963 admirabilis
1489 1921 1646 1962 exstitit.
1706 1923 1811 1973 Ergo
1845 1921 1995 1961 alumni
2025 1921 2149 1961 nostri
2180 1922 2366 1974 auspiciis
2399 1931 2439 1964 et

430 1988 639 2028 Helvetiae
664 1996 704 2028 et
730 1987 916 2027 Bataviae
943 1995 982 2027 et
1009 1985 1246 2027 Germaniae
1272 1993 1311 2025 et
1335 1984 1486 2024 Galliae
1510 1992 1549 2023 et
1573 1983 1799 2023 Britanniae
1819 1996 1955 2022 musea
1983 1983 2114 2022 avium
2141 1991 2180 2023 et
2205 1984 2436 2025 animalium

427 2050 617 2102 exemplis
642 2049 794 2090 eximiis
822 2056 939 2088 aucta
968 2056 1008 2088 et
1038 2049 1219 2100 suppleta
1249 2053 1351 2094 sunt,
1383 2053 1422 2085 et
1450 2045 1602 2085 insulae
1632 2044 1754 2096 ipsius
1788 2044 1977 2095 zoologia,
2006 2045 2319 2096 anthropologia‚
2348 2059 2438 2098 geo-

427 2112 600 2163 graphia,
631 2124 736 2151 novo
764 2110 915 2150 lumine
943 2110 1143 2149 illustrata.
1201 2107 1316 2147 Talia
1341 2114 1501 2158 propter
1529 2106 1668 2146 merita
1695 2107 1879 2145 alumnus
1909 2113 2051 2154 noster,
2082 2119 2164 2145 non
2187 2107 2311 2146 modo
2336 2106 2439 2148 inter

428 2182 585 2214 nosmet
613 2174 720 2225 ipsos
745 2187 769 2212 a
802 2171 929 2223 Regia
957 2170 1232 2223 Geographiae
1260 2170 1458 2210 Societate
1490 2168 1667 2220 praemio
1701 2168 1885 2220 singulari
1911 2169 2083 2208 donatus
2113 2176 2182 2217 est,
2213 2170 2284 2209 sed
2317 2169 2436 2210 etiam

429 2238 530 2275 inter
556 2238 740 2287 Europae
766 2242 914 2286 gentes,
946 2241 1032 2273 tum
1060 2233 1146 2272 aliis
1176 2232 1395 2272 honoribus
1423 2238 1584 2271 ornatus
1613 2237 1682 2278 est,
1714 2237 1799 2269 turn
1828 2229 2057 2280 praesertim
2085 2229 2187 2269 inter
2215 2231 2436 2272 Germanos

431 2298 618 2337 ‘falconis
641 2296 721 2336 albi
744 2298 887 2347 eques’
906 2296 990 2335 iure
1016 2294 1168 2346 optimo
1198 2293 1425 2333 nominatus
1452 2291 1541 2332 est⁶.
1601 2293 1748 2331 Nostra
1773 2290 1947 2342 denique
1966 2291 2179 2342 zoologiae‚
2199 2292 2434 2342 anatomiae,

428 2358 726 2410 archaeologiae
760 2371 896 2397 musea
926 2357 1005 2396 iam
1035 2358 1124 2408 plus
1153 2369 1273 2407 quam
1305 2354 1506 2395 decimum
1539 2367 1609 2405 per
1640 2365 1791 2392 annum
1821 2353 1972 2391 alumni
2006 2352 2129 2392 nostri
2161 2352 2435 2395 liberalitatem

428 2423 654 2473 loquuntur.
713 2421 819 2471 Ergo
848 2432 921 2459 nos
947 2431 1110 2470 quoque
1131 2417 1284 2456 insulae
1306 2424 1450 2464 tantae,
1473 2429 1554 2455 non
1581 2416 1705 2455 modo
1733 2413 1865 2453 avium
1887 2421 1927 2453 et
1949 2413 2181 2454 animalium
2206 2422 2435 2456 venatorem

426 2484 642 2531 assiduum,
664 2483 735 2522 sed
754 2481 873 2521 etiam
893 2479 1090 2519 montium
1109 2486 1148 2518 et
1168 2477 1377 2517 fluminum
1398 2478 1685 2528 exploratorem
1705 2474 1958 2526 intrepidum,
1982 2475 2035 2515 ob
2059 2475 2312 2516 scientiarum
2335 2478 2435 2518 fines

427 2545 546 2585 etiam
566 2545 720 2597 imperii
745 2541 962 2583 Britannici
986 2555 1110 2594 prope
1135 2540 1324 2581 terminos
1349 2540 1511 2580 feliciter
1536 2546 1784 2591 propagatos,
1806 2538 1939 2577 laurea
1964 2546 2098 2578 nostra
2126 2538 2247 2579 hodie
2269 2539 2432 2581 libenter

429 2620 680 2647 coronamuS.

536 2672 654 2709 Duco
669 2670 720 2709 ad
735 2682 806 2708 vos
822 2679 1049 2707 museorum
1062 2674 1287 2706 nostrorum
1307 2671 1520 2716 patronum
1534 2661 1862 2710 liberalissimum,
1880 2663 2172 2713 exploratorum
2188 2665 2434 2703 nostrorum⁶

428 2731 626 2784 hospitem
647 2729 984 2782 benignissimum,
1006 2728 1221 2769 CARoLUM
1243 2728 1375 2766 Hosss.

1241 2860 1298 2893 10
1332 2845 1461 2907 May
1507 2859 1632 2902 1900

535 2954 649 3006 (324)
670 2956 803 3004 QUAM
822 2953 991 2992 libenter
1006 2949 1283 2992 Universitatis
1298 2956 1455 2988 nostrae
1471 2947 1633 2988 nomine
1650 2945 1925 2987 Universitatis
1941 2945 2188 2996 Sydneianae
2201 2947 2432 2987 Senatorem

427 3018 621 3069 insignem
641 3019 866 3064 salutamus,
888 3015 1014 3054 virum
1035 3014 1153 3053 etiam
1174 3012 1399 3064 provinciae
1419 3012 1550 3059 totius,
1573 3024 1676 3061 quae
1696 3024 1743 3049 ex
1769 3009 1989 3048 Australiae
2011 3009 2178 3048 coloniis
2201 3009 2280 3048 filia
2299 3017 2433 3050 nostra

514 3107 526 3127 ¹
550 3109 603 3140 De
617 3110 786 3147 Senectute,
809 3118 860 3147 51,
879 3115 931 3148 57.
1107 3104 1121 3124 ²
1144 3105 1196 3137 Sir
1213 3103 1352 3136 Charles
1368 3102 1512 3141 Brooke‚
1532 3102 1640 3143 Rajah
1656 3101 1694 3132 of
1707 3101 1877 3133 Sarawak.
2029 3098 2043 3118 ³
2066 3099 2139 3131 The
2156 3100 2274 3131 Baram
2291 3100 2428 3133 district.

428 3152 442 3172 ⁴
464 3152 517 3183 W.
540 3151 757 3193 McDougall,
776 3153 804 3182 A
823 3151 950 3191 Savage
967 3148 1283 3189 Peuce-Conference,
1301 3147 1334 3177 in
1356 3147 1388 3177 T
1384 3146 1423 3177 lte
1438 3146 1554 3194 Eagle,
1574 3145 1628 3176 xxi
1647 3146 1786 3185 70—82.
1975 3142 1988 3162 ⁵
2012 3143 2062 3184 By
2077 3142 2133 3175 the
2150 3142 2266 3175 Grand
2282 3143 2383 3176 Duke
2397 3144 2436 3176 of

429 3194 691 3228 Saxe-Weimar.
821 3192 835 3212 ⁶
857 3192 1058 3233 Cambridge
1075 3190 1277 3233 Expedition
1294 3195 1328 3222 to
1345 3190 1377 3221 N
1380 3199 1430 3221 ew
1447 3189 1577 3221 Gumea
1592 3188 1658 3220 and
1675 3188 1818 3219 Borneo.

1397 3269 1469 3309 15²
