2704 3770
601 290 791 357 George
825 289 879 339 A
884 290 1028 356 {fred
1055 289 1259 354 quroy.
1333 288 1512 338 Marz‘e
1546 289 1600 338 A
1606 290 1750 354 lfred
1782 289 1965 340 Cornu.

269 436 421 490 primus
457 437 692 490 explicavit;
733 436 802 489 qui
834 438 964 477 larvae
997 436 1173 488 denique
1211 436 1454 476 Ascidianae
1491 450 1585 476 cum
1624 436 1848 476 vertebrato
1885 436 2118 476 animalium
2156 451 2300 489 genere

267 499 502 541 affinitatem
530 499 725 552 imprimis
753 499 975 541 indicavit¹.
1032 499 1170 551 Atqui,
1200 513 1253 540 ne
1281 501 1421 539 talium
1450 499 1616 551 quidem
1644 499 1818 539 virorum
1845 500 2068 552 praeceptis
2093 501 2296 549 attonitus,

268 563 400 603 larvae
418 562 523 603 illius
542 563 750 615 degeneris
770 563 1110 616 propinquitatem
1130 562 1405 604 reformidabit
1431 564 1566 612 homo,
1590 576 1674 603 non
1700 565 1891 604 terrestris
1910 570 2067 603 tantum
2087 564 2159 603 sed
2178 566 2299 604 etiam

268 626 450 668 caelestis
475 627 637 680 originis
660 627 858 676 conscius,
879 627 949 679 qui
975 626 1127 679 angelis
1149 627 1271 679 paulo
1297 626 1439 675 minor,
1464 626 1589 678 gloria
1611 633 1651 667 et
1674 627 1828 666 honore
1851 633 1911 666 est
1936 634 2161 675 coronatus,
2183 639 2301 678 super

268 703 364 731 oves
389 698 429 731 et
457 691 593 741 boves,
614 704 733 743 super
758 692 859 732 feras
888 704 1040 739 omnes,
1063 703 1182 742 super
1207 691 1388 730 volueres
1418 697 1457 730 et
1480 689 1620 741 pisces,
1643 703 1763 741 super
1788 688 1925 729 omnia
1949 702 2055 740 quae
2083 688 2201 729 maris
2230 703 2301 741 per

267 753 352 794 vias
371 761 582 806 pererrant,
603 768 628 794 a
649 756 740 795 Deo
759 754 1031 795 constitutus².

379 819 498 858 Duco
515 819 568 859 ad
588 832 659 859 vos
678 819 882 871 zoologiae
901 819 1167 871 professorem
1188 817 1545 869 Petropolitanum‚
1569 819 1881 857 ALEXANDRUM
1907 817 2234 856 KOWALEVSKv3.

1089 951 1148 998 25
1188 937 1320 1000 May
1358 938 1484 997 1899

377 1043 493 1098 (314)
522 1046 575 1085 ΙΝ
602 1044 800 1085 Hibernia
821 1052 961 1085 natum
987 1044 1132 1085 decani
1157 1044 1295 1093 filium,
1317 1044 1461 1085 iudicis
1487 1044 1620 1097 magni
1647 1052 1850 1096 nepotem,
1873 1057 1956 1084 non
1981 1044 2105 1084 modo
2129 1044 2299 1096 Collegii

267 1107 570 1149 Marlburiensis
607 1109 679 1149 sed
712 1108 833 1148 etiam
870 1108 973 1148 inter
1010 1115 1168 1148 nosmet
1206 1107 1314 1160 ipsos
1353 1107 1522 1160 Collegii
1560 1108 1766 1148 Trinitatis
1805 1107 2060 1160 discipulum,
2101 1107 2227 1147 virum
2276 1121 2299 1148 e

265 1171 501 1223 theologicis
531 1170 672 1212 studiis
702 1172 878 1211 lauream
908 1179 1086 1211 nostram
1117 1170 1212 1210 olim
1241 1171 1448 1222 adeptum,
1477 1184 1606 1222 nuper
1634 1171 1752 1212 nobis
1781 1185 1863 1211 non
1894 1170 1980 1210 sine
2008 1171 2163 1210 honore
2192 1183 2300 1210 novo

265 1233 467 1274 redditum
486 1233 658 1274 libenter
679 1234 908 1273 salutamus.
969 1234 1064 1273 Duo
1090 1240 1130 1272 et
1153 1233 1416 1285 quadraginta
1441 1233 1538 1272 anni
1564 1241 1657 1273 sunt
1683 1232 1823 1282 exacti,
1845 1246 1894 1278 ex
1920 1245 2002 1284 quo
2026 1231 2129 1272 inter
2159 1234 2296 1282 Indos,

267 1296 370 1336 ultra
407 1294 622 1347 Hyphasin
655 1294 831 1344 fluvium,
866 1294 1045 1335 Iomanis
1078 1295 1209 1334 amnis
1237 1294 1278 1334 in
1313 1294 1408 1346 ripa,
1438 1294 1479 1334 in
1518 1295 1617 1334 urbe
1654 1296 1766 1347 quod
1799 1294 1955 1347 imperii
1987 1294 2142 1345 antiqui
2179 1302 2299 1345 caput

265 1358 404 1409 fuerat,
425 1357 635 1399 seditionis
660 1359 846 1398 flammae
868 1357 911 1398 in
937 1358 1144 1398 communi
1170 1358 1341 1398 dicionis
1370 1366 1530 1399 nostrae
1561 1358 1751 1399 incendio
1781 1359 1902 1399 etiarn
1927 1358 2021 1399 fidei
2049 1357 2300 1398 Christianae

267 1421 406 1461 sedem
438 1429 640 1462 recentem
673 1420 808 1460 subito
845 1421 1204 1473 consumpserunt⁴
1216 1435 1228 1470 3
1270 1422 1353 1461 duo
1390 1434 1485 1461 vero
1519 1428 1558 1461 et
1596 1421 1745 1473 viginti,
1782 1435 1830 1461 ex
1868 1434 1950 1472 quo
1988 1420 2138 1460 ibidem
2178 1420 2299 1460 etiam

268 1483 516 1524 Universitas
544 1490 679 1523 nostra
708 1482 870 1522 militiae
894 1482 1145 1524 Christianae
1171 1496 1276 1523 nova
1303 1491 1431 1523 castra
1460 1483 1604 1535 posuit,
1636 1491 1676 1524 et
1704 1483 1916 1523 fluminum
1943 1482 2122 1534 quinque
2149 1482 2300 1534 regioni

265 1544 418 1598 primus
437 1547 555 1587 datus
570 1553 631 1587 est
645 1545 859 1597 episcopus
872 1560 883 1595 3
910 1545 1049 1597 viginti
1065 1545 1251 1597 denique,
1267 1559 1316 1586 ex
1330 1558 1412 1597 quo
1426 1547 1613 1586 alumnus
1628 1553 1773 1595 noster,
1788 1547 1840 1586 ad
1856 1552 1984 1585 castra
1998 1545 2064 1584 illa
2079 1544 2299 1597 longinqua

266 1609 423 1656 missus,
442 1624 641 1651 annorum
660 1609 879 1650 duodecim
899 1617 990 1661 post
1010 1609 1182 1660 spatium
1202 1608 1313 1661 operi
1333 1608 1407 1649 toti
1426 1616 1486 1649 est
1505 1608 1766 1660 praepositus.
1826 1610 1944 1660 Ergo,
1967 1609 2008 1647 in
2028 1607 2116 1659 ipso
2136 1609 2239 1658 loco,
2256 1608 2299 1649 in

267 1685 351 1725 quo
374 1681 434 1715 tot
453 1674 549 1716 fidei
568 1674 820 1716 Christianae
841 1673 996 1722 milites,
1019 1672 1232 1713 nobiscum
1253 1672 1414 1712 vinculo
1434 1686 1516 1712 non
1537 1685 1620 1712 uno
1639 1671 1856 1721 coniuncti,
1880 1670 2029 1712 Christi
2058 1671 2134 1711 sub
2156 1671 2299 1712 vexillo

264 1750 336 1790 per
354 1745 414 1778 tot
432 1751 561 1778 annos
581 1738 810 1786 militarunt,
832 1737 918 1789 ipse
937 1736 979 1776 in
999 1735 1175 1776 excubiis
1195 1735 1271 1775 illis
1291 1749 1453 1787 peregre
1472 1735 1690 1775 tolerandis
1709 1734 1779 1775 diu
1803 1741 2005 1787 spectatus
2030 1741 2069 1773 et
2092 1734 2295 1785 probatus,

264 1814 348 1842 non
381 1802 507 1842 modo
538 1800 882 1842 commilitonibus
912 1799 992 1839 suis
1019 1800 1101 1839 dux
1129 1806 1169 1838 et
1197 1798 1358 1850 signifer
1385 1798 1621 1848 indefessus,
1653 1800 1724 1839 sed
1757 1798 1878 1839 etiam
1913 1797 2183 1849 municipibus
2217 1798 2298 1838 suis

263 1863 374 1916 pacis
406 1871 447 1904 et
473 1863 715 1904 concordiae
745 1862 923 1902 minister
950 1861 1252 1913 acceptissimus
1281 1860 1439 1901 exstitit.
1500 1862 1615 1901 Idem
1649 1861 1813 1901 oratoris
1848 1860 1948 1901 sacri
1980 1874 2145 1900 munere
2176 1859 2296 1900 etiam

265 1927 462 1967 Indorum
494 1925 537 1966 in
566 1925 701 1977 lingua
734 1933 817 1964 tarn
851 1924 1006 1976 egregie
1035 1924 1195 1963 functus
1224 1930 1295 1972 est,
1326 1930 1370 1962 ut
1397 1922 1473 1974 ipsi
1499 1922 1712 1975 indigenae
1744 1923 1898 1963 alumni
1930 1922 2055 1963 nostri
2089 1922 2131 1961 in
2162 1921 2298 1973 lingua

263 1988 446 2040 populari
475 2001 701 2029 sermonem
736 1985 1032 2026 accuratissime
1065 1985 1369 2037 pronuntiatum
1403 1993 1443 2025 et
1475 1998 1587 2025 more
1619 1984 1799 2026 Asiatico
1831 1985 2045 2025 verborum
2078 1983 2297 2024 luminibus

262 2051 442 2104 plurimis
453 2058 639 2091 ornatum
654 2048 849 2097 admirati,
866 2047 1089 2088 identidem
1104 2049 1372 2088 exclamarent
1387 2063 1395 2087 ε
1424 2052 1433 2069 ‘
1448 2061 1552 2087 unus
1568 2055 1628 2087 est
1643 2061 1666 2087 e
1681 2047 1799 2087 nobis
1819 2047 1914 2099 ipsis
1928 2049 1948 2086 '.
1996 2050 2005 2068 ‘
2019 2048 2054 2086 E
2070 2046 2187 2086 nobis
2203 2046 2297 2098 ipsis

262 2116 388 2156 unus’
414 2114 448 2154 is
476 2116 656 2166 profecto
687 2126 911 2165 numquam
941 2125 1028 2152 esse
1059 2110 1222 2160 destitit,
1258 2124 1379 2162 quem
1414 2110 1626 2151 fluminum
1659 2110 1839 2163 quinque
1865 2109 2036 2162 regionis
2062 2109 2298 2162 episcopum

262 2177 536 2231 designatum⁶
555 2191 642 2219 esse
661 2179 920 2218 vehementer
938 2177 1142 2215 laetamur.
1203 2175 1418 2214 Laetamur
1436 2182 1565 2214 castra
1585 2174 1651 2214 illa
1671 2182 1807 2214 nostra
1827 2181 1980 2214 remota
1998 2187 2022 2212 a
2037 2173 2204 2213 ductore
2223 2185 2298 2212 suo

262 2254 347 2282 non
366 2254 503 2282 revera
521 2254 608 2281 esse
623 2239 759 2280 relicta
773 2247 812 2279 et
827 2240 993 2286 deserta,
1009 2238 1091 2285 sed,
1110 2236 1364 2288 episcopatus
1379 2235 1420 2275 in
1437 2249 1602 2276 munere
1618 2249 1735 2286 novo,
1753 2235 1934 2276 eiusdem
1950 2234 2150 2287 praesidio
2164 2233 2298 2286 potius

263 2310 303 2344 et
323 2304 470 2344 tutelae
488 2301 675 2354 auspiciis
695 2300 856 2353 optimis
876 2301 1012 2340 denuo
1032 2312 1119 2339 esse
1139 2298 1293 2338 tradita.

373 2368 493 2407 Duco
520 2367 573 2406 ad
595 2379 667 2406 vos
694 2364 866 2416 regionis
893 2363 998 2403 illius
1027 2369 1203 2403 remotae
1231 2361 1466 2414 episcopum
1495 2361 1761 2413 designatum,
1785 2363 2021 2402 GEORGmM
2047 2362 2295 2400 ALFREDUM

265 2431 452 2469 Lssrkov.

1102 2587 1126 2618 2
1154 2570 1296 2637 June
1340 2587 1355 2617 1
1368 2573 1465 2631 899

565 2681 769 2748 Jubilee
804 2679 869 2744 of
891 2680 973 2728 tlze
1007 2679 1208 2728 electz'on
1244 2678 1308 2743 qs
1335 2678 1527 2743 George
1565 2678 1779 2727 Gabriel
1808 2677 1979 2727 Stokes

851 2763 899 2805 to
933 2756 1015 2805 tlte
1050 2756 1306 2805 Lucasz’an
1341 2755 1720 2819 Prcffessorslzz'p

372 2867 486 2919 (315)
519 2869 700 2907 Prummu
721 2865 835 2906 vobis
855 2871 1067 2917 praesento
1086 2863 1245 2904 Artium
1266 2863 1531 2903 Plurimarum
1552 2861 1745 2903 Scholae⁶
1765 2862 1995 2903 Parisiensis
2015 2863 2292 2914 professorem,

261 2942 395 2982 quem,
415 2928 456 2969 in
477 2930 555 2969 hoc
574 2928 662 2980 ipso
681 2929 784 2977 loco,
799 2926 866 2968 die
885 2928 1073 2967 hesterno
1093 2925 1374 2978 perspicuitate
1394 2924 1510 2965 solita
1529 2924 1790 2965 disserentem
1810 2924 2048 2973 audivistis⁷,
2062 2924 2190 2964 virum
2211 2936 2295 2963 non

347 3017 361 3039 ¹
383 3019 521 3052 Ascidia
536 3019 571 3051 in
586 3024 612 3052 t.
629 3031 660 3059 x,
681 3019 748 3051 and
763 3018 974 3060 Amphioxus
990 3017 1025 3050 in
1040 3022 1064 3050 t.
1084 3016 1130 3054 xi,
1147 3015 1186 3049 of
1197 3015 1236 3049 St
1255 3015 1455 3057 Petersburg
1470 3014 1659 3054 Mlmoires,
1679 3013 1750 3047 Ser.
1771 3021 1840 3045 vn.
1948 3011 1964 3032 ²
1986 3013 2101 3046 Psalm
2118 3012 2175 3045 viii
2194 3012 2291 3055 5—8.

262 3061 277 3084 ⁸
300 3063 433 3106 Degree
448 3062 600 3096 deferred
616 3062 701 3096 from
721 3073 760 3104 25
780 3064 868 3104 Aug.
890 3063 984 3105 1898.
1151 3059 1166 3080 ⁴
1188 3059 1244 3093 On
1260 3059 1317 3092 the
1334 3059 1457 3091 Indian
1475 3058 1610 3100 Mutiny
1625 3058 1691 3090 and
1709 3057 1765 3090 the
1782 3057 1886 3090 Delhi
1904 3057 2058 3096 Mission,
2077 3067 2131 3100 cp.
2149 3062 2244 3089 notes
2260 3060 2296 3087 to

261 3117 318 3140 no.
335 3106 378 3150 96
393 3111 507 3149 supra.
618 3105 631 3127 ⁶
654 3107 782 3149 Bishop
798 3106 972 3147 designate
988 3104 1028 3137 of
1039 3104 1183 3141 Labore,
1200 3104 1257 3136 the
1273 3102 1397 3146 capital
1412 3102 1451 3135 of
1468 3102 1525 3134 the
1542 3102 1684 3145 Punjab.
1787 3098 1802 3120 ⁶
1824 3101 1899 3133 The
1915 3094 2014 3133 Ecole
2028 3100 2294 3143 Polytechnique.

262 3149 275 3171 ⁷
300 3151 395 3184 Rede
412 3152 554 3184 Lecttue
570 3162 615 3183 on
637 3151 706 3184 The
728 3151 829 3183 Wave
851 3149 978 3192 Theory
991 3148 1165 3192 ofLiglzn
1188 3147 1230 3180 its
1245 3147 1406 3190 influence
1419 3157 1462 3179 on
1475 3146 1618 3178 Modern
1635 3145 1784 3188 Physics.

1243 3233 1318 3271 149
