2704 3770
239 291 426 358 Henry
463 291 601 342 Cecil
630 290 833 341 Raz‘kes.
906 293 961 341 A
967 293 1124 342 rtlmr
1144 292 1325 359 sames
1358 294 1594 358 Balfour.
1658 295 1755 344 Sir
1786 296 1840 344 A
1847 296 1943 344 rclz.
1985 295 2185 344 Alison.

204 439 459 482 discedentes
477 439 602 492 sequi.
653 439 762 482 Olim
777 440 819 480 in
835 442 985 481 Senatu
1001 440 1235 481 Britannico
1249 441 1560 482 Academiarum
1576 448 1801 481 nostrarum
1815 442 1992 493 praemia
2003 442 2237 483 doctissimo

203 503 351 555 cuique
365 503 451 544 sine
466 505 549 544 ullo
564 503 794 545 discrimine
809 503 1087 556 patefacienda
1102 504 1270 544 censuit.
1311 505 1429 544 Idem
1446 511 1586 557 postea
1601 505 1754 555 legatus
1767 503 1947 555 pertinax
1961 505 2014 544 ab
2029 506 2239 545 Ottoman-

205 578 350 606 norum
362 564 541 618 imperio,
555 572 600 605 ut
614 565 847 606 Thessaliae
858 565 1105 618 provinciam
1122 566 1315 606 Graeciae
1327 567 1522 615 redderet,
1537 565 1773 618 impetravit.
1815 567 1925 606 Inter
1939 565 2027 606 illos
2039 566 2156 618 igitur
2171 566 2239 618 qui

205 628 424 670 litterarum
448 643 586 670 amore
612 629 758 670 imbuti
782 637 888 677 sunt,
909 629 1000 681 quis
1019 637 1080 670 est
1102 629 1200 681 quin
1227 631 1364 670 animo
1390 637 1501 681 grato
1527 629 1639 669 illum
1665 628 1861 680 respiciat,
1889 630 2003 669 cuius
2028 629 2175 670 auxilio
2200 638 2240 670 et

209 692 425 733 ‘Tbessala
456 693 634 744 Tempe’
667 700 707 733 et
742 692 884 733 ‘Pindi
917 692 1030 744 iuga'
1059 699 1100 733 et
1134 696 1144 715 ‘
1158 692 1339 733 Larissae
1369 706 1536 745 campus
1566 692 1726 745 opimae
1739 693 1896 742 ’1,—t0t
1928 694 2018 733 loca
2045 693 2128 733 sive
2156 693 2241 745 ipsa

207 753 379 807 regionis
410 754 665 804 amoenitate,
698 754 781 795 sive
814 769 943 795 rerum
982 754 1037 795 ibi
1075 762 1275 807 gestarum
1313 754 1508 795 memoria
1545 754 1893 806 insignia,——genti
1930 754 1986 794 illi
2022 755 2242 806 antiquitus

206 817 347 859 illustri
358 818 497 859 denuo
511 819 662 860 donata
673 826 767 859 sunt
777 820 796 859 ?
849 817 1099 859 Beneficium
1114 826 1197 858 tam
1213 819 1460 871 praeclarum
1476 818 1571 858 huic
1585 818 1780 870 imprimis
1793 825 2005 870 acceptum
2018 819 2242 859 rettulimus

208 881 332 934 inque
350 881 569 922 memoriae
587 881 735 922 tabulis
754 882 925 922 libenter
944 881 1228 934 inscripsimus.
1744 884 1748 888 ’

318 945 440 985 Duco
457 945 512 986 ad
531 958 603 985 vos
622 945 860 985 Gssoacnm
882 944 1074 984 IoAcmM
1094 945 1313 985 GosanN.

317 1081 434 1136 (135)
467 1082 712 1123 Academiae
731 1090 891 1123 nostrae
910 1083 1194 1124 consuetudini
1213 1083 1403 1134 antiquae
1422 1090 1740 1123 consentaneum
1761 1091 1822 1123 est
1841 1083 1930 1123 illos
1950 1097 1973 1123 e
1991 1083 2102 1135 regni
2121 1084 2244 1124 totius

208 1146 468 1187 Senatoribus
495 1159 600 1198 quos
629 1146 800 1186 Senatus
828 1154 964 1187 noster
992 1147 1073 1187 suis
1103 1147 1250 1199 delegit
1279 1146 1484 1199 suffragiis,
1515 1154 1696 1200 tempore
1724 1147 1874 1188 idoneo
1912 1147 2100 1187 Doctoris
2128 1147 2245 1187 titulo

207 1209 373 1250 honoris
391 1222 513 1249 causa
531 1222 684 1249 ornare.
744 1209 855 1249 Inter
874 1217 933 1249 tot
952 1209 1058 1249 viros
1078 1209 1285 1261 primarios
1305 1209 1549 1261 conspicitur
1567 1209 1691 1249 hodie
1706 1217 1873 1250 senator.
1884 1210 1950 1250 ille
1969 1218 2105 1250 noster
2119 1210 2189 1262 qui
2204 1210 2244 1250 in

209 1273 381 1314 Senatus
408 1272 627 1313 Britannici
654 1272 845 1313 institutis
870 1287 946 1313 usu
970 1281 1010 1313 et
1033 1272 1278 1325 experientia
1297 1272 1533 1325 iampridem
1559 1273 1752 1325 probatus
1772 1281 1842 1322 est,
1865 1273 2015 1325 quique
2035 1274 2245 1314 Senatores

208 1336 328 1389 ipsos,
358 1336 506 1389 quibus
530 1336 573 1376 in
602 1336 878 1388 rogationibus
908 1336 1184 1377 examinandis
1214 1344 1254 1376 et
1287 1336 1531 1389 corrigendis
1565 1345 1754 1390 praeerat,
1790 1336 1937 1377 totiens
1968 1337 2170 1386 monebat,
2202 1345 2246 1377 ut

207 1398 360 1440 ordinis
396 1398 502 1439 illius
538 1398 775 1451 amplissimi
813 1398 1049 1450 dignitatem
1083 1400 1402 1439 conservarent².
1459 1400 1566 1451 Ergo
1603 1399 1661 1439 vir
1701 1399 1743 1439 in
1781 1399 1935 1451 legibus
1982 1401 2127 1439 nostris
2173 1399 2246 1440 rite

209 1460 502 1502 constituendis
530 1467 641 1500 tanta
669 1474 762 1500 cum
788 1462 978 1513 gravitate
1007 1469 1089 1501 tam
1116 1461 1186 1501 diu
1214 1468 1393 1501 versatus
1423 1461 1527 1501 Iuris
1557 1463 1712 1502 Doctor
1740 1461 1883 1502 merito
1906 1461 2148 1511 nominatur,
2170 1462 2246 1502 nisi

209 1524 322 1574 forte,
356 1530 401 1564 ut
433 1530 494 1563 est
526 1530 567 1563 et
596 1522 734 1562 litteris
768 1524 959 1572 excultus,
990 1530 1031 1563 et
1066 1523 1196 1563 Musis
1224 1522 1319 1576 (nisi
1349 1523 1479 1574 fallor)
1509 1523 1682 1571 deditus,
1713 1530 1753 1564 et
1772 1523 1919 1564 vlitteris
1948 1523 2093 1564 nostris
2122 1538 2247 1576 prope

210 1586 400 1628 omnibus
422 1587 503 1626 huc
527 1585 622 1626 illuc
648 1585 769 1626 etiam
795 1599 818 1626 e
844 1586 1028 1639 Collegio
1054 1586 1095 1626 in
1115 1584 1364 1638 Collegium³
1383 1586 1700 1627 transmittendis
1719 1586 1980 1638 praepositus,
2007 1586 2245 1627 Litterarum

211 1650 367 1690 Doctor
389 1649 540 1689 mavult
567 1647 711 1689 vocari.
770 1649 851 1688 Sed
879 1662 1030 1689 nomen
1059 1657 1371 1700 utrumcumque
1399 1648 1590 1689 libentius
1618 1647 1775 1700 accipit,
1809 1648 1892 1689 iure
1921 1648 2077 1701 optimo
2105 1650 2248 1690 doctor

210 1721 375 1754 creatur.

322 1777 442 1816 Duco
459 1776 512 1816 ad
531 1788 603 1816 vos
623 1776 868 1816 Hssnmcum
889 1775 1106 1817 circinum
1127 1776 1305 1814 Raixsss.

319 1923 436 1978 (136)
466 1923 690 1965 Hiberniae
711 1924 1003 1965 administratio
1033 1937 1155 1976 quam
1180 1925 1315 1974 ardua,
1345 1937 1467 1976 quam
1494 1925 1664 1965 molesta
1690 1924 1750 1974 sit,
1779 1924 1882 1965 inter
1906 1939 2048 1965 omnes
2077 1933 2246 1966 constat.

211 1986 311 2028 Viro
339 1986 430 2027 forti
458 1994 566 2027 certe
590 1994 631 2027 et
659 1986 861 2039 intrepido
889 2000 992 2039 opus
1020 1994 1091 2036 est,
1120 1994 1164 2026 ut
1192 1987 1410 2027 insularum
1440 1994 1664 2027 nostrarum
1689 2001 1779 2039 pars
1807 1987 1874 2027 illa
1900 2001 2044 2039 magna
2073 1988 2248 2028 consiliis

213 2048 349 2100 firmis,
383 2047 560 2089 consiliis
593 2048 718 2097 iustis,
753 2048 936 2089 omnium
970 2049 1170 2089 bonorum
1201 2048 1243 2088 in
1278 2049 1500 2098 utilitatem,
1534 2049 1717 2089 omnium
1749 2051 1945 2090 malorum
1974 2049 2016 2089 in
2045 2049 2246 2100 terrorem,

212 2111 466 2164 gubernetur.
523 2110 666 2151 Virum
692 2112 812 2151 talem
836 2110 938 2151 inter
964 2111 1179 2151 Britannos
1207 2118 1329 2164 atque
1354 2113 1459 2152 adeo
1484 2111 1587 2152 inter
1609 2113 1795 2152 alumnos
1818 2121 1988 2161 nostros,
2009 2114 2100 2164 plus
2126 2127 2248 2165 quam

213 2175 338 2215 semel
356 2173 556 2224 vidimus;
583 2175 711 2214 virum
730 2175 852 2214 talem
872 2173 995 2215 hodie
1018 2174 1135 2215 titulo
1158 2183 1296 2215 nostro
1320 2175 1544 2215 honorifico
1567 2175 1738 2215 libenter
1763 2189 1963 2225 ornamus,
1986 2176 2053 2228 qui
2082 2177 2251 2217 necessi-

214 2237 365 2279 tudinis
411 2238 580 2278 vinculis
618 2237 796 2290 plurimis
839 2237 1052 2278 nobiscum
1089 2238 1355 2288 consociatus,
1396 2238 1547 2279 idcirco
1585 2246 1645 2279 tot
1682 2238 1829 2279 civium
1869 2240 2068 2280 bonorum
2106 2241 2248 2291 plausu

213 2301 407 2354 excipitur
425 2303 538 2354 quod
560 2302 717 2342 vincula
736 2302 812 2351 illa,
835 2316 938 2353 quae
957 2301 1067 2354 regni
1087 2301 1209 2342 totius
1228 2310 1359 2354 partes
1378 2302 1481 2342 inter
1500 2315 1587 2342 sese
1606 2302 1868 2354 coniungunt,
1886 2302 2020 2343 divelli
2041 2316 2123 2343 non
2143 2303 2247 2343 sinit.

215 2364 377 2405 Talium
397 2363 570 2405 virorum
590 2366 688 2406 dum
709 2365 886 2406 consiliis
906 2366 1065 2415 utimur,
1087 2365 1161 2405 tria
1180 2365 1246 2405 illa
1266 2365 1401 2406 iuncta
1421 2365 1462 2405 in
1483 2378 1566 2406 uno
1587 2365 1676 2418 quis
1696 2366 1925 2419 separabit?

327 2429 447 2469 Duco
465 2429 519 2469 ad
538 2442 610 2469 vos
627 2431 884 2470 ARTHURUM
906 2430 1102 2469 IAconum
1125 2429 1362 2469 BALFOUR⁴.

326 2561 442 2616 (137)
461 2562 548 2602 Viri
563 2563 615 2603 de
630 2562 715 2603 iure
734 2570 773 2603 et
787 2562 953 2603 historia
968 2563 1073 2604 bene
1086 2562 1214 2603 meriti
1232 2562 1347 2612 filius,
1363 2563 1609 2604 Academiae
1624 2563 1872 2605 Caledoniae
1888 2565 1977 2616 plus
1993 2577 2114 2616 quam
2131 2567 2250 2605 unius

216 2627 414 2674 alumnus,
436 2625 552 2667 miles
571 2634 610 2667 et
629 2626 670 2666 in
695 2627 802 2667 bello
825 2634 864 2668 et
887 2627 928 2667 in
952 2640 1051 2679 pace
1077 2626 1255 2679 insignis,
1276 2639 1359 2667 non
1383 2634 1532 2676 nostro,
1554 2628 1849 2679 qualecumque
1874 2635 1944 2676 est,
1966 2627 2119 2679 indiget
2142 2642 2251 2680 prae-

217 2688 348 2729 conio.
407 2688 607 2739 Quotiens
622 2688 754 2741 ipsum
773 2688 1029 2742 adspicimus,
1048 2688 1195 2729 totiens
1214 2702 1298 2729 non
1317 2690 1404 2729 sine
1424 2690 1563 2729 dolore
1578 2689 1756 2741 quodam
1772 2689 2038 2738 recordamur,
2054 2698 2249 2742 quantum

217 2751 321 2792 inter
340 2751 468 2792 Indos
486 2765 560 2804 pro
579 2751 706 2804 patria
725 2752 945 2804 pugnando
964 2765 1104 2804 passus
1124 2750 1206 2792 sit⁶.
1258 2752 1535 2792 Recordamur
1554 2750 1649 2791 belli
1664 2750 1867 2792 Crimeani
1883 2758 2064 2803 tempore
2083 2765 2145 2793 res
2164 2752 2250 2793 illas

217 2813 430 2855 fortissime
457 2822 598 2867 gestas,
626 2814 774 2867 quibus
802 2814 888 2867 ipse
916 2814 1104 2864 interfuit,
1131 2814 1300 2867 Bospori
1330 2814 1535 2856 Cimmerii
1564 2815 1699 2855 fauces
1728 2822 1955 2867 occupataS,
1983 2822 2250 2868 expugnatam

307 2959 321 2981 ¹
345 2960 492 3000 Horace,
515 2961 630 2997 Carm.
648 2961 660 2993 i
678 2968 708 3003 7,
727 2971 810 3003 4—1
821 2971 847 2993 ι.
952 2959 967 2981 ⁹
989 2961 1173 2995 Chairman
1189 2962 1227 2994 of
1238 2962 1342 3005 Ways
1357 2962 1424 2994 and
1442 2963 1572 2998 Meam,
1589 2962 1656 2994 and
1672 2962 1811 3005 Deputy
1826 2962 1988 3005 Speaker.
2110 2962 2124 2983 ⁸
2148 2964 2252 3008 Early

220 3003 258 3037 in
277 3003 372 3042 1886,
388 3003 505 3037 before
523 3005 580 3037 Mr
596 3005 723 3038 Raikes
737 3015 806 3037 was
821 3005 1006 3048 appointed
1024 3006 1229 3038 Postmaster
1246 3006 1402 3043 General‚
1421 3006 1477 3038 the
1494 3010 1502 3023 ‘
1513 3005 1653 3048 College
1676 3006 1871 3049 Messenger
1891 3007 1994 3044 Post,'
2008 3008 2135 3041 started
2151 3009 2197 3051 by
2212 3009 2252 3043 St

220 3046 352 3090 John's,
367 3058 437 3081 was
453 3049 651 3091 suppressed
667 3059 704 3081 as
719 3059 763 3081 an
778 3049 1014 3092 infringement
1030 3049 1069 3081 of
1079 3050 1136 3082 the
1153 3050 1332 3092 privileges
1347 3049 1386 3081 of
1398 3050 1455 3082 the
1472 3049 1551 3082 Post
1568 3049 1676 3082 Office
1693 3048 1824 3092 (Eagle,
1843 3050 1899 3083 xiv
1919 3050 2006 3094 1¹3)·
2117 3050 2132 3071 ⁴
2153 3053 2252 3086 Then

221 3091 258 3124 in
271 3091 331 3124 the
345 3091 470 3124 second
484 3100 565 3134 year
578 3092 618 3124 of
628 3092 681 3125 his
694 3098 812 3125 tenure
826 3092 866 3125 of
876 3093 934 3125 the
950 3092 1045 3126 office
1061 3093 1099 3125 of
1111 3092 1287 3136 Secretary
1301 3094 1353 3126 for
1370 3093 1516 3134 Ireland,
1541 3095 1701 3137 1887-91.
1885 3094 1900 3115 ⁸
1923 3094 2035 3138 Major
2050 3096 2170 3129 Alison
2187 3097 2252 3129 lost

223 3133 276 3167 his
291 3134 350 3168 left
365 3145 435 3167 arm
452 3140 486 3168 at
503 3135 559 3168 the
576 3135 690 3168 Relief
700 3136 738 3168 of
751 3136 936 3176 Lucknow,
958 3137 1047 3170 Nov.
1073 3138 1166 3179 1857.

1205 3211 1260 3262 ⁶9
