2704 3770
287 285 385 336 Sir
411 286 476 335 R.
515 286 798 352 Kz'ngscote.
869 287 943 338 A.
981 288 1111 336 Pell.
1186 288 1282 337 Sir
1299 289 1359 355 s.
1398 290 1462 338 B.
1498 290 1692 339 Lawes.
1769 292 1864 340 Sz‘r
1880 293 1939 359 s.
1979 294 2053 342 H.
2099 294 2310 344 Gilbert.

285 432 553 486 silvarumque
567 441 608 474 et
623 433 885 475 Cornwalliae
901 435 1153 475 metallorum
1168 434 1363 476 reditibus
1378 435 1583 488 exigendis
1598 437 1868 489 praepositus1
1882 453 1892 487 3
1918 439 2096 491 denique
2108 441 2316 483 Societatis

285 503 439 538 vestrae
463 497 517 538 de
538 497 709 550 negotiis
734 497 948 539 cotidianis
970 498 1171 550 praeclare
1198 498 1370 539 meritus.
1432 499 1560 539 Adest
1583 499 1759 552 ‘egregie
1782 501 1971 542 cordatus
1997 503 2121 543 homo
2134 505 2172 553 ’²,
2193 505 2251 545 vir
2275 505 2317 546 in

283 559 542 613 epistolarum
571 561 818 603 commercio
847 561 1104 611 admirabilis,
1140 561 1181 602 in
1213 561 1448 603 animalium
1482 563 1609 603 salute
1639 564 1884 615 exploranda
1922 571 1962 605 et
1998 565 2226 608 adiuvanda
2263 567 2319 607 in-

285 625 478 666 defessus.

395 687 516 728 Duco
543 688 597 728 ad
621 701 693 728 vos
721 688 774 728 de
801 689 954 728 Balneo
983 687 1160 739 equitem
1186 686 1396 740 insignem,
1418 687 1546 728 virum
1576 687 1772 740 Principis
1802 688 1927 729 nostri
1955 690 1996 729 in
2026 690 2151 732 domo
2177 691 2318 733 merito

283 749 509 802 probatum,
532 750 777 790 ROBERTUM
799 751 839 791 N
842 761 939 790 mm.
959 751 1317 790 F1Tz-HARD1NGE
1336 752 1600 791 KmoscorE.

390 905 509 960 (231)
529 907 631 949 Iuris
652 910 877 950 Doctorum
895 922 1041 962 agmen
1060 908 1212 950 claudit
1230 910 1418 950 alumnus
1438 917 1584 960 noster,
1605 909 1769 951 iudicis³
1788 909 1903 959 filius,
1918 909 1988 962 qui
2006 910 2142 951 adhuc
2162 909 2318 952 iuvenis

281 970 432 1013 abhinc
452 985 582 1013 annos
607 980 798 1025 quattuor
816 980 856 1014 et
881 973 1173 1026 quinquaginta
1198 972 1410 1014 Societatis
1432 981 1585 1014 vestrae
1605 973 1824 1014 conventui
1849 973 1979 1025 primo
1999 973 2318 1026 Cantabrigiensi

281 1031 479 1075 interfuit⁴
490 1048 502 1084 ς
529 1034 601 1087 qui
625 1042 777 1087 postea,
799 1035 1026 1088 pestilentia
1049 1035 1158 1088 gravi
1183 1035 1286 1076 inter
1311 1035 1543 1076 Britanniae
1563 1036 1687 1076 boves
1713 1035 1926 1084 saeviente,
1948 1035 2115 1076 consilia
2134 1035 2319 1076 salutaria

281 1095 391 1137 solus
409 1096 557 1138 obtulit
575 1104 813 1150 pestemque
832 1105 985 1139 tantam
1006 1097 1116 1138 iussu
1131 1098 1296 1150 publico
1309 1098 1619 1151 opprimendam
1639 1097 1833 1147 curavit³⁵3
1861 1097 1931 1149 qui
1945 1097 2138 1152 deinceps
2153 1098 2319 1140 Senatui

283 1158 516 1202 Britannico
544 1174 615 1213 per
641 1175 771 1203 annos
799 1162 1089 1215 septemdecim
1116 1161 1352 1214 adscriptus,
1383 1162 1463 1214 agri
1498 1164 1678 1203 culturae
1708 1169 1900 1214 patronus
1932 1170 2116 1204 strenuus
2144 1162 2319 1213 exstitit;

282 1221 352 1276 qui
383 1236 513 1276 nuper
543 1224 722 1276 denique
754 1225 1018 1266 Academiam
1052 1231 1230 1265 nostram
1264 1224 1511 1265 Seneschalli
1545 1225 1606 1265 sui
1639 1238 1733 1265 cum
1766 1223 1914 1270 auxilio
1947 1225 1999 1265 de
2027 1224 2110 1278 agri
2140 1227 2319 1266 culturae

282 1285 424 1328 studiis
443 1287 733 1329 deliberantem
753 1302 996 1342 magnopere
1010 1288 1194 1329 adiuvit⁰.
1253 1289 1378 1339 Quod
1393 1289 1584 1330 scientiae
1599 1289 1717 1330 huius
1738 1289 1958 1342 diplomata
1979 1297 2114 1330 nostra
2133 1289 2256 1330 hodie
2275 1289 2316 1329 in

283 1350 437 1391 honore
456 1358 560 1402 sunt,
582 1351 721 1392 talium
741 1351 915 1393 virorum
935 1351 1165 1404 praesertim
1187 1351 1363 1393 consiliis
1383 1353 1592 1393 debemus.

393 1414 514 1454 Duco
541 1415 595 1455 ad
623 1428 694 1455 vos
718 1413 965 1455 Academiae
990 1413 1156 1467 quidem
1183 1421 1342 1455 nostrae
1371 1414 1530 1455 Artium
1559 1416 1809 1467 Magistrum,
1841 1414 2072 1456 Britanniae
2099 1429 2194 1457 vero
2220 1415 2318 1468 agri-

282 1476 461 1517 colarum
489 1489 625 1518 revera
654 1484 956 1530 praeceptorem
984 1483 1106 1529 atque
1133 1477 1239 1518 adeo
1269 1478 1503 1527 Doctorem,
1534 1479 1776 1518 ALBERTUM
1808 1479 1932 1518 PELL.

392 1634 510 1688 (232)
542 1635 770 1676 Salutamus
789 1636 955 1676 tandem
975 1648 1046 1686 par
1065 1634 1202 1675 nobile
1225 1635 1466 1686 collegarum
1488 1633 1557 1686 qui
1578 1635 1630 1675 de
1649 1647 1833 1687 agrorum
1855 1635 2020 1684 cultura,
2042 1635 2094 1675 de
2112 1635 2316 1687 pecudum

281 1697 482 1739 alimentis
513 1697 641 1747 variis
676 1698 958 1751 experimentis
988 1697 1194 1750 exquisitis
1227 1710 1308 1737 una
1346 1697 1599 1738 elaborandis
1629 1711 1759 1738 annos
1791 1697 2094 1750 quinquaginta,
2124 1711 2315 1750 magnum

281 1761 462 1814 profecto
489 1760 630 1802 aetatis
658 1761 859 1802 humanae
888 1760 1072 1814 spatium,
1095 1759 1343 1801 dedicarunt.
1402 1760 1485 1800 Tot
1507 1773 1707 1800 annorum
1729 1767 1865 1800 autem
1891 1760 2048 1800 labores
2078 1773 2162 1800 non
2190 1762 2316 1801 modo

281 1824 443 1866 chartae
473 1825 612 1866 fideles
642 1823 684 1864 in
713 1831 953 1877 perpetuum
984 1823 1225 1873 custodient,
1256 1825 1329 1865 sed
1358 1823 1479 1865 etiam
1512 1837 1650 1864 saxum
1684 1824 1826 1876 ingens
1857 1823 2023 1865 nomine
2056 1831 2227 1876 utroque
2259 1823 2317 1864 in-

281 1888 483 1941 sculptum
507 1886 612 1928 inter
636 1894 818 1940 posteros
844 1885 1065 1927 testabitur.
1125 1886 1194 1927 Ab
1219 1885 1308 1939 ipso
1333 1893 1469 1927 autem
1499 1890 1831 1927 ‘monumentum
1852 1900 1942 1928 aere
1961 1885 2218 1938 perennius’⁷
2243 1886 2316 1927 erit

280 1956 476 1999 exactum,
497 1948 778 2002 experimentis
803 1956 886 1989 tam
912 1948 1088 1998 utilibus,
1110 1955 1193 1989 tam
1217 1948 1443 1997 fructuosis,
1464 1948 1740 1989 munificentia
1762 1948 1885 2001 ipsius
1905 1948 2026 1989 etiam
2046 1947 2087 1988 in
2110 1955 2314 2001 posterum

280 2011 534 2052 continuatis.
592 2013 856 2064 Auguramur,
893 2024 969 2052 nec
1006 2023 1082 2051 nos
1120 2010 1219 2051 fallit
1254 2010 1476 2064 augurium,
1512 2010 1553 2051 in
1590 2010 1673 2063 agri
1710 2011 1888 2051 culturae
1925 2010 2138 2052 annalibus
2176 2011 2315 2051 talium

279 2073 454 2116 virorum
481 2074 649 2116 nomina
677 2076 761 2115 fore
788 2073 1039 2115 immortalia.

390 2139 509 2179 Duco
534 2139 588 2179 ad
612 2151 684 2178 vos
708 2139 970 2178 Baronettum
998 2137 1206 2191 insignem,
1231 2137 1382 2191 Regiae
1406 2137 1616 2179 Societatis
1641 2137 1807 2187 socium,
1830 2137 1958 2178 virum
1986 2137 2175 2179 Doctoris
2198 2137 2314 2178 titulo

280 2199 342 2242 bis
360 2200 524 2243 aliunde
543 2200 686 2242 merito
706 2208 903 2251 ornatum,
926 2203 1131 2242 IoANNEM
1153 2203 1336 2242 BENNET
1356 2203 1533 2243 LAwns8.

389 2349 506 2403 (233)
537 2352 653 2402 Quos
683 2358 744 2392 tot
771 2364 970 2396 annorum
1001 2351 1158 2392 labores
1191 2365 1273 2392 una
1296 2351 1600 2401 coniunxerunt,
1631 2365 1701 2392 eos
1732 2351 1773 2392 in
1803 2351 1989 2392 laudibus
2019 2350 2164 2392 nostris
2193 2349 2316 2391 hodie

280 2411 468 2454 divellere
499 2412 564 2452 vix
593 2426 816 2464 possumus.
877 2414 1047 2455 Constat
1080 2421 1215 2454 tamen
1247 2414 1403 2455 labores
1436 2414 1526 2454 illos
1564 2413 1635 2454 viri
1668 2413 1837 2454 huiusce
1871 2413 2061 2455 scientiae
2090 2412 2315 2454 admirabili

280 2481 321 2515 et
350 2474 568 2516 industriae
599 2475 822 2516 indefessae
852 2475 1068 2527 plurimum
1097 2476 1255 2517 debere.
1316 2478 1486 2519 Constat
1517 2477 1683 2517 eosdem
1717 2476 1898 2518 eiusdem
1932 2475 2097 2528 scriptis,
2133 2475 2314 2516 eiusdem

280 2538 540 2587 orationibus,
575 2551 658 2579 non
692 2540 817 2579 modo
850 2538 891 2579 in
925 2539 1051 2591 patria
1089 2547 1225 2580 nostra
1257 2541 1330 2581 sed
1363 2539 1483 2580 etiarn
1517 2553 1690 2592 peregre,
1731 2539 1905 2580 maximo
1938 2553 2031 2579 cum
2063 2540 2192 2579 fructu
2225 2551 2314 2578 esse

279 2602 512 2654 patefactos.
571 2602 678 2644 Cum
711 2602 866 2654 collega
896 2615 970 2643 suo
1001 2616 1159 2643 summa
1188 2603 1407 2644 concordia
1439 2602 1689 2652 coniunctus,
1726 2603 1845 2643 Plinii
1878 2603 1999 2644 verba
2036 2602 2120 2643 iure
2158 2601 2314 2654 optimo

367 2729 381 2752 ¹
404 2731 542 2765 A.D.C.
567 2736 604 2764 to
629 2731 721 2764 Lord
746 2732 900 2775 Raglan3
932 2732 1024 2764 M.P.
1053 2731 1103 2764 sor
1127 2731 1224 2764 West
1251 2730 1550 2770 Gloucestershire,
1581 2729 1750 2772 1852-85;
1783 2728 1947 2762 Receiver
1971 2728 2023 2760 for
2050 2727 2106 2760 the
2133 2727 2256 2777 Duchy
2279 2727 2318 2760 of

279 2775 463 2814 Comwan,
481 2775 547 2808 and
564 2775 828 2809 Commissioner
843 2776 882 2809 of
902 2776 1033 2808 Woods
1050 2775 1118 2808 and
1139 2775 1286 2815 Forests‚
1307 2775 1411 2807 Extra
1431 2774 1583 2817 Equerry
1598 2779 1634 2806 to
1652 2773 1800 2806 H.R.H.
1818 2773 1937 2805 Albert
1955 2771 2114 2811 Edward‚
2135 2771 2254 2804 Prmce
2277 2770 2316 2804 of

279 2819 406 2853 Wales.
582 2817 598 2839 ²
621 2819 749 2852 Ennius
764 2831 820 2862 ap.
837 2820 909 2854 Cic.
935 2820 970 2852 T
964 2831 1031 2852 usc.
1049 2819 1060 2852 i
1080 2820 1128 2852 18.
1309 2817 1323 2838 ³
1346 2818 1400 2852 Sir
1415 2819 1535 2851 Albert
1555 2818 1639 2858 Pell,
1654 2817 1766 2860 Judge
1781 2816 1818 2849 of
1834 2817 1891 2849 the
1906 2816 2013 2850 Court
2028 2815 2066 2848 of
2079 2815 2311 2857 Bankruptcy.

279 2861 295 2884 ⁴
317 2863 439 2896 Ernest
455 2863 591 2900 clarite,
607 2863 642 2896 in
658 2864 716 2897 the
720 2864 881 2907 Journal
891 2863 930 2896 of
941 2864 999 2897 the
1016 2863 1162 2905 Society,
1183 2872 1225 2904 30
1238 2863 1326 2904 June
1346 2863 1439 2905 1894,
1459 2873 1493 2905 p.
1511 2872 1564 2904 ²3·
1698 2859 1712 2881 ⁵
1739 2859 1833 2893 1866.
1966 2859 1980 2880 θ
2003 2860 2053 2893 As
2069 2870 2090 2891 a
2106 2859 2261 2892 Member
2276 2858 2317 2891 of

280 2906 338 2940 the
353 2907 581 2950 Agricultural
598 2907 787 2941 Education
802 2907 984 2951 Syndicate
996 2907 1180 2951 appointed
1198 2906 1217 2940 6
1234 2907 1324 2939 Nov.
1345 2907 1438 2949 1890.
1571 2905 1585 2927 ⁷
1610 2905 1758 2944 Horace,
1780 2904 1895 2937 Carm.
1915 2903 1951 2936 iii
1969 2913 2023 2946 30,
2045 2915 2073 2936 1.
2207 2901 2222 2923 ⁸
2246 2903 2312 2936 See

280 2950 338 2984 the
355 2950 518 2994 Society’s
535 2952 663 2994 Report
679 2951 717 2985 of
735 2951 793 2985 the
813 2953 1110 2986 Commemoration
1130 2951 1172 2993 of
1187 2951 1239 2983 the
1251 2950 1385 2994 Jubilee
1398 2949 1440 2991 of
1453 2949 1506 2981 the
1521 2949 1738 2982 Rothamsted
1747 2948 1986 2990 Experiments
2000 2958 2044 2980 on
2063 2946 2197 2990 29Ju1y
2217 2947 2312 2990 1893,

280 2995 362 3028 with
382 3006 399 3027 r
443 2995 635 3029 roductions
650 2995 690 3028 of
708 2995 763 3029 Sir
774 2995 867 3039 John
884 2996 1015 3029 Bennet
1031 2993 1160 3028 Lawes'
1176 2994 1315 3038 portrait
1332 2995 1377 3036 by
1395 2993 1599 3030 Herkomer‚
1616 2993 1683 3025 and
1696 2992 1735 3025 of
1750 2991 1806 3025 the
1822 2991 1952 3034 granite
1964 2991 2105 3024 boulder
2126 2990 2260 3024 ereeted
2277 2990 2311 3023 in

280 3037 369 3072 sront
395 3049 417 3071 o
455 3039 514 3072 the
540 3039 711 3073 Laborato
772 3045 807 3073 at
829 3040 1040 3082 Harpenden
1067 3040 1122 3072 ‘to
1144 3043 1405 3072 commemorate
1428 3037 1486 3070 the
1509 3037 1717 3079 completion
1743 3036 1782 3068 of
1805 3035 1895 3078 Fisty
1921 3035 2027 3068 Vears
2053 3034 2092 3067 of
2112 3034 2312 3067 continuous

281 3082 505 3126 experiments
522 3082 593 3124 (the
607 3082 678 3116 first
693 3094 715 3116 o
743 3083 830 3116 their
844 3083 941 3125 kind)
959 3084 993 3116 in
1009 3083 1220 3126 agriculture,
1240 3081 1431 3115 conducted
1446 3086 1480 3114 at
1499 3080 1722 3114 Rothamsted
1738 3080 1782 3123 by
1795 3079 1849 3114 Sir
1861 3079 1953 3122 John
1970 3079 2101 3112 Bennet
2114 3078 2234 3112 Lawes
2245 3078 2312 3111 and

277 3127 406 3170 Joseph
424 3127 542 3170 Henry
556 3127 700 3167 Gilbert‚
716 3135 792 3161 Ad).
817 3128 898 3171 1893
910 3126 929 3161 ’.

1267 3213 1283 3238 1
1295 3212 1310 3237 1
1321 3210 1342 3251 5
2071 3210 2087 3235 1
2095 3207 2199 3248 5—2
