2704 3770
1095 302 1247 354 L'ord
1279 305 1345 352 K
1338 305 1481 354 elvzn.

270 465 470 493 annorum
498 453 652 494 vicibus
682 462 907 506 spectatum
938 454 1246 507 probatumque,
1277 453 1399 494 etiam
1431 453 1712 495 Universitatis
1741 467 1890 494 nornen
1924 455 2111 506 auspiciis
2140 457 2301 508 optimis

270 529 360 558 esse
386 518 656 569 adepturum1.
718 519 834 558 Iuvat
867 518 990 558 hodie
1019 517 1219 558 recordari
1248 517 1475 569 Collegium
1505 526 1681 557 vestrum
1710 516 1866 569 insigne
1895 531 1944 557 eo
1974 525 2153 570 ternpore
2182 519 2302 559 fuisse

271 577 546 628 constitutum,
569 591 652 631 quo
671 579 779 632 regio
802 587 901 630 tota,
920 593 1024 632 quae
1048 579 1199 620 circum
1222 579 1390 628 iacebat,
1412 579 1546 619 adhuc
1572 578 1728 630 imperii
1753 579 1972 619 Britannici
1997 579 2099 619 inter
2124 582 2302 621 colonias

271 641 572 683 florentissimas
605 644 900 684 numerabatur.
961 645 1077 683 Iuvat
1106 656 1215 683 nunc
1244 656 1408 695 quoque
1437 642 1644 682 doctrinae
1673 643 1812 682 sedem
1841 650 2024 691 vestram,
2055 656 2300 694 quamquam

270 718 445 758 aequore
483 706 688 747 Atlantico
724 721 749 747 a
786 707 904 748 nobis
941 706 1195 755 disiunctam‚
1230 714 1367 746 tamen
1401 705 1628 745 communis
1666 704 1833 757 generis,
1867 705 2093 745 communis
2130 705 2300 757 linguae,

270 768 548 809 communium
587 769 764 822 denique
802 769 1024 810 studiorum
1063 768 1371 817 necessitudine,
1412 781 1505 808 cum
1545 767 1815 809 Universitate
1857 775 1993 807 nostra
2030 768 2302 808 consociatam

269 830 545 882 contemplari.
604 833 722 884 Ergo,
758 831 954 871 voluntati
991 838 1143 871 vestrae
1182 831 1352 871 libenter
1384 830 1579 879 obsecuti,
1616 843 1638 870 e
1670 829 1960 881 professoribus
1994 830 2139 870 nostris
2177 844 2303 870 unum

271 896 436 937 honoris
455 910 576 938 causa
594 899 770 950 legatum
789 899 842 938 ad
866 911 937 938 vos
965 897 1170 946 mittimus,
1194 897 1272 949 qui,
1295 897 1357 936 his
1381 896 1520 936 litteris
1547 897 1600 936 ad
1623 909 1694 935 vos
1720 895 1891 947 perlatis,
1913 903 2095 936 nostrum
2121 896 2303 936 omnium

270 959 449 1007 nomine,
478 973 563 1000 non
597 961 722 1000 modo
751 960 985 1011 praeteritos
1013 973 1141 999 annos
1171 973 1359 1011 prospere
1390 966 1574 1011 peractos
1603 958 1786 1009 Collegio
1816 966 1946 998 vestro
1974 960 2202 1010 gratuletur,
2232 960 2304 999 sed

270 1021 391 1062 etiam
410 1022 452 1063 in
471 1030 677 1074 posterum
698 1022 959 1064 Universitati
977 1030 1133 1063 vestrae
1151 1036 1222 1075 per
1242 1025 1401 1063 saecula
1419 1022 1591 1074 plurima
1610 1023 1672 1075 (ut
1692 1022 1916 1075 speramus)
1936 1023 2147 1062 duraturae
2168 1021 2304 1062 omnia

270 1083 400 1124 fausta
418 1084 611 1136 exoptet².
669 1085 824 1125 Valete.

377 1163 535 1203 Datum
560 1164 838 1214 Cantabrigiae

490 1219 630 1258 mensis
649 1219 766 1258 lunii
780 1218 841 1257 die
858 1223 999 1269 quarto

595 1273 648 1312 A.
671 1274 714 1314 S.
735 1284 992 1314 MDcccxcv1.

1050 1435 1270 1477 BARON!
1323 1436 1536 1477 KELVlN

923 1510 1070 1561 Regiae
1099 1511 1299 1550 Soa'etatis
1327 1517 1452 1561 nuper
1478 1511 1667 1550 Praest'di

414 1583 693 1635 Philosophiae
720 1585 939 1624 Naturalis
967 1586 1071 1624 inter
1101 1585 1355 1635 Glasguenses
1372 1592 1452 1637 per
1478 1598 1602 1624 annos
1628 1586 1915 1637 quinquaginta
1944 1584 2167 1636 Profissori

867 1659 908 1699 S.
929 1660 978 1699 P.
1000 1661 1058 1699 D.
1098 1659 1343 1700 Universitas
1377 1660 1722 1711 Cantabrzggzknszk.

384 1757 499 1811 (552)
522 1759 628 1798 DUM
658 1764 718 1798 tot
743 1765 960 1811 tantaeque
990 1759 1283 1800 Universitates
1312 1760 1561 1812 praeceptori
1590 1767 1673 1800 tam
1702 1760 1843 1801 illustri
1868 1774 1997 1800 annos
2020 1760 2312 1812 quinquaginta

278 1821 518 1862 Professoris
537 1821 580 1861 in
600 1835 766 1861 munere
787 1822 953 1863 feliciter
976 1831 1136 1863 exactos
1161 1823 1342 1863 certatim
1368 1825 1625 1875 gratulantur,
1648 1824 1909 1865 Universitati
1935 1831 2094 1864 nostrae
2117 1823 2312 1876 imprimis

277 1892 596 1926 consentaneum
616 1893 677 1925 est
696 1885 750 1925 ob
770 1899 854 1926 rem
875 1893 957 1926 tarn
977 1888 1124 1927 laetam
1145 1894 1309 1939 tamque
1333 1887 1597 1927 honorificam
1622 1901 1740 1927 suum
1767 1888 1958 1940 gaudium
1984 1886 2176 1936 confiteri,
2199 1900 2312 1927 suam

278 1947 506 1999 superbiam
526 1946 740 1988 testificari.
801 1948 963 1988 Etenim
984 1956 1119 1988 nostra
1138 1949 1241 1989 inter
1260 1962 1426 1989 nemora
1447 1949 1573 2002 (iuvat
1593 1949 1809 2003 recordari)
1830 1949 2164 2002 quinquagesimo
2184 1949 2314 2001 primo

277 2010 428 2051 abhinc
464 2024 574 2051 anno
611 2010 835 2051 studiorum
870 2012 1246 2053 mathematicorum
1282 2026 1305 2053 e
1342 2015 1561 2053 certamine
1598 2013 1729 2065 primo
1766 2015 1942 2054 lauream
1981 2026 2106 2064 prope
2144 2013 2312 2065 primam

278 2072 499 2126 reportasti,
521 2073 745 2113 studiorum
765 2075 989 2114 eorundem
1003 2074 1046 2114 in
1062 2075 1280 2116 certamine
1294 2077 1419 2116 altero
1434 2075 1560 2116 victor
1575 2075 1834 2116 renuntiatus.
1897 2075 2055 2116 Nostris
2071 2075 2314 2115 umbraculis

279 2150 472 2190 egressus,
493 2144 533 2177 et
555 2136 655 2178 alios
681 2150 730 2178 ex
751 2137 838 2178 aliis
864 2139 1039 2179 honores
1066 2138 1165 2179 serie
1189 2147 1382 2191 perpetua
1401 2148 1563 2192 propter
1582 2139 1752 2191 insignia
1772 2139 1912 2179 merita
1930 2140 2112 2191 adeptus,
2135 2138 2316 2190 physico-

279 2214 369 2242 rum
388 2200 620 2254 praesertim
640 2201 865 2242 studiorum
885 2202 1132 2254 provinciam
1153 2210 1193 2243 et
1212 2202 1385 2243 inventis
1408 2202 1486 2243 tuis
1510 2210 1550 2243 et
1569 2205 1755 2255 exemplo
1779 2210 1849 2243 tuo
1873 2203 2073 2255 praeclare
2099 2202 2313 2242 illustrasti.

280 2265 347 2304 Tu
371 2271 480 2305 trans
505 2263 630 2304 maria
655 2277 802 2316 magna
830 2265 1110 2317 navigantibus
1137 2266 1391 2306 securitatem
1418 2280 1566 2306 novam
1593 2266 1751 2315 dedisti,
1774 2266 2093 2319 septentrionum
2113 2266 2317 2318 regionem

281 2326 506 2366 accuratius
531 2325 729 2375 indicasti,
752 2328 855 2367 vada
879 2329 1104 2379 periculosa
1131 2328 1252 2368 etiam
1276 2328 1318 2368 in
1342 2328 1431 2380 ipso
1455 2336 1683 2369 transcursu
1709 2329 1839 2369 metiri
1860 2328 2053 2369 docuisti³
2066 2341 2077 2376 3
2106 2335 2150 2367 tu
2175 2327 2318 2368 oceani

283 2387 460 2440 denique
478 2387 671 2428 Atlantici
690 2387 784 2428 litus
804 2396 1019 2441 utrumque
1038 2389 1200 2430 vinculo
1220 2404 1328 2430 novo
1347 2390 1619 2430 coniunxisti⁴.
1681 2392 1799 2431 Haec
1819 2398 1859 2431 et
1877 2391 1956 2430 alia
1977 2390 2140 2430 inventa
2163 2390 2318 2442 egregia

283 2452 384 2492 dum
416 2452 746 2504 contemplamur,
780 2466 863 2492 non
893 2453 979 2493 sine
1005 2453 1191 2505 superbia
1219 2455 1476 2494 recordamur
1503 2455 1593 2506 plus
1623 2467 1744 2505 quam
1774 2453 2064 2506 quinquaginta
2092 2467 2162 2505 per
2189 2467 2318 2494 annos

284 2515 416 2568 ipsum
450 2514 700 2556 inventorem
729 2516 850 2556 etiam
880 2524 1017 2557 nostra
1044 2530 1138 2557 cum
1168 2517 1440 2558 Universitate
1468 2517 1630 2557 vinculo
1659 2517 1858 2557 artissimo
1887 2516 2008 2556 fuisse
2041 2516 2315 2556 coniunctum.

284 2579 466 2619 Alumno
503 2577 620 2630 igitur
657 2585 796 2618 nostro
833 2578 989 2631 insigni,
1026 2593 1108 2620 non
1143 2581 1268 2620 modo
1306 2593 1435 2620 annos
1473 2579 1764 2632 quinquaginta
1797 2579 2037 2619 Professoris
2074 2579 2116 2618 in
2154 2593 2320 2620 munere

284 2655 475 2695 prospere
511 2649 705 2694 peractos,
739 2643 811 2683 sed
845 2642 966 2683 etiam
999 2642 1103 2684 vitae
1136 2657 1289 2683 annum
1322 2642 1661 2696 septuagesimum
1700 2642 1874 2694 primum
1914 2642 2079 2682 feliciter
2116 2644 2318 2694 expletum

284 2705 457 2746 libenter
475 2706 670 2758 gratulati,
691 2706 812 2746 etiam
827 2706 869 2747 in
888 2714 1094 2759 posterum
1110 2706 1302 2759 plurimos
1317 2720 1388 2759 per
1407 2720 1536 2747 annos
1552 2705 1689 2747 omnia
1707 2707 1836 2746 fausta
1850 2719 1899 2746 ex
1917 2705 2054 2746 animo
2069 2713 2316 2758 exoptamus.

286 2769 399 2809 Vale.

395 2849 554 2887 Datum
578 2848 858 2899 Cantabrigiae

509 2904 648 2942 mensis
666 2904 784 2943 Iunii
797 2904 858 2942 die
877 2902 934 2943 xi0

615 2958 668 2997 A.
691 2958 731 2998 S.
754 2969 1010 2998 Mucccxcvr.

377 3063 391 3086 ²
415 3065 592 3099 Princeton
610 3066 815 3111 University.
947 3067 962 3088 ¹
984 3066 1240 3111 The'Delegate
1256 3079 1325 3101 was
1342 3068 1513 3101 Professor
1526 3069 1558 3111 J.
1575 3068 1608 3112 J.
1629 3067 1813 3101 Thomson.
1940 3064 1955 3086 ⁸
1978 3065 2028 3099 As
2043 3065 2198 3099 inventor
2212 3065 2250 3098 of
2262 3066 2320 3099 the

288 3119 365 3143 new
379 3109 552 3142 mariner’s
567 3121 732 3153 compass‚
749 3111 816 3144 and
832 3111 890 3144 the
904 3112 1132 3155 navigational
1147 3112 1315 3156 sounding
1329 3112 1495 3146 machine.
1715 3111 1730 3132 ⁴
1753 3112 1804 3144 As
1820 3110 2012 3144 electrician
2026 3110 2078 3143 sor
2094 3110 2152 3143 the
2167 3110 2321 3143 Atlantic

289 3153 404 3188 cabloe
418 3153 459 3186 of
472 3154 611 3196 1857—8,
634 3153 772 3196 1865—6,
791 3160 856 3189 etc.

397 3236 429 3266 s.
457 3236 489 3266 S.
1261 3241 1338 3279 249
2159 3239 2208 3276 32
