2704 3770
733 384 735 386 Ι
785 319 993 369 Charles
1026 323 1210 388 Hemy
1253 324 1303 371 T
1296 342 1464 374 urner.
1538 325 1794 374 Annibale
1828 327 2058 375 Ferrero.

421 462 541 503 etiam
579 462 687 512 vites,
727 471 867 505 natura
903 467 1089 516 caducae,
1129 468 1329 509 claviculis
1367 469 1448 509 suis
1489 469 1731 510 adminicula
1768 472 1966 522 quaedam
2003 478 2208 523 tamquam
2246 470 2431 511 manibus

421 528 747 578 complectantur,
768 536 808 569 et
828 530 940 581 quasi
958 530 1181 572 animantes
1200 545 1224 571 a
1243 538 1344 572 terra
1362 546 1448 572 sese
1463 532 1579 572 altius
1594 532 1773 585 erigant².
1833 534 1967 583 Quam
1981 532 2156 574 dilucide
2170 534 2427 582 demonstrat,

421 588 613 640 quicquid
632 596 733 629 terra
751 590 884 642 gignit,
907 594 1128 633 secundum
1148 607 1195 634 ea
1214 607 1384 646 quorum
1403 594 1443 634 in
1464 593 1598 635 medio
1617 594 1720 643 vivit,
1742 596 1849 635 velut
1867 595 1975 647 ipsos
1993 595 2226 643 animantes,
2248 603 2430 636 naturam

422 665 535 691 suam
567 651 715 692 sensim
752 652 900 694 variare
936 668 984 694 ac
1022 659 1197 696 mutare!
1253 657 1371 697 Idem
1409 670 1540 708 neque
1576 670 1647 708 per
1683 657 1957 697 membranam
1994 657 2267 698 tenuissimam
2303 671 2431 710 aquae

421 714 644 754 sorbendae
663 714 867 764 rationem,
890 729 992 767 quae
1011 719 1165 758 osmosis
1184 718 1337 767 dicitur,
1360 732 1491 770 neque
1510 719 1741 759 cellularum
1761 726 1926 768 motum,
1948 719 2018 771 qui
2035 720 2264 760 chemotaxis
2281 733 2432 760 nuncu-

421 782 547 828 patur,
568 775 857 828 inexploratum
876 778 1044 830 reliquit.>
1103 779 1234 819 Etiam
1254 780 1484 820 animalium
1500 780 1854 820 minutissimorum
1873 794 1976 832 quae
1994 783 2158 821 bacteria
2177 780 2432 822 nominantur

422 844 554 878 motus
584 838 710 878 varios
744 852 864 890 quam
894 840 1088 881 subtiliter
1116 843 1355 890 moderatur,
1385 849 1423 882 et
1456 842 1498 882 in
1530 842 1660 894 ipsum
1693 842 1854 882 exitium
1888 856 2009 902 quam
2041 843 2231 884 insidiose
2259 843 2431 895 pellicit!

423 900 562 951 Nuper
590 913 614 940 a
651 900 848 941 Societate
883 902 1008 954 Regia
1041 903 1302 944 Londiniensi
1340 904 1380 943 in
1415 903 1660 944 Britanniam
1699 912 1872 953 vocatus,
1906 905 2139 957 propediem
2173 904 2265 957 (nisi
2301 904 2430 957 fallor)

421 963 616 1010 ostendet,
651 961 691 1001 in
729 962 786 1002 eis
819 963 936 1003 rebus
971 977 1068 1015 quas
1101 972 1202 1005 terra
1238 965 1372 1017 gignit,
1405 965 1568 1018 quinam
1607 966 1656 1006 sit
1692 966 1777 1018 ipse
1810 974 1942 1006 motus
1975 968 2064 1006 fons
2097 973 2137 1006 et
2173 965 2310 1018 origo;
2348 979 2430 1018 quo

420 1022 671 1075 potissimum
700 1026 823 1065 modo
852 1039 970 1066 sucus
999 1026 1083 1077 ipse
1107 1040 1228 1078 quem
1255 1041 1277 1068 e
1304 1034 1403 1067 terra
1426 1029 1597 1077 trahunt,
1620 1027 1778 1079 spiritus
1800 1028 1885 1080 ipse
1911 1041 2031 1080 quem
2055 1042 2077 1068 e
2100 1029 2212 1068 caelo
2231 1028 2428 1077 hauriunt,

422 1084 535 1137 quasi
554 1085 634 1125 vim
654 1088 856 1137 quandam
876 1087 1005 1128 mittat
1025 1088 1199 1137 liberam,
1222 1090 1330 1129 unde
1350 1097 1532 1130 motuum
1551 1090 1653 1130 inter
1671 1103 1714 1131 se
1733 1090 1977 1130 diversorum
1996 1090 2161 1131 varietas
2183 1097 2265 1130 tam
2288 1103 2432 1142 magna

422 1147 646 1188 exoriatur2.
705 1149 814 1199 Quid
837 1157 897 1189 est
922 1150 963 1189 in
987 1150 1047 1191 his
1073 1151 1271 1201 omnibus,
1295 1151 1537 1202 Academici,
1560 1151 1620 1204 (ut
1644 1152 1848 1194 Ciceronis
1881 1162 1967 1194 utar
1991 1153 2138 1206 verbis)
2161 1152 2279 1205 ‘quid
2298 1160 2369 1203 est,
2390 1151 2431 1192 in

422 1223 504 1261 quo
523 1224 605 1250 non
625 1217 787 1251 naturae
807 1211 906 1251 ratio
926 1212 1188 1265 intellegentis
1208 1221 1395 1265 appareat
1407 1214 1464 1254 ’³?

530 1274 744 1312 Praesento
764 1273 877 1313 vobis
897 1274 1085 1316 scientiae
1104 1275 1314 1315 botanicae
1332 1283 1631 1328 praeceptorem
1650 1275 1852 1326 illustrem,
1875 1278 2143 1318 Professorem
2169 1276 2429 1329 Lipsiensem,

424 1334 698 1374 WILLELMUM
718 1335 943 1374 PFEFFER⁴.

1247 1460 1277 1504 9
1302 1444 1444 1510 June
1483 1446 1607 1505 1898

530 1557 644 1612 (282)
690 1561 919 1600 ALUMNUM
958 1569 1148 1611 nostrum,
1189 1563 1358 1615 Collegii
1395 1563 1555 1604 maximi
1593 1565 1799 1616 quondam
1840 1566 2072 1613 scholarem,
2111 1564 2259 1605 abhinc
2303 1578 2431 1606 annos

420 1628 606 1672 quattuor
651 1630 691 1663 et
737 1622 894 1675 triginta
941 1625 1081 1665 studiis
1127 1625 1417 1666 mathematicis
1463 1626 1670 1679 insignem,
1710 1627 1832 1668 hodie
1868 1628 1985 1668 nobis
2023 1628 2223 1669 redditum
2263 1628 2432 1669 libenter

421 1684 648 1724 salutamus.
707 1685 815 1725 Olim
840 1686 881 1726 in
905 1687 1108 1727 laboribus
1128 1688 1247 1728 sacris
1266 1702 1290 1727 a
1308 1697 1564 1740 praeceptore
1583 1689 1918 1730 desideratissimo
1937 1689 2112 1730 initiatus
2120 1692 2144 1739 ⁵,
2165 1698 2304 1742 postea
2323 1690 2431 1731 urbis

421 1758 589 1797 magnae
608 1745 649 1785 in
673 1747 788 1787 turba
810 1748 1002 1799 plurimos
1024 1763 1094 1800 per
1118 1763 1246 1790 annos
1273 1750 1367 1790 fidei
1386 1758 1426 1790 et
1446 1751 1662 1802 sapientiae
1681 1752 1969 1792 documentum
1993 1752 2132 1801 dedit⁶,
2155 1760 2194 1793 et
2217 1754 2432 1793 multorum

420 1820 607 1856 amorem,
630 1810 845 1849 multorum
865 1810 1184 1851 benevolentiam
1205 1811 1280 1851 sibi
1299 1812 1534 1853 conciliavit.
1583 1812 1722 1853 Trium
1741 1813 1930 1865 deinceps
1946 1813 2224 1866 episcoporum
2243 1813 2434 1855 Londini-

420 1869 597 1910 ensium⁷
618 1870 720 1911 inter
742 1872 943 1912 adiutores
963 1882 1204 1922 numeratus,
1227 1888 1353 1926 nuper
1371 1875 1598 1926 provinciae
1617 1889 1744 1915 novae
1767 1876 1876 1916 urbis
1900 1877 2004 1917 illius
2029 1877 2071 1917 in
2094 1877 2254 1929 regione
2277 1884 2432 1929 septen-

420 1931 577 1972 trionali
602 1932 755 1984 positae
781 1933 991 1985 episcopus
1016 1934 1173 1975 adiutor
1195 1935 1297 1975 inter
1319 1936 1500 1976 omnium
1523 1937 1852 1988 approbationem
1875 1938 2103 1990 designatus
2122 1946 2191 1979 est.
2251 1941 2368 1991 Ergo,
2389 1939 2430 1979 in

420 1995 597 2035 ecclesiis
619 2009 702 2035 non
731 1998 854 2037 modo
878 1999 1024 2038 Sancto
1054 1998 1245 2038 Salvatori
1273 2000 1344 2039 sed
1372 1999 1492 2039 etiam
1521 2001 1668 2040 Sancto
1694 2000 1867 2051 Georgio
1895 2001 2079 2041 draconis
2107 2001 2212 2041 hosti
2239 2001 2430 2041 acerrimo

421 2055 614 2096 dedicatis
633 2071 704 2108 per
721 2072 849 2098 annos
870 2058 1005 2110 viginti
1024 2066 1210 2106 versatuS,
1232 2060 1476 2110 provinciam
1497 2075 1641 2101 novam
1660 2062 1893 2113 propediem
1912 2062 2155 2114 ingressurus
2174 2062 2429 2103 ecclesiarum

420 2117 573 2158 illarum
600 2133 648 2159 ex
673 2121 836 2161 nomine
862 2136 981 2162 omen
1008 2123 1180 2162 faustum
1205 2123 1382 2174 accipiet,
1415 2123 1491 2164 Dei
1516 2124 1556 2163 in
1583 2124 1764 2164 hostibus
1790 2124 2037 2164 debellandis
2060 2126 2179 2165 verba
2203 2125 2270 2165 illa
2297 2125 2430 2165 divina

421 2182 649 2221 recordatus
663 2184 741 2222 :—‘
753 2183 1004 2223 conculcabit
1023 2185 1181 2224 leonem
1201 2191 1240 2224 et
1260 2185 1475 2225 draconem
1488 2200 1499 2235 3
1520 2215 1529 2225 .
1552 2216 1560 2225 .
1582 2187 1791 2226 ostendam
1811 2186 1867 2226 illi
1886 2188 2053 2227 salutem
2073 2201 2203 2228 meam
2215 2187 2254 2227 '⁸.

534 2244 650 2284 Duco
669 2246 721 2285 ad
741 2258 811 2285 vos
833 2247 1047 2287 CAROLUM
1068 2248 1310 2287 HENRICUM
1335 2249 1532 2296 TURNER‚
1554 2248 1786 2300 episcopum
1811 2249 2145 2302 Islingtonensem
2167 2250 2428 2302 designatum.

1230 2472 1285 2520 15
1318 2457 1459 2523 June
1501 2459 1625 2518 1898

529 2570 642 2625 (283)
659 2573 773 2613 OLIM
788 2572 830 2612 in
845 2574 923 2613 hoc
938 2573 1024 2625 ipso
1039 2575 1130 2614 loco
1146 2575 1284 2615 Italiae
1299 2577 1472 2627 legatum
1486 2575 1579 2615 belli
1594 2582 1634 2616 et
1645 2575 1754 2627 pacis
1769 2575 1917 2616 artibus
1933 2575 2123 2616 illustrem
2136 2576 2431 2627 salutavimus⁹3

423 2634 544 2675 hodie
563 2635 742 2676 eiusdem
761 2636 984 2677 adiutorem
1003 2645 1123 2689 atque
1142 2639 1245 2678 adeo
1259 2651 1530 2679 successorem
1550 2637 1745 2690 insignem
1765 2651 1847 2678 non
1867 2637 1998 2678 minus
2017 2638 2186 2678 libenter
2200 2640 2427 2679 salutamus.

424 2698 473 2736 In
503 2697 723 2737 Academia
752 2698 989 2738 Taurinensi
1022 2699 1186 2739 scientia
1215 2700 1495 2740 mathematica
1524 2701 1715 2749 excultus,
1745 2707 1785 2740 et
1815 2700 1870 2740 rei
1898 2699 2074 2740 militaris
2102 2707 2142 2740 et
2168 2701 2430 2752 geographiae

422 2758 562 2798 studiis
585 2758 756 2807 deditus,
779 2759 917 2800 Italiae
944 2760 1016 2800 toti
1041 2768 1224 2801 accurate
1250 2761 1518 2802 dimetiendae
1544 2769 1584 2801 et
1610 2761 1897 2801 describendae
1921 2775 2077 2801 summa
2102 2775 2194 2801 cum
2223 2763 2341 2802 laude
2369 2769 2429 2802 est

422 2820 678 2871 praepositus.
738 2821 848 2860 Huic
877 2821 1068 2873 imprimis
1106 2822 1299 2862 debemus
1338 2823 1543 2874 regionum
1578 2822 1717 2862 Italiae
1747 2822 1901 2862 tabulas
1934 2821 2122 2874 depictas,
2157 2823 2299 2874 partim
2331 2823 2431 2864 lucis

507 2916 519 2936 ¹
544 2917 672 2957 Cicero,
691 2918 744 2950 De
759 2918 898 2950 Natura
913 2920 1072 2956 Deorum,
1091 2919 1113 2952 ii
1133 2930 1205 2959 120,
1224 2920 1278 2952 De
1293 2921 1468 2957 Senectute,
1486 2928 1537 2961 52.
1643 2918 1657 2939 ²
1679 2920 1753 2952 The
1769 2920 1938 2954 Croonian
1954 2921 2094 2953 Lecture
2112 2919 2165 2962 (17
2184 2921 2328 2961 March),
2351 2922 2361 2938 ‘
2373 2921 2430 2954 On

421 2960 478 2992 the
491 2961 619 2992 Nature
635 2961 701 2993 and
718 2961 937 3003 Significance
952 2963 991 2994 of
1003 2963 1200 2995 Functional
1217 2963 1431 2996 Metabolism
1447 2963 1481 2995 in
1498 2963 1554 2996 the
1572 2963 1669 2995 Plant
1683 2962 1702 2994 ’.
1877 2963 1891 2983 ⁸
1911 2964 1966 2995 De
1980 2964 2117 2996 Natura
2132 2965 2292 3004 Deorum,
2311 2964 2334 2997 ii
2354 2975 2424 2997 120.

421 3004 436 3022 ⁴
458 3004 591 3036 Author
605 3005 643 3036 of
661 3005 857 3046 Physiology
871 3005 912 3047 ⁰f
924 3006 1055 3046 Plants,
1074 3006 1167 3039 three
1185 3007 1282 3045 vols.‚
1303 3007 1403 3046 E.T.‚
1423 3007 1563 3045 Oxsord,
1587 3007 1811 3056 1900—1906,
1829 3007 1896 3038 and
1915 3006 2034 3039 earlier
2054 3007 2166 3040 works
2183 3007 2276 3040 there
2291 3008 2426 3050 quoted.

421 3044 435 3065 ⁶
458 3046 595 3079 Charles
609 3047 699 3089 John
717 3048 892 3090 Vaughan,
908 3049 954 3080 ob.
975 3050 1069 3091 1897.
1246 3049 1260 3070 ⁶
1282 3050 1382 3082 Vicar
1397 3051 1435 3082 os
1447 3050 1486 3083 St
1502 3049 1681 3088 Saviour’s,
1701 3050 1833 3091 Fxtzroy
1849 3050 1987 3092 Square,
2008 3052 2175 3091 1877—82;
2201 3051 2324 3083 Rector
2338 3051 2377 3083 of
2390 3051 2429 3084 St

423 3090 582 3132 George's
598 3090 631 3122 in
647 3091 703 3122 the
720 3092 812 3128 East,
830 3093 986 3135 1882-97.
1140 3090 1154 3112 ⁷
1177 3093 1229 3135 Bp
1243 3093 1403 3135 Jackson,
1417 3094 1468 3135 Bp
1485 3093 1637 3135 Temple,
1652 3093 1702 3135 Bp
1719 3092 1912 3135 Creighton.
2069 3093 2083 3114 ⁸
2105 3095 2220 3126 Psalm
2232 3094 2284 3126 xci
2304 3103 2353 3135 13,
2376 3093 2424 3126 16.

422 3131 436 3152 ⁹
460 3133 604 3165 General
622 3134 804 3166 Menabrea
820 3135 888 3174 (no.
906 3134 946 3176 63
962 3134 1092 3176 supra).

1392 3211 1466 3259 136
