2704 3770
392 362 630 437 Congress
663 372 729 437 of
756 372 1084 422 Orientalists
1119 371 1186 440 (S
1185 372 1461 438 tocklzolm).
1546 374 1837 439 Um'versity
1870 376 1936 440 of
1958 376 2170 440 Leyden.

259 534 309 562 ex
327 520 404 562 illis
427 523 573 575 scripta
596 522 743 572 omnia,
765 536 869 576 quae
892 524 945 564 ad
968 522 1177 563 scientiam
1201 521 1412 574 pertinent,
1435 521 1711 562 munificentia
1734 535 1892 561 summa
1916 522 2032 562 nobis
2059 522 2288 564 donavisti1.

259 583 367 636 Ergo
403 583 621 625 litterarum
660 593 922 626 monumenta
959 592 1040 626 tam
1074 584 1255 637 insignia,
1291 598 1395 636 quae
1433 584 1475 624 in
1513 583 1696 624 omnium
1731 585 1982 623 saeculorum
2016 585 2287 636 posteritatem

257 647 465 689 custodiae
484 656 644 689 nostrae
662 656 743 689 tam
764 649 977 690 liberaliter
999 647 1214 698 credidisti,
1236 648 1427 689 scientiae
1454 647 1726 688 studiosorum
1747 646 1930 687 omniurn
1954 648 2006 687 ad
2030 661 2286 687 communem

257 709 430 750 fructum
459 724 617 751 summa
645 711 861 764 diligentia,
893 725 1051 752 summa
1080 712 1171 760 fide,
1203 711 1480 752 conservanda
1508 709 1738 750 curabimus
1752 723 1762 757 ;
1792 710 1973 760 dumque
2003 709 2189 749 Newtoni
2218 709 2285 757 tui,

259 772 446 812 Newtoni
465 772 600 822 nostri,
621 773 746 826 gloria
764 773 868 814 inter
886 781 1046 814 nosmet
1064 773 1173 825 ipsos
1194 773 1347 821 colitur,
1369 786 1591 825 numquam
1613 771 1912 812 munificentiae
1931 778 2077 819 tantae,
2094 778 2134 810 et
2153 770 2193 810 in
2214 784 2289 810 nos

256 840 298 874 et
316 833 358 874 in
377 835 510 876 studia
528 834 595 875 illa
613 849 638 876 a
657 843 697 875 te
716 837 900 885 collatae,
918 835 1113 876 memoria
1131 835 1320 876 interibit.
1378 836 1490 875 Vale.

365 916 577 956 Dabamus
594 930 614 956 e
632 918 821 956 Senaculo

463 971 599 1022 pridie
617 972 717 1011 Idus
735 971 879 1010 Iunias

579 1025 633 1064 A.
657 1026 698 1065 S.
722 1037 1075 1065 MDCCCLxxxvm.

773 1161 1053 1200 Universitatis
1086 1161 1423 1212 Cantabrzgrienszs
1450 1161 1789 1201 Procancellan·us

513 1232 864 1272 Orientalistarum
893 1238 1095 1272 conventus
1121 1234 1250 1273 octavi
1279 1233 1540 1272 Curatoribus
1567 1233 1822 1283 amplissimis
1850 1233 1892 1271 S.
1910 1233 1959 1271 P.
1982 1232 2039 1270 D.

363 1315 479 1368 (540)
509 1317 644 1356 HAUD
667 1316 722 1356 ita
744 1315 900 1368 pridem
923 1330 946 1356 a
966 1315 1080 1356 vobis
1100 1315 1274 1368 benigne
1293 1315 1458 1364 invitati,
1481 1323 1525 1355 ut
1544 1323 1720 1355 vestrum
1739 1316 1792 1355 ad
1813 1322 2058 1355 conventum
2084 1313 2286 1355 Universi-

252 1377 344 1419 tatis
367 1386 528 1420 nostrae
552 1380 733 1419 sodalem
759 1381 932 1434 legatum
962 1379 1222 1426 mitteremus,
1244 1378 1370 1418 virum
1397 1378 1565 1430 Syriacis
1590 1378 1821 1430 praesertim
1846 1377 1887 1417 in
1911 1376 2050 1417 litteris
2070 1376 2284 1424 eruditum,

253 1443 499 1482 Romnum
538 1444 742 1483 LUBBocK
776 1445 958 1491 BENSLY,
991 1442 1150 1495 linguae
1183 1442 1380 1482 Arabicae
1412 1456 1434 1482 e
1467 1441 1761 1494 professoribus
1795 1441 1942 1481 nostris
1979 1442 2159 1490 alterum,
2191 1439 2285 1479 huic

253 1506 398 1546 honori
430 1506 600 1547 libenter
633 1506 864 1559 delegimus.
924 1506 1104 1558 Linguae
1134 1513 1268 1546 autem
1303 1505 1485 1546 eiusdem
1519 1507 1784 1557 professorem
1818 1505 1999 1551 alterum,
2034 1503 2147 1544 cuius
2181 1504 2286 1543 fama

252 1567 356 1608 inter
388 1568 613 1609 studiorum
646 1569 899 1610 orientalium
933 1571 1107 1609 cultores
1138 1570 1240 1608 ultra
1275 1570 1461 1620 Europae
1489 1567 1614 1619 ipsius
1648 1566 1840 1607 terminos
1873 1566 2030 1614 exierat,
2059 1579 2197 1617 nuper,
2228 1565 2286 1605 uti

253 1630 391 1680 nostis,
412 1645 496 1672 non
516 1631 602 1672 sine
622 1631 794 1672 virorum
816 1633 1028 1673 doctorum
1049 1631 1232 1672 omnium
1252 1632 1403 1680 dolore,
1426 1638 1554 1671 morte
1573 1630 1787 1670 immatura
1809 1630 2019 1681 abreptum
2044 1628 2251 1668 amisimus
2260 1627 2284 1665 ⁹.

252 1691 338 1732 Viri
358 1693 459 1733 tanti
478 1695 684 1746 collegam,
706 1708 829 1746 quem
850 1694 967 1735 nobis
987 1707 1194 1746 superesse
1214 1696 1418 1741 laetamur,
1441 1706 1512 1733 vos
1532 1699 1639 1732 certe
1659 1692 1739 1744 qui,
1762 1691 1986 1732 studiorum
2007 1690 2283 1731 communium

252 1756 444 1798 societate
463 1756 677 1797 nobiscum
697 1757 914 1806 coniuncti,
937 1771 1020 1798 non
1042 1757 1175 1797 minus
1193 1757 1328 1809 gaudii
1350 1771 1472 1809 quam
1488 1756 1637 1797 doloris
1654 1756 1779 1796 nostri
1794 1756 1888 1796 estis
1906 1755 2129 1808 participes,
2143 1768 2190 1795 ea
2206 1768 2286 1806 qua

253 1832 325 1872 par
342 1827 404 1860 est
422 1819 703 1860 benevolentia
723 1819 809 1860 sine
828 1820 955 1860 dubio
975 1819 1191 1872 excipietis.
1250 1819 1379 1859 Vobis
1398 1818 1628 1871 praesertim
1652 1818 1746 1858 satis
1766 1826 1908 1858 notum
1931 1826 1991 1858 est
2014 1816 2281 1869 proverbium,

254 1882 365 1934 quod
384 1882 482 1922 dicit
501 1895 549 1922 ex
567 1882 721 1922 oriente
740 1896 827 1922 esse
847 1884 989 1923 lucem.
1042 1882 1209 1922 Utinam
1231 1889 1386 1922 vosmet
1405 1881 1492 1933 ipsi,
1507 1881 1767 1921 orientalibus
1787 1881 1839 1921 de
1858 1880 1996 1920 litteris
2017 1878 2284 1927 deliberaturi,

253 1943 416 1985 orientis
449 1944 594 1985 remoti
626 1946 735 1984 velut
765 1958 788 1984 e
821 1946 934 1984 eaelo
968 1944 1167 1985 matutino
1197 1946 1384 1996 Europae
1410 1943 1652 1984 occidentali
1680 1956 1830 1983 novum
1865 1944 2002 1983 lumen
2033 1941 2215 1989 afferatis,
2247 1948 2287 1981 et

251 2007 542 2049 Scandinaviae
579 2021 628 2048 ex
665 2009 764 2048 urbe
796 2008 1064 2057 celeberrima,
1101 2022 1124 2048 e
1157 2008 1319 2060 regione
1353 2007 1693 2059 septentrionibus
1727 2007 1918 2056 subiecta,
1954 2006 2062 2046 orbis
2094 2013 2286 2045 terrarum

250 2069 439 2123 gentibus
457 2070 658 2123 praeclare
677 2069 910 2119 ostendatis,
932 2071 1036 2110 sicut
1055 2070 1097 2110 in
1117 2070 1203 2122 ipsa
1223 2084 1354 2111 rerum
1375 2078 1527 2118 natura,
1550 2083 1632 2109 non
1654 2069 1767 2109 aliter
1787 2069 2040 2109 orientalium
2061 2068 2285 2120 linguarum

250 2131 294 2173 in
313 2131 467 2181 studiis,
489 2132 648 2173 Boreali
667 2133 743 2172 sub
762 2133 859 2184 polo
879 2145 1026 2172 novam
1047 2134 1245 2173 Auroram
1266 2146 1386 2184 posse
1406 2132 1517 2173 nasci
1536 2135 1544 2172 1
1601 2133 1755 2171 Valete.

361 2215 517 2254 Datum
543 2214 821 2264 Cantabrzgrme

468 2269 605 2308 Idibus
624 2269 758 2307 Juniis

576 2324 627 2363 A.
651 2324 691 2363 S.
715 2322 1055 2362 MDcccixxxIx'.

394 2470 628 2510 Academiae
654 2470 1051 2521 Lugduno-Batavae
1081 2471 1341 2510 Curatoribus
1369 2470 1658 2520 professoribus
1685 2469 1920 2508 Doctoribus
1948 2469 2136 2509 Salutem.

359 2552 474 2606 (541)
495 2553 683 2603 QUANTO
701 2552 826 2593 animi
846 2553 985 2593 dolore
1005 2552 1200 2593 commoti
1224 2552 1451 2605 nuperrime
1474 2551 1712 2601 audivimus,
1735 2551 1869 2592 obisse
1893 2559 2064 2591 mortem
2092 2566 2282 2604 magnum

251 2615 365 2657 illum
389 2615 530 2665 virum,
551 2615 621 2668 qui
645 2629 728 2656 non
755 2617 880 2656 modo
906 2616 1152 2656 Academiae
1178 2623 1331 2656 vestrae
1360 2615 1647 2655 illustrissimae
1673 2615 1776 2655 inter
1799 2616 1946 2655 decora
1968 2615 2183 2667 praecipua
2212 2617 2284 2656 sed

251 2679 373 2721 etiam
391 2692 462 2732 per
481 2686 611 2719 totum
631 2679 772 2719 orbem
793 2686 984 2719 terrarum
1004 2693 1028 2719 a
1047 2679 1283 2719 doctissimo
1307 2692 1470 2731 quoque
1493 2679 1713 2720 litterarum
1739 2681 1981 2720 Graecarum
2006 2679 2108 2719 inter
2133 2680 2285 2720 lumina

251 2741 422 2795 insignia
450 2741 592 2782 merito
615 2742 922 2782 numerabatur!
981 2744 1068 2782 Nos
1091 2750 1227 2782 autem
1251 2744 1428 2794 collegae
1456 2742 1575 2782 vestri
1603 2742 1806 2782 interitum
1835 2755 1885 2782 eo
1911 2742 2061 2783 maiore
2085 2743 2285 2783 desiderio

251 2804 542 2857 prosequimur,
562 2804 675 2856 quod
694 2803 905 2844 vobiscum
925 2803 969 2847 in
986 2804 1266 2844 communium
1286 2803 1510 2845 studiorum
1532 2804 1723 2845 societate
1746 2804 1911 2845 nomine
1935 2818 2017 2844 non
2038 2819 2121 2845 uno
2146 2819 2285 2845 sumus

251 2867 468 2908 coniuncti.
527 2868 805 2908 Recordamur
823 2867 931 2908 enim
947 2867 1206 2920 epistularum
1222 2869 1558 2908 consuetudinem
1575 2882 1678 2920 quae
1694 2868 1879 2908 Bentleio
1895 2876 2044 2918 nostro,
2062 2882 2144 2909 non
2161 2871 2285 2910 modo

251 2945 347 2972 cum
366 2930 539 2972 Graevio
558 2930 638 2971 iam
659 2945 765 2980 sene,
788 2933 859 2972 sed
880 2931 1000 2972 etiam
1022 2945 1115 2971 cum
1137 2932 1448 2971 Hemsterhusio
1468 2931 1537 2972 illo
1557 2940 1688 2972 vestro
1707 2933 1842 2972 adhuc
1861 2932 2016 2980 iuvene,
2039 2932 2286 2982 intercessit;

251 2995 508 3035 recordamur
546 2994 782 3035 Ruhnkenii
818 2994 938 3035 vestri
976 3002 1015 3035 et
1056 2995 1225 3035 Porsoni
1263 2995 1387 3035 nostri
1426 2995 1575 3035 litteras
1617 2997 1699 3036 fato
1741 2995 1882 3047 iniquo
1925 2995 2042 3036 nobis
2085 2995 2285 3047 perditas;

339 3088 353 3111 ²
376 3090 431 3124 On
447 3090 505 3124 the
520 3091 709 3124 Collection
725 3091 764 3123 of
783 3091 956 3125 Scientific
973 3092 1087 3126 Books
1103 3093 1169 3125 and
1189 3093 1324 3135 Papers,
1343 3093 1475 3125 written
1492 3093 1538 3135 by
1553 3104 1591 3126 or
1605 3093 1789 3137 belonging
1805 3099 1839 3126 to
1857 3094 1910 3126 Sir
1927 3094 2023 3126 Isaac
2039 3094 2198 3131 Newton,
2218 3094 2284 3126 and

252 3134 430 3178 presented
445 3139 481 3167 to
496 3135 554 3167 the
571 3135 765 3178 University
780 3136 826 3177 by
843 3135 900 3168 the
916 3135 990 3168 fifth
1007 3136 1087 3169 Earl
1103 3137 1142 3169 of
1161 3137 1375 3169 Portsmouth
1396 3137 1440 3169 (d.
1467 3137 1575 3180 1891),
1594 3148 1649 3170 see
1673 3139 1840 3180 Repartm
1860 3148 1900 3181 ²9
1926 3139 2007 3180 May
2030 3138 2097 3169 and
2126 3148 2163 3180 19
2181 3138 2281 3180 June,

256 3179 350 3216 1888,
367 3189 423 3222 pp.
446 3177 520 3220 716,
538 3187 612 3222 907,
633 3179 700 3211 and
720 3180 906 3221 Catalogue‚
929 3181 1022 3212 1888.
1350 3179 1364 3200 ²
1388 3181 1540 3213 william
1559 3181 1704 3224 Wright‚
1725 3182 1895 3214 Professor
1911 3181 1950 3214 of
1962 3182 2099 3220 Arabic‚
2121 3183 2279 3225 1870-89.

250 3220 266 3243 ⁸
287 3222 434 3255 Written
449 3233 495 3255 on
511 3222 628 3255 behalf
639 3223 678 3255 of
689 3223 746 3256 the
762 3223 1074 3262 Vice-Chancellor,
1093 3225 1143 3256 Dr
1161 3225 1287 3264 Butler,
1309 3225 1437 3257 Master
1453 3225 1493 3258 os
1503 3225 1646 3268 Trinity.

361 3304 440 3335 s.s.
1234 3310 1307 3349 24¹
2122 3310 2169 3348 3¹
