2704 3770
907 303 1199 368 Unz'versz‘ty
1232 305 1298 369 of
1323 305 1368 355 C
1366 305 1655 357 hmlrtz‘am'a.

257 461 342 490 non
378 450 466 490 sine
497 448 647 502 gaudio
681 455 938 490 numeramus
950 464 963 500 3
1000 449 1177 502 denique
1209 463 1293 490 non
1326 451 1452 491 modo
1486 450 1656 503 Collegii
1688 452 1807 492 vestri
1840 454 1882 492 in
1917 453 2104 494 Praeside
2136 454 2286 504 illustri,

257 511 510 554 Cancellario
537 514 707 561 nostro¹‚
729 514 801 554 sed
825 513 945 553 etiam
969 512 1011 553 in
1035 513 1353 554 Procancellario
1377 521 1526 563 nostro,
1550 514 1830 554 Universitatis
1856 523 2009 556 vestrae
2034 517 2289 558 Victorianae

254 575 346 628 plus
383 588 507 628 quam
545 578 671 616 semel
710 576 1059 625 Pmcancellario',
1100 576 1297 616 habemus
1336 590 1482 629 magna
1518 577 1827 617 necessitudinis
1865 577 2034 618 vincula.
2093 581 2199 632 Ergo
2235 582 2289 621 ad

255 638 482 691 Collegium
511 646 699 686 vestrum,
731 639 1013 680 Universitatis
1038 639 1295 680 Victorianae
1327 654 1350 680 e
1380 640 1570 692 Collegiis
1599 640 1725 681 tribus
1754 649 1851 681 natu
1880 642 2109 691 maximum,
2138 645 2287 695 legatos

253 709 334 743 tres
370 703 542 744 libenter
579 703 787 753 mittimus,
822 703 997 756 primum
1036 703 1397 744 Procancellarium
1436 711 1617 744 nostrum
1651 703 1766 744 vobis
1797 704 1986 744 omnibus
2020 705 2286 753 notissimum,

253 765 404 808 deinde
433 780 560 807 unum
591 780 615 808 e
649 767 947 808 Professoribus
981 767 1138 816 nostris,
1170 781 1298 807 unum
1327 767 1448 808 etiam
1479 781 1502 808 e
1532 768 1702 808 Senatus
1732 767 1858 808 nostri
1887 767 2083 816 Concilio,
2115 782 2286 820 quorum

253 835 423 882 uterque
451 829 567 870 vobis
599 829 672 870 erit
706 843 756 870 eo
786 830 933 882 gratior
961 831 1084 881 quod,
1111 829 1230 870 vestri
1259 829 1429 882 Collegii
1461 843 1511 870 ex
1543 829 1786 870 umbraculis
1819 843 2011 882 egressus,
2043 831 2287 871 Academiae

252 899 414 933 nostrae
450 906 617 934 nemora
653 906 736 933 non
770 893 857 934 sine
895 894 1016 933 laude
1052 893 1243 933 intravit⁸.
1303 892 1480 933 Nuntios
1518 892 1636 945 igitur
1674 901 1843 942 nostros,
1883 900 2065 933 nostrum
2103 893 2285 933 omnium

251 955 419 997 nomine
448 956 612 997 honoris
643 952 766 997 causa
797 958 851 997 ad
884 970 955 996 vos
986 956 1141 1005 missos,
1175 963 1215 996 et
1244 956 1351 996 feriis
1382 958 1521 997 vestris
1554 956 1817 1005 celebrandis,
1848 964 1888 996 et
1920 958 2035 996 aulae
2068 955 2125 996 illi
2158 970 2286 996 novae

252 1017 522 1059 Academicos
549 1018 591 1057 in
615 1031 711 1058 usus
738 1018 1002 1067 dedicandae,
1032 1020 1203 1058 multum
1227 1018 1378 1059 iuvabit
1403 1018 1512 1071 ipsos
1541 1019 1743 1060 interesse.
1802 1020 1890 1059 Nos
1919 1018 2078 1058 interim
2104 1018 2286 1070 Collegio

250 1088 383 1122 vestro
411 1080 567 1133 insigni,
590 1080 872 1122 Universitatis
901 1094 1064 1133 quoque
1093 1081 1258 1121 nomine
1286 1081 1365 1121 iarn
1393 1082 1549 1121 dudum
1575 1081 1822 1134 dignissimo,
1844 1095 1914 1134 per
1937 1082 2095 1122 saecula
2118 1080 2288 1133 plurima

250 1144 372 1186 etiam
391 1143 432 1185 in
453 1151 659 1198 posterum
674 1144 812 1185 omnia
830 1158 1021 1197 prospera
1040 1143 1331 1196 exoptabimus.
1389 1145 1544 1185 Valete.

360 1218 520 1257 Datum
545 1217 823 1268 Cantabrigiae

469 1271 608 1311 Idibus
625 1272 858 1311 Februariis·

578 1327 631 1365 A.
655 1327 695 1367 S.
718 1337 861 1366 MCMII.

293 1446 560 1486 christianiae
595 1447 858 1487 Um‘versitati
882 1448 1028 1498 Regiae
1054 1447 1351 1486 Fridertkianae
1378 1448 1418 1488 S.
1452 1449 1500 1486 P.
1532 1449 1589 1487 D.
1629 1448 1877 1488 Universitas
1910 1446 2253 1498 Cantabrzgwknsis.

362 1515 480 1570 (564)
518 1518 738 1557 LITTERAE
775 1525 941 1564 vestrae,
974 1517 1046 1558 viri
1084 1517 1318 1567 doctissimi,
1351 1519 1403 1558 ad
1442 1532 1516 1559 nos
1554 1532 1682 1571 nuper
1714 1520 1889 1571 perlatae
1922 1526 2026 1566 sunt,
2062 1517 2104 1557 in
2138 1516 2284 1569 quibus

250 1580 439 1622 certiores
467 1581 562 1621 facti
590 1595 740 1631 sumus,
762 1595 915 1622 annum
945 1581 1211 1622 centesimum
1239 1596 1289 1622 ex
1317 1595 1367 1622 eo
1393 1595 1476 1633 quo
1499 1589 1617 1622 natus
1646 1589 1706 1622 est
1731 1583 1919 1622 alumnus
1948 1588 2077 1622 vester
2104 1579 2281 1632 insignis,

186 1644 191 1648 '
251 1643 472 1683 Nmomus
493 1645 725 1684 Hmmcus
745 1645 875 1691 ABEL,
891 1643 1205 1684 Universitatem
1224 1652 1395 1683 vestram
1416 1645 1548 1683 Nonis
1563 1643 1865 1695 Septembribus
1881 1657 1968 1683 esse
1983 1643 2282 1683 celebraturam.

253 1706 453 1746 Alumnus
481 1705 549 1746 ine
577 1713 717 1756 vester,
749 1713 794 1746 ut
822 1706 1046 1747 studiorum
1077 1706 1453 1747 mathematicorum
1485 1707 1587 1747 inter
1618 1709 1768 1759 peritos
1798 1707 1950 1759 ubique
1983 1714 2150 1755 constat,
2182 1706 2285 1746 inter

251 1769 443 1810 scientiae
471 1770 577 1810 illius
605 1770 714 1823 ipsos
742 1770 943 1823 principes
972 1771 1115 1811 merito
1143 1771 1223 1810 iam
1252 1772 1407 1811 dudum
1438 1779 1669 1811 numeratus
1699 1778 1770 1820 est,
1796 1784 1928 1822 neque
1956 1770 1998 1810 in
2027 1783 2099 1810 sua
2126 1777 2283 1809 tantum

250 1832 343 1883 vita,
367 1833 471 1874 intra
494 1847 694 1875 annorum
720 1842 875 1886 septem
902 1842 942 1875 et
967 1834 1105 1887 viginti
1133 1834 1305 1886 spatium
1332 1841 1558 1886 angustum,
1584 1847 1734 1874 nornen
1761 1833 1986 1874 immortale
2012 1840 2072 1873 est
2100 1833 2281 1884 adeptus,

251 1896 326 1937 sed
344 1894 467 1937 etiam
486 1897 648 1936 saeculo
668 1896 710 1936 in
734 1897 880 1937 eodem
903 1896 1006 1937 inter
1029 1898 1217 1948 Europae
1239 1903 1379 1949 gentes
1402 1896 1593 1936 scientiae
1615 1897 1836 1947 analyticae
1862 1895 2081 1936 cultoribus
2104 1894 2284 1947 plurimis

250 1970 380 1999 novos
407 1958 591 1999 stimulos
623 1958 781 2007 indidit,
813 1966 853 1999 et
886 1959 1109 2000 studiorum
1145 1972 1309 2000 suorum
1337 1960 1391 1999 ad
1419 1959 1601 2011 regiones
1630 1973 1755 1999 novas
1784 1960 2048 2011 explorandas
2076 1958 2285 2008 excitavit3

249 2035 275 2064 e
292 2021 441 2075 quibus
459 2036 575 2073 unus,
597 2036 681 2063 non
702 2036 817 2064 secus
836 2030 959 2075 atque
979 2024 1166 2063 alumnus
1186 2022 1252 2063 ille
1267 2030 1406 2071 vester,
1421 2023 1650 2075 provinciae
1670 2036 1766 2063 suae
1780 2022 2078 2074 pulchritudine
2098 2021 2285 2074 singulari

251 2091 491 2133 commotus,
508 2084 747 2126 existimavit
765 2089 774 2107 ‘
786 2085 1015 2126 functiones
1035 2085 1230 2138 ellipticas
1250 2099 1334 2126 non
1353 2085 1440 2126 aliis
1459 2085 1714 2126 adnumerari
1729 2086 1876 2125 debere
1896 2084 2282 2134 transcendentibus,

251 2148 325 2188 sed
342 2147 520 2200 speciem
540 2149 745 2200 quandam
764 2148 812 2189 iis
831 2148 963 2190 inesse
982 2149 1149 2201 perfecti
1169 2156 1209 2189 et
1227 2149 1404 2190 absoluti
1417 2150 1457 2188 '⁴.
1519 2151 1636 2190 Iuvat
1655 2152 1758 2190 vitae
1778 2149 1883 2190 illius
1902 2150 2067 2189 annales
2087 2149 2140 2189 ab
2159 2162 2242 2188 uno
2263 2163 2285 2189 e

251 2209 544 2261 professoribus
563 2210 702 2251 vestris
723 2224 881 2251 summa
901 2225 994 2252 cum
1014 2211 1192 2260 scientia,
1215 2225 1373 2252 summa
1394 2226 1487 2252 cum
1507 2212 1770 2261 humanitate,
1791 2211 2040 2263 conscriptos
2060 2212 2286 2261 evolvere⁶3

251 2270 361 2312 iuvat
383 2270 486 2312 inter
509 2271 640 2312 socios
662 2271 768 2312 illius
793 2280 960 2322 exteros,
983 2287 1110 2313 unum
1133 2274 1272 2315 audire
1297 2274 1378 2314 suis
1402 2275 1600 2323 laudibus,
1623 2275 1705 2315 suis
1732 2274 1936 2314 laboribus
1960 2273 2149 2314 omnibus
2172 2273 2285 2314 illum

251 2333 446 2375 maiorem
475 2348 563 2375 esse
586 2335 810 2376 dicentem⁶
823 2350 834 2385 3
862 2338 1042 2385 alterum,
1065 2336 1117 2377 ab
1143 2336 1212 2377 illo
1238 2338 1429 2389 temporis
1453 2337 1583 2389 exigui
1607 2337 1710 2377 intra
1736 2336 1927 2377 terminos
1955 2339 2285 2376 ‘monumentum

251 2409 344 2437 aere
368 2396 605 2448 perennius'
627 2410 715 2437 esse
742 2404 938 2447 exactum,
964 2399 1073 2450 quod
1101 2398 1296 2439 indicaret
1322 2407 1518 2451 quantum
1545 2413 1594 2439 ex
1617 2398 1779 2451 ingenio
1806 2399 1891 2439 eius
1915 2412 2070 2450 sperare
2096 2398 2283 2447 licuisset,

254 2457 320 2499 ‘ni
343 2459 424 2499 fata
446 2458 696 2499 obstitissent
711 2458 740 2481 '⁷
752 2473 764 2508 5
792 2459 900 2499 iuvat
925 2473 999 2500 nos
1024 2474 1188 2512 quoque
1210 2460 1314 2501 inter
1335 2468 1614 2512 praeceptores
1638 2468 1796 2500 nostros
1820 2462 2037 2500 nonnullos
2063 2473 2283 2508 numerare,

252 2522 324 2575 qui
355 2523 508 2563 alumni
540 2521 659 2562 vestri
692 2522 867 2574 vestigiis
900 2523 1141 2572 institerunt,
1171 2525 1324 2563 alumni
1353 2523 1471 2563 vestri
1500 2525 1648 2563 famam
1678 2522 1807 2563 indies
1839 2523 1956 2563 latius
1989 2525 2282 2563 extenderunt⁸.

254 2587 397 2628 Unum
417 2599 466 2627 ex
484 2585 554 2635 eis,
575 2586 696 2627 etiam
716 2586 759 2626 in
779 2587 1046 2627 Scandinavia
1065 2588 1210 2627 horum
1230 2586 1455 2627 studiorum
1476 2586 1695 2626 culton'bus
1716 2599 1799 2626 non
1819 2585 2013 2638 ignotum,
2035 2586 2222 2626 nuntium
2246 2594 2286 2626 et

252 2650 428 2702 legatum
447 2651 501 2690 ad
519 2663 592 2690 vos
611 2649 776 2691 honoris
796 2663 917 2690 causa
937 2649 1146 2697 mittimus,
1167 2649 1237 2701 qui
1255 2657 1437 2690 nostrum
1458 2649 1641 2690 omnium
1661 2656 1755 2689 vota
1773 2648 1927 2700 optima
1945 2651 1998 2690 ad
2017 2663 2088 2690 vos
2102 2651 2284 2702 perferat,

253 2718 294 2754 et
313 2719 495 2753 nostrum
515 2711 698 2752 omnium
717 2712 883 2753 nomine
903 2712 975 2752 viri
995 2712 1096 2752 tanti
1115 2711 1334 2753 memoriae
1353 2712 1619 2753 celebrandae
1639 2713 1766 2752 laetus
1786 2710 1970 2752 intersit⁹.
2029 2714 2182 2753 Valete.

361 2784 521 2823 Datum
545 2783 822 2834 Cantabngthe

473 2839 613 2878 mensis
629 2839 743 2877 Maii
758 2839 819 2878 die
837 2838 934 2878 xxii⁰

580 2893 633 2931 A.
655 2893 696 2933 S.
720 2904 859 2933 menn.

341 2978 355 3000 ¹
377 2979 527 3023 Spencer
542 2979 716 3023 Compton
733 2980 939 3019 Cavendish,
957 2981 1059 3014 Duke
1075 2981 1114 3014 of
1127 2982 1351 3014 Devonshire.
1505 2980 1519 3001 '²
1541 2982 1585 3015 A.
1602 2982 1658 3015 W.
1678 2982 1795 3020 Ward,
1813 2981 1957 3021 Litt.D.,
1979 2982 2108 3013 Master
2123 2981 2162 3013 of
2175 2981 2286 3014 Peter-

253 3023 371 3057 house.
531 3022 546 3044 ⁸
568 3024 643 3057 The
661 3025 788 3057 Master
804 3025 842 3056 of
862 3025 1076 3063 Peterhouse‚
1095 3025 1265 3058 Professor
1285 3026 1317 3068 J.
1334 3025 1368 3068 J.
1385 3025 1571 3064 Thomson‚
1589 3026 1657 3058 and
1679 3027 1736 3058 Μι·
1759 3027 1802 3058 R.
1818 3026 1861 3058 T.
1878 3025 2024 3067 Wright.
2073 3025 2287 3067 Eventually,

254 3067 424 3100 Professor
440 3067 493 3101 Sir
511 3067 659 3100 Richard
672 3068 762 3111 Jebb
778 3074 866 3101 went
882 3069 917 3100 in
932 3069 1030 3111 place
1046 3069 1085 3102 of
1098 3069 1154 3102 the
1174 3070 1300 3101 Master
1315 3069 1355 3102 of
1368 3070 1583 3102 Peterhouse.
1872 3068 1886 3089 ⁴
1905 3069 2056 3111 Jacobi’s
2075 3069 2289 3101 Gesammelte

263 3111 390 3149 Werke,
406 3111 417 3143 i
435 3110 547 3154 (1881)
565 3113 619 3154 87.
836 3111 850 3131 ⁵
873 3112 914 3145 C.
931 3113 974 3144 Α.
992 3113 1167 3155 Bjerknes‚
1183 3113 1430 3146 Niels-Henrik
1445 3113 1529 3146 Abel
1542 3113 1801 3156 (1802—1829),
1818 3114 1946 3145 tableau
1962 3113 2000 3145 de
2015 3123 2051 3144 sa
2066 3113 2118 3145 vie
2132 3117 2164 3145 et
2177 3114 2215 3145 de
2229 3124 2288 3145 son

254 3155 364 3188 action
378 3155 582 3198 scientifique
599 3154 668 3198 (Fr.
685 3161 801 3194 trans.,
819 3156 924 3194 Paris,
940 3156 1050 3199 1885).
1347 3155 1362 3176 ⁶
1386 3157 1425 3190 C.
1446 3157 1490 3190 G.
1506 3157 1538 3200 J.
1552 3157 1675 3200 Jacobi
1690 3162 1726 3190 to
1743 3157 1920 3200 Legendre
1936 3157 2126 3198 (Bjerknes.
2142 3167 2178 3199 p.
2197 3155 2286 3199 223).

254 3197 270 3221 ⁷
292 3199 338 3232 A.
357 3199 408 3231 M.
426 3198 602 3242 Legendre
617 3203 653 3232 to
668 3199 781 3232 Crelle
797 3199 854 3240 (ib.
872 3210 906 3242 p.
926 3198 1016 3244 243).
1359 3199 1374 3221 ⁸
1393 3201 1428 3243 J.
1444 3201 1500 3233 W.
1519 3201 1559 3233 L.
1576 3201 1743 3240 Glaisher‚
1761 3202 1805 3234 A.
1823 3202 1937 3244 Berry,
1958 3201 2006 3233 H.
2027 3201 2067 3233 F.
2085 3201 2206 3239 Baker‚
2223 3206 2288 3233 etc.

257 3240 272 3263 ⁰
294 3241 467 3277 Professor
481 3243 526 3275 A.
543 3243 587 3276 R.
604 3243 760 3287 Forsyth,
780 3243 884 3279 Sc.D.

364 3321 396 3352 S.
418 3321 449 3350 S·
1241 3323 1318 3365 257
2132 3326 2179 3367 33
