2704 3770
853 366 1009 415 Basil
1040 367 1382 418 Gz'ldersleeve.
1454 370 1692 419 Frederz'c
1725 371 2000 419 Harrz'son.

424 514 626 567 praefecto
645 512 744 553 nihil
763 512 904 553 melius
922 525 1009 553 esse
1024 513 1246 554 eruditione
1261 527 1427 564 summa,
1445 514 1543 554 nihil
1558 514 1691 554 utilius
1706 514 1955 566 negotiorum
1971 515 2153 566 expedite
2167 517 2431 568 gerendorum

425 575 570 628 insigni
589 574 738 628 peritia,
761 574 859 614 nihil
878 574 1080 626 pulchrius
1100 574 1275 627 denique
1295 589 1451 616 morum
1471 575 1664 627 exquisita
1683 575 1908 616 urbanitate
1926 583 1966 616 et
1984 576 2182 618 comitate.

536 640 653 678 Duco
673 639 725 678 ad
744 650 815 678 vos
836 636 1111 677 Bibliothecae
1130 637 1386 689 Apostolicae
1405 637 1623 678 Vaticanae
1643 639 1897 690 praefectum,
1920 640 1953 678 F
1954 649 2197 680 RANCISCUM
2218 639 2401 680 Etim-13¹.

520 724 532 747 ¹
559 725 619 761 On
645 725 736 769 May
759 731 801 769 25
828 735 851 759 a
872 724 994 760 Grace
1015 735 1091 759 was
1113 724 1252 770 passed
1275 723 1331 760 for
1351 723 1562 770 conferring
1581 725 1645 760 the
1664 725 1813 770 Degree
1831 725 1873 761 of
1895 726 2039 761 Doctor
2055 724 2097 761 of
2119 725 2263 761 Letters
2278 725 2432 761 honoris

424 783 539 808 causa
565 783 614 808 on
647 773 867 807 HEINRICH
897 772 1101 815 DENIFLE‚
1134 772 1235 815 O.P.,
1265 782 1337 807 one
1365 772 1406 806 of
1434 772 1497 808 the
1526 772 1735 808 Archivists
1764 772 1806 808 of
1834 773 1897 808 the
1925 771 2095 817 Vafican,
2125 773 2260 808 author
2287 771 2329 808 of
2356 772 2432 808 Die

432 820 713 856 Universitaten
732 819 794 854 des
810 818 1074 860 Mittelatters3
1100 818 1159 853 La
1176 818 1393 854 De‘solatz‘on
1409 819 1472 853 des
1488 819 1527 853 E
1521 819 1638 865 glioes
1653 819 1697 855 de
1712 819 1752 854 F
1750 831 1861 855 rance
1878 832 1886 861 ;
1909 820 2057 855 Luther
2071 820 2155 856 und
2168 819 2428 864 Lutherthum

424 873 493 902 etc.
545 868 606 902 On
631 867 728 912 June
750 876 791 901 10
808 865 948 901 Father
965 864 1115 901 Denifle
1132 865 1219 900 died
1237 865 1274 900 in
1294 865 1464 908 Munieh‚
1482 877 1530 901 on
1551 866 1610 902 his
1633 878 1713 911 way
1734 866 1829 902 from
1853 868 1974 903 Rome
1995 873 2035 902 to
2059 866 2295 912 Cambridge.
2345 866 2428 903 The

424 913 612 959 following
629 914 661 949 is
677 913 741 948 the
759 912 898 959 speech
915 912 997 948 that
1014 912 1090 948 had
1107 913 1203 948 been
1220 913 1404 959 prepared
1422 912 1478 948 for
1495 913 1559 949 the
1576 912 1751 950 occasion
1768 914 1810 950 of
1822 914 1886 950 the
1903 914 2091 961 proposed
2109 915 2244 959 degree
2259 925 2316 949 :—

517 997 641 1043 (421b)
671 995 827 1032 Raetiae
853 995 950 1031 inter
978 1001 1138 1038 montes,
1165 994 1330 1031 fluminis
1357 996 1453 1032 Aeni
1481 1007 1598 1043 prope
1625 995 1758 1043 ripas2,
1781 997 1872 1033 olim
1901 1003 2012 1032 natus
2041 1003 2098 1032 est
2129 997 2292 1033 Sanctae
2321 996 2432 1034 Sedis

425 1045 622 1081 Romanae
663 1043 869 1079 tabularius
910 1042 1162 1086 doctissimus,
1197 1043 1259 1089 qui
1303 1044 1608 1079 Praedicatorum
1647 1043 1780 1079 Ordini
1822 1043 1959 1090 insigni
1995 1043 2216 1090 adscriptus,
2249 1043 2428 1081 historiae

422 1092 643 1137 praesertim
670 1090 803 1126 studiis
829 1101 912 1126 sese
939 1088 1139 1125 dedicavit.
1191 1090 1279 1124 Non
1306 1091 1419 1126 modo
1447 1091 1669 1126 Pontificum
1697 1092 1956 1127 Romanorum
1981 1102 2040 1127 res
2064 1098 2190 1136 gestas
2214 1090 2427 1136 celebravit,

423 1140 490 1175 sed
516 1139 631 1175 etiam
660 1137 778 1173 Medii
806 1137 899 1172 Aevi
928 1137 1204 1173 Universitates
1231 1137 1411 1183 plurimas
1440 1138 1589 1183 penitus
1616 1138 1821 1183 exploravit
1837 1151 1846 1181 ;
1882 1137 2148 1174 Universitatis
2176 1138 2427 1176 Bononiensis

424 1186 574 1222 Statuta
606 1186 772 1231 antiqua,
806 1182 1075 1220 Universitatis
1110 1183 1333 1220 Parisiensis
1368 1185 1656 1229 chartularium,
1689 1197 1783 1232 opus
1812 1185 1952 1221 laboris
1988 1185 2173 1229 immensi,
2206 1185 2350 1222 erudite
2389 1191 2428 1223 et

421 1232 619 1278 diligenter
635 1232 778 1274 edidit3
804 1230 1039 1267 calamitates
1056 1231 1218 1277 denique
1235 1231 1284 1265 ab
1303 1231 1462 1267 ecclesia
1479 1231 1677 1268 Gallicana
1694 1232 1732 1267 in
1751 1233 1900 1268 saeculo
1924 1232 2072 1268 decimo
2095 1232 2225 1279 quinto
2248 1233 2426 1269 toleratas

420 1281 627 1316 luculenter
651 1278 857 1325 explicavit.
909 1278 964 1314 Ut
988 1278 1038 1313 ad
1064 1278 1275 1313 Germanos
1300 1283 1548 1323 transeamus,
1573 1290 1649 1315 non
1675 1279 1787 1315 hodie
1810 1279 1988 1325 prolixius
2012 1290 2280 1325 prosequemur
2303 1290 2426 1326 neque

424 1328 630 1363 Martinum
651 1326 799 1368 Luther‚
817 1325 866 1360 ab
891 1324 1026 1360 eodem
1048 1325 1099 1359 ad
1124 1324 1236 1359 fidem
1262 1331 1590 1360 monumentorum
1613 1337 1733 1372 nuper
1756 1326 1958 1371 depictum,
1977 1338 2098 1372 neque
2121 1325 2319 1372 scriptores
2341 1327 2426 1364 illos

420 1374 610 1419 mysticos,
638 1373 675 1408 in
708 1371 915 1407 litterarum
943 1371 1118 1406 Archivis
1148 1371 1196 1406 ab
1223 1372 1306 1416 ipso
1335 1378 1372 1407 et
1405 1383 1428 1407 a
1461 1373 1605 1417 collega
1631 1373 1712 1408 eius
1741 1373 1902 1418 magno³
1927 1373 2099 1417 conditis,
2129 1373 2220 1409 olim
2252 1381 2425 1411 accurate

419 1421 662 1456 examinatos.
717 1418 866 1454 Italiam
894 1417 1019 1463 potius
1048 1423 1234 1463 petamuS,
1266 1419 1429 1453 Romam
1456 1419 1578 1463 ipsam
1605 1426 1642 1455 et
1670 1419 1856 1455 Palatium
1883 1419 2108 1455 Vaticanum
2143 1420 2358 1465 invisamus,
2387 1427 2427 1458 et

423 1467 641 1503 Pontificem
675 1466 779 1501 illum
811 1465 1075 1508 venerabilem,
1102 1467 1255 1510 poetam
1288 1465 1392 1500 illum
1421 1466 1608 1511 Latinum,
1637 1466 1765 1502 animo
1791 1473 1901 1512 grato
1933 1467 2181 1512 recordemur,
2209 1467 2273 1513 qui
2304 1467 2425 1504 virum

419 1515 611 1551 doctrinae
636 1519 715 1549 tam
739 1511 863 1548 variae
889 1511 1041 1548 dotibus
1066 1511 1289 1547 instructum
1316 1513 1478 1548 Sanctae
1506 1512 1615 1548 Sedis
1641 1513 1870 1549 tabularium
1894 1514 2027 1549 merito
2051 1513 2290 1550 nominavit&

527 1612 640 1665 (422)
660 1614 741 1652 Tot
760 1610 983 1651 studiorum
1004 1617 1129 1650 matre
1150 1609 1266 1649 Italia
1284 1609 1429 1658 relicta,
1451 1611 1504 1649 ad
1524 1611 1660 1650 fratres
1683 1618 1839 1650 nostros
1863 1610 2145 1651 transmarinos
2168 1618 2424 1656 transeamus.

417 1677 642 1716 Salutamus
669 1672 948 1714 Universitatis
972 1671 1292 1711 Princetonensis
1321 1672 1540 1720 alumnum,
1563 1672 1631 1724 qui
1656 1673 1862 1723 quondam
1886 1673 1987 1712 inter
2013 1674 2234 1713 Germanos
2253 1673 2426 1717 virorum

417 1744 652 1789 magnorum
673 1735 887 1775 instructus
906 1733 1128 1785 disciplina,
1148 1740 1287 1785 postea
1306 1733 1408 1773 inter
1427 1746 1531 1781 suos,
1554 1735 1726 1785 primurn
1751 1747 1822 1785 per
1843 1747 1971 1774 annos
1997 1734 2133 1786 viginti
2158 1734 2200 1774 in
2226 1735 2426 1788 Virginiae

417 1800 695 1848 Universitate,
718 1799 865 1839 deinde
889 1811 960 1849 per
982 1810 1109 1837 annos
1135 1798 1224 1848 plus
1250 1809 1371 1848 quam
1398 1796 1575 1848 quinque
1597 1804 1637 1836 et
1663 1796 1800 1848 viginti
1821 1796 1924 1836 inter
1947 1796 2255 1838 Baltimorenses
2278 1798 2425 1841 litteras

416 1865 589 1913 Graecas
617 1863 816 1914 praeclare
841 1867 901 1901 est
923 1861 1134 1911 professus.
1193 1858 1301 1900 Olim
1327 1873 1350 1899 e
1375 1858 1591 1899 litterarum
1620 1860 1760 1900 studiis
1786 1867 1825 1900 et
1850 1873 1872 1899 e
1898 1861 2045 1900 Sancto
2073 1860 2228 1901 Iustino
2252 1863 2425 1915 Martyre

414 1927 574 1966 laudem
594 1924 759 1964 feliciter
777 1930 1009 1975 aucupatus,
1031 1928 1171 1973 postea
1191 1920 1365 1961 Pindaro
1383 1921 1613 1973 praesertim
1635 1922 1802 1962 breviter
1821 1929 1860 1962 et
1883 1923 2102 1962 luculenter
2127 1922 2424 1975 interpretando
2490 1957 2492 1960 v

415 1988 629 2041 plurimum
649 1986 846 2027 contulit⁶.
906 1986 1022 2025 Idem
1042 1985 1094 2024 de
1121 1984 1390 2024 Grammatica
1411 1984 1552 2023 Latina
1571 1985 1724 2037 egregie
1744 1985 1917 2033 meritus,
1939 1999 2065 2036 nuper
2090 1985 2210 2026 etiam
2233 1987 2423 2038 Syntaxin

417 2053 611 2091 Graecam
627 2063 772 2090 novam
788 2047 989 2088 ominibus
1005 2046 1165 2098 optimis
1184 2046 1411 2098 auspicatus
1430 2054 1499 2086 est.
1559 2047 1755 2087 Novimus
1770 2061 1890 2099 quam
1906 2048 2181 2088 admirabilem
2199 2048 2240 2089 in
2256 2050 2423 2091 modum

416 2112 661 2163 Philologiae
681 2113 783 2150 Acta
802 2108 1040 2149 Americana
1060 2108 1269 2148 trimestria
1283 2109 1372 2159 plus
1387 2121 1508 2158 quam
1521 2108 1699 2148 centiens
1714 2109 1893 2150 ediderit.
1951 2111 2116 2149 Interim
2129 2109 2421 2162 philologorum

414 2174 455 2214 in
476 2173 616 2215 studiis
639 2171 927 2213 ‘oscillationes
950 2170 1257 2221 nutationesque
1270 2170 1299 2192 '⁶
1317 2170 1505 2221 plurimas
1529 2178 1722 2222 expertus,
1744 2171 1785 2210 in
1808 2172 2002 2211 honorem
2025 2171 2120 2211 anni
2142 2172 2422 2224 septuagesimi

414 2236 577 2276 feliciter
602 2234 740 2282 exacti,
768 2247 791 2273 a
816 2232 1020 2284 discipulis
1047 2231 1127 2271 suis
1154 2231 1423 2271 transmarinis
1446 2233 1554 2272 haud
1577 2232 1631 2272 ita
1656 2233 1810 2285 pridem
1833 2232 1987 2284 insigne
2011 2232 2156 2273 amoris
2178 2234 2360 2285 perpetui
2380 2242 2421 2275 et

414 2298 661 2339 constantiae
684 2309 905 2348 numquam
925 2296 1166 2346 interruptae
1185 2293 1341 2345 accepit
1361 2293 1663 2333 testimonium⁷.
1723 2296 1763 2334 Is
1790 2302 1923 2334 autem
1950 2293 2019 2345 qui
2044 2294 2190 2335 totiens
2215 2295 2420 2346 discipulis

413 2362 493 2402 suis
513 2369 572 2402 tot
591 2361 773 2401 stimulos
792 2358 948 2407 indidit,
971 2357 1091 2398 etiam
1110 2356 1212 2396 inter
1231 2364 1389 2396 nosmet
1408 2356 1516 2408 ipsos
1535 2356 1685 2396 amicos
1706 2364 1897 2406 numerat,
1919 2356 1987 2408 qui
2006 2356 2132 2396 virum
2155 2357 2319 2398 scientia
2337 2365 2420 2398 tam

411 2425 528 2473 varia,
561 2433 643 2465 tam
672 2431 814 2464 exacta
841 2428 1036 2469 ornatum,
1067 2419 1194 2459 virum
1223 2426 1333 2459 tanta
1360 2419 1483 2458 animi
1511 2419 1755 2468 liberalitate,
1785 2426 1896 2459 tanto
1924 2418 2124 2460 scribendi
2151 2421 2286 2472 lepore
2313 2434 2421 2473 prae-

413 2486 552 2535 ditum,
575 2486 654 2526 iarn
673 2486 826 2526 dudum
848 2483 1080 2524 dilexerunt.

521 2550 638 2588 Duco
657 2548 710 2588 ad
729 2559 799 2587 vos
818 2545 975 2597 linguae
996 2545 1173 2584 Graecae
1192 2543 1456 2594 professorem
1481 2542 1823 2590 Bahimorensem,
1847 2544 2056 2582 BAS1L11JM
2081 2543 2419 2585 GiLDERSLEEvz.

519 2643 634 2696 (423)
662 2642 794 2683 Etiam
823 2649 930 2681 trans
953 2652 1103 2692 aequor
1128 2638 1375 2679 Atlanticum
1404 2652 1487 2678 non
1513 2638 1671 2690 ignotus
1698 2645 1757 2678 est
1785 2637 1842 2678 vir
1864 2637 2079 2678 litterarum
2106 2639 2224 2678 laude
2248 2638 2418 2690 illustris,

411 2707 479 2760 qui
507 2706 655 2747 saeculi
684 2704 905 2746 Victoriani
933 2711 992 2744 tot
1019 2703 1237 2742 litterarum
1266 2701 1417 2741 lumina
1443 2701 1529 2752 ipse
1557 2700 1741 2741 laudavit.
1801 2700 2139 2752 Iurisprudentiae
2166 2708 2206 2741 et
2234 2701 2420 2743 historiae

410 2770 640 2822 praesertim
659 2769 701 2809 in
721 2768 861 2809 studiis
881 2773 1112 2819 occupatus,
1134 2764 1320 2805 historiae
1339 2764 1381 2804 in
1404 2778 1495 2804 vera
1519 2764 1806 2816 significatione
1831 2763 2104 2816 investiganda
2126 2764 2314 2805 indicavit
2336 2778 2419 2806 non

410 2834 489 2873 iam
518 2833 759 2884 singularum
788 2830 967 2883 gentium
996 2830 1067 2869 sed
1095 2827 1354 2868 humanitatis
1383 2827 1505 2867 totius
1533 2827 1653 2867 vitam
1680 2827 1907 2879 cognitione
1936 2840 2022 2867 esse
2051 2827 2241 2879 dignam¹³.
2302 2829 2418 2869 Idem

411 2895 582 2935 virorum
601 2893 823 2941 illustrium,
843 2891 964 2944 Regis
980 2890 1143 2938 Alfredi,
1160 2888 1410 2936 Cromwellii‚
1425 2888 1611 2928 Willelmi
1631 2901 1751 2939 quem
1774 2892 1784 2909 ‘
1796 2888 2037 2928 taciturnum
2050 2890 2059 2908 '
2078 2895 2232 2937 vocant,
2250 2888 2417 2929 aliorum

411 2960 586 3011 denique
605 2959 725 3000 etiam
744 2958 786 2997 in
807 2955 1046 2998 Calendario
1067 2954 1281 2996 Comtiano
1301 2967 1371 3005 per
1390 2953 1531 2993 seriem
1551 2953 1794 3004 digestorum
1817 2953 1929 3002 vitas,
1948 2967 2069 3004 quam
2093 2953 2224 2993 lucide
2247 2953 2420 3006 scripsit!

410 3022 611 3063 Historiae
639 3035 732 3063 vero
762 3019 1014 3072 Byzantinae,
1042 3032 1064 3058 e
1087 3017 1196 3057 fastis
1221 3016 1296 3056 illis
1324 3029 1482 3067 prorsus
1509 3017 1702 3063 exclusae,
1730 3015 1908 3055 studium
1938 3015 2172 3056 meministis
2200 3023 2283 3056 arte
2311 3015 2418 3068 quali

494 3109 508 3129 2
530 3111 576 3142 At
594 3110 679 3141 Imst
695 3118 738 3140 on
755 3107 812 3140 the
830 3107 905 3138 Inn.
1065 3102 1079 3123 ⁸
1103 3104 1209 3136 Franz
1226 3103 1338 3135 Ehrle.
1457 3102 1471 3121 4
1494 3102 1566 3133 Leo
1581 3102 1671 3133 XIII
1689 3101 1723 3133 in
1743 3102 1836 3142 1883.
1967 3099 1981 3120 ⁵
2005 3102 2137 3141 Pindar‚
2155 3102 2251 3142 Olym
2276 3102 2335 3133 ian
2350 3101 2424 3133 and

408 3154 557 3195 Pythian
577 3153 666 3191 odes,
690 3152 782 3191 1885.
849 3148 863 3169 ⁶
889 3148 1094 3181 Oscillations
1110 3148 1183 3178 and
1193 3147 1376 3178 Nutations
1391 3145 1431 3187 (ff
1447 3145 1663 3195 Phifologz‘cal
1677 3144 1815 3194 stubbs,
1834 3144 2076 3187 Philadelphia,
2097 3155 2188 3188 1900.
2288 3145 2418 3177 Studies

407 3199 445 3229 in
461 3197 566 3229 honor
579 3197 620 3236 of
628 3194 795 3236 Professor
813 3193 1034 3230 Gildersleeve,
1058 3200 1150 3233 1902.
1279 3188 1293 3208 ⁸
1322 3190 1388 3221 The
1403 3190 1571 3230 Meamng
1581 3188 1621 3230 qs
1628 3189 1780 3228 sttmy,
1799 3198 1833 3229 p.
1855 3198 1925 3219 122.

1366 3275 1438 3312 192
