2704 3770
992 343 1050 411 J.
1103 345 1174 395 W
1213 344 1423 395 Bru-ahl.
1493 347 1673 411 Adolf
1693 345 1902 412 Engler.

443 487 563 527 fuisse
582 495 749 528 constat.
808 490 901 540 Ipse
924 489 965 528 in
991 489 1029 529 vi
1053 490 1274 542 magnetica
1297 492 1525 543 praesertim
1549 493 1792 544 exploranda
1811 491 1880 531 diu
1900 492 2097 543 praeclare
2116 500 2301 541 versatus,
2324 505 2450 545 nuper

442 556 650 600 propterea
686 549 879 601 imprimis
916 551 1062 590 famam
1100 560 1160 591 est
1196 553 1376 604 adeptus,
1416 555 1526 605 quod
1564 554 1779 602 metallum,
1815 552 1953 593 sideris
1991 553 2119 594 Urani
2154 553 2370 594 inventoris
2406 553 2448 593 in

442 612 649 660 honorem,
687 612 783 653 olim
823 613 1020 655 Uranium
1059 614 1320 664 nominatum,
1359 615 1509 668 primus
1551 615 1732 656 omnium
1770 629 1897 667 nuper
1933 615 2114 667 probavit
2150 615 2280 667 ipsum
2317 616 2449 657 radios

442 677 638 726 quosdam
667 676 866 717 mirabiles
894 677 1083 726 emittere,
1106 691 1207 729 quos
1235 678 1354 718 etiam
1384 691 1453 730 per
1482 679 1640 718 metalla
1667 677 1830 718 transire
1858 691 1940 718 non
1969 677 2179 719 dubitare1.
2238 680 2450 719 Laetamur

441 739 568 778 virum
587 745 668 778 tam
688 738 878 780 illustrem
897 740 1086 780 scientiae
1105 742 1240 780 lumen
1258 754 1282 780 a
1301 749 1411 792 patre
1431 754 1503 781 suo
1523 741 1599 781 sibi
1618 741 1713 781 olim
1733 740 1931 789 traditum,
1955 742 2166 792 splendore
2189 754 2295 782 novo
2316 754 2340 781 a
2363 754 2450 782 sese

441 808 664 848 exauctum,
685 801 805 842 etiam
831 802 916 842 aliis
938 802 1109 843 invicem
1135 802 1214 843 iam
1235 804 1389 843 dudum
1415 804 1579 844 tradere.
1639 803 1812 853 Etenim,
1833 804 2022 844 scientiae
2048 817 2210 856 quoque
2235 804 2276 844 in
2298 804 2449 845 lumine

441 862 548 902 vitali
566 876 637 915 per
655 866 812 904 saecula
831 864 1041 905 hominum
1060 867 1267 915 tradendo,

1301 940 1381 980 ‘sic
1410 954 1539 981 rerum
1568 954 1724 981 summa
1752 949 1920 982 novatur

923 1006 1090 1045 semper,
1121 1001 1160 1033 et
1188 993 1290 1034 inter
1317 1008 1359 1034 se
1388 996 1574 1035 mortales
1602 1003 1740 1035 mutua
1768 996 1967 1044 vivunt,...

925 1055 964 1087 et
993 1047 1106 1099 quasi
1134 1061 1313 1088 cursores
1341 1048 1434 1088 vitai
1462 1050 1649 1100 lampada
1677 1050 1887 1089 tradunt'2.

550 1121 667 1160 Duco
686 1121 738 1161 ad
757 1134 828 1161 vos
847 1121 1036 1162 scientiae
1055 1122 1242 1173 physicae
1262 1123 1525 1173 professorem
1546 1123 1819 1173 Parisiensem,
1843 1124 2084 1163 HENR1CUM
2105 1124 2391 1170 BECQUEREL³.

547 1221 661 1274 (395)
691 1223 914 1263 Salutamus
934 1223 1125 1275 deinceps
1141 1223 1266 1263 virum
1282 1224 1390 1264 urbis
1411 1225 1612 1265 Palatinae
1631 1226 1733 1265 inter
1751 1227 1991 1277 professores
2010 1226 2178 1266 illustres
2197 1226 2276 1265 iam
2291 1227 2447 1266 dudum

438 1292 700 1333 numeratum,
731 1285 856 1325 virum
882 1285 924 1325 in
954 1286 1120 1326 scientia
1146 1286 1327 1326 chemica
1349 1286 1556 1339 insignem.
1615 1289 1674 1329 Ut
1699 1302 1782 1328 rem
1814 1287 2002 1328 scientiae
2032 1288 2134 1328 illius
2162 1289 2215 1328 ad
2242 1287 2445 1328 historiam

438 1346 703 1398 pertinentem
740 1349 860 1399 paulo
897 1348 1013 1388 altius
1051 1356 1287 1399 repetamus,
1323 1349 1425 1389 inter
1461 1350 1646 1401 physicos
1683 1350 1870 1402 antiquos
1908 1351 2015 1398 olim,
2054 1350 2112 1390 uti
2149 1351 2284 1400 nostis,
2324 1352 2446 1392 finem

438 1409 621 1450 secandis
651 1410 884 1461 corporibus
916 1424 1003 1451 esse
1041 1411 1198 1462 negavit
1235 1411 1399 1463 quidem
1437 1413 1705 1464 Anaxagoras,
1739 1412 1993 1453 Democritus
2027 1420 2162 1453 autem
2199 1413 2424 1454 affirmavit⁴
2436 1429 2447 1464 3

438 1470 659 1511 Democriti
697 1485 788 1512 vero
825 1480 995 1520 atomos,
1029 1486 1099 1524 per
1136 1473 1218 1512 duo
1256 1472 1365 1512 milia
1396 1486 1593 1513 annorum
1630 1474 1790 1514 inutiles
1822 1482 1862 1514 et
1894 1474 2157 1514 infructuosas
2194 1474 2445 1526 existimatas,

435 1534 624 1575 scientiae
652 1535 855 1576 chemicae
881 1538 1021 1576 saltem
1045 1535 1146 1576 inter
1171 1537 1411 1588 professores
1437 1549 1570 1576 rursus
1596 1536 1638 1576 in
1661 1538 1814 1578 honore
1836 1550 1923 1577 esse
1949 1544 2115 1577 constat.
2172 1537 2257 1577 Viri
2281 1537 2447 1578 huiusce

434 1604 569 1638 autem
592 1597 694 1638 inter
718 1598 859 1639 merita
880 1598 922 1639 id
946 1598 1198 1651 potissimum
1222 1606 1566 1648 commemoratur,
1593 1601 1714 1651 quod,
1742 1600 2020 1652 experimentis
2045 1600 2247 1652 exquisitis
2272 1601 2352 1641 iam
2377 1614 2448 1653 per

435 1666 623 1709 quattuor
642 1666 680 1700 et
699 1659 837 1712 viginti
855 1674 983 1700 annos
1002 1660 1202 1710 adhibitis,
1224 1662 1423 1712 praeclare
1442 1661 1627 1710 ostendit,
1650 1675 1752 1713 quae
1771 1661 2021 1713 potissimum
2042 1662 2143 1702 inter
2168 1676 2228 1702 res
2251 1662 2292 1701 in
2320 1675 2446 1702 unum

433 1735 567 1762 revera
599 1722 841 1774 compositas
870 1730 992 1774 atque
1024 1731 1260 1773 atomorum,
1294 1737 1424 1764 rerum
1458 1737 1594 1764 earum
1624 1724 1665 1764 in
1699 1724 1891 1776 particula
1924 1738 2083 1777 quaque
2115 1725 2443 1774 consociatamm‚

435 1783 755 1824 distributionem
779 1784 878 1824 ratio
903 1784 1151 1825 intercedat⁵.
1211 1786 1334 1826 Unde
1360 1787 1414 1834 fit,
1443 1793 1487 1825 ut
1510 1785 1629 1826 etiam
1656 1785 1696 1825 in
1722 1786 1839 1826 rebus
1868 1800 2061 1838 perquam
2089 1786 2297 1839 multiplici
2322 1788 2446 1827 modo

434 1846 678 1898 compositis,
709 1855 935 1888 atomorum
967 1848 1121 1888 illarum
1160 1861 1284 1889 nexus
1321 1849 1543 1889 accuratius
1580 1848 1834 1900 explicentur,
1869 1857 1991 1900 atque
2023 1849 2142 1890 etiam
2174 1850 2215 1889 in
2245 1849 2445 1890 coloribus

433 1908 674 1959 quibusdam
703 1909 815 1950 novis
841 1917 973 1951 vetera
995 1910 1062 1949 illa
1088 1909 1259 1950 Lucretii
1284 1911 1405 1950 verba
1433 1912 1568 1950 denuo
1596 1924 1688 1950 vera
1715 1911 1870 1951 reddita
1897 1911 1986 1960 sint,
2007 1924 2089 1962 quo
2117 1913 2288 1952 docente
2315 1924 2446 1952 rerum

433 1969 649 2022 primordia

1214 2037 1224 2055 ‘
1239 2034 1354 2074 variis
1383 2042 1475 2074 sunt
1503 2034 1682 2086 praedita
1710 2034 1857 2083 formis,

862 2101 885 2127 e
913 2088 1058 2139 quibus
1087 2101 1208 2128 omne
1235 2101 1358 2139 genus
1387 2088 1553 2139 gignunt
1580 2088 1811 2139 variantque
1840 2089 1993 2128 colores

864 2150 1083 2193 propterea,
1115 2143 1248 2193 magni
1276 2143 1392 2182 refert
1421 2143 1531 2193 quod
1559 2142 1711 2182 semina
1739 2155 1922 2193 quaeque

862 2209 954 2235 cum
983 2196 1128 2247 quibus
1158 2203 1197 2236 et
1226 2195 1333 2247 quali
1361 2197 1537 2247 positura
1565 2195 1894 2236 contineantur'⁶.

542 2269 660 2308 Duco
679 2269 731 2308 ad
750 2281 820 2308 vos
839 2267 1028 2308 scientiae
1047 2268 1251 2308 chemicae
1274 2270 1537 2320 professorem
1562 2268 1958 2320 Heidelbergensem,
1981 2269 2143 2309 IULmM
2165 2271 2441 2311 WiLLELMUM

435 2331 628 2369 BRUEHL.

539 2429 653 2482 (396)
674 2429 950 2470 Universitatis
981 2429 1245 2470 Berolinensis
1272 2444 1294 2470 e
1318 2430 1606 2482 professoribus
1633 2430 1841 2482 praeclaris
1867 2432 1980 2471 adest
2009 2432 2075 2480 vir,
2098 2430 2167 2482 qui
2190 2431 2375 2471 arborum
2401 2440 2442 2473 et

432 2490 642 2530 herbarum
676 2491 922 2542 provinciam
955 2491 1139 2531 eximiam
1172 2491 1251 2531 iam
1285 2505 1356 2543 per
1383 2506 1510 2532 annos
1539 2491 1799 2543 quadraginta
1827 2493 2046 2532 luculenter
2073 2492 2288 2533 illustravit.
2346 2494 2441 2534 Hoc

431 2551 605 2602 iubente,
641 2561 740 2604 quot
776 2554 962 2593 arborum
996 2567 1140 2605 genera
1173 2554 1359 2603 conifera,
1392 2562 1490 2606 quot
1527 2554 1698 2593 liliorum
1732 2554 1949 2603 varietates,
1984 2562 2083 2605 quot
2115 2553 2441 2606 dicotyledonum

431 2614 583 2666 species
603 2616 806 2665 obscurae,
828 2631 850 2657 e
871 2616 1044 2657 tenebris
1063 2616 1103 2656 in
1123 2618 1254 2657 lucem
1270 2630 1415 2657 novam
1431 2624 1680 2658 surrexerunt
1696 2620 1703 2657 !
1761 2618 1875 2657 Idem
1893 2617 1961 2669 (ne
1980 2619 2092 2669 plura
2111 2618 2439 2671 commemorem)

430 2676 549 2716 etiam
580 2677 769 2718 scientiae
802 2691 896 2718 suae
929 2680 1032 2718 Acta
1061 2692 1085 2718 a
1118 2692 1160 2718 se
1193 2678 1356 2718 condita
1393 2678 1471 2718 iam
1510 2692 1580 2730 per
1611 2692 1739 2719 annos
1769 2686 1847 2719 tres
1880 2686 1919 2718 et
1952 2678 2089 2730 viginti
2126 2678 2262 2727 edidit,
2295 2693 2440 2732 genera

429 2739 653 2789 plantarum
691 2739 826 2779 omnia
858 2739 899 2779 in
930 2739 1110 2780 ordinem
1144 2740 1340 2792 optimum
1375 2740 1541 2790 reduxit,
1574 2755 1625 2781 ne
1662 2740 2021 2793 palaeontologiam
2054 2740 2219 2792 quidem
2255 2741 2438 2793 neglexit,

516 2820 529 2841 ¹
552 2822 762 2866 Becquerel's
776 2822 949 2864 discovery
964 2823 1002 2855 of
1014 2823 1070 2855 the
1086 2823 1331 2864 radio-activity
1347 2823 1385 2855 of
1401 2823 1571 2857 Uranium
1596 2834 1634 2856 so
1649 2823 1757 2856 called
1772 2823 1816 2865 by
1832 2823 1999 2865 Klaproth
2015 2823 2049 2855 in
2066 2824 2158 2866 1789,
2173 2823 2207 2855 in
2223 2823 2440 2866 compliment

429 2869 465 2897 to
481 2864 535 2898 Sir
549 2865 698 2898 William
715 2866 892 2905 Hersehel,
911 2867 987 2898 who
1002 2866 1068 2898 had
1085 2867 1279 2899 discovered
1300 2867 1436 2899 Uranus
1452 2867 1485 2899 in
1505 2869 1582 2908 1781
1605 2890 1613 2898 .
1723 2865 1737 2885 2
1761 2867 1944 2905 Lucretius,
1964 2866 1987 2899 ii
2004 2875 2043 2907 75
2054 2866 2078 2906 f,
2098 2875 2149 2909 79.
2270 2865 2285 2886 ⁸
2306 2867 2438 2900 Author

430 2908 469 2940 of
488 2919 606 2951 papers
633 2919 678 2940 on
700 2909 955 2951 radio-activity‚
982 2910 1145 2942 collected
1168 2911 1202 2942 in
1226 2910 1419 2942 Recherches
1440 2920 1502 2942 sur
1524 2921 1590 2941 une
1605 2909 1772 2952 propridle'
1789 2911 1935 2941 nouvelle
1955 2910 1993 2942 de
2018 2910 2052 2941 la
2076 2910 2223 2950 muliere,
2253 2920 2346 2954 1903,
2370 2915 2431 2944 etc.

429 2950 444 2970 ⁴
465 2952 539 2983 The
567 2952 713 2984 ‘atoms’
737 2953 776 2984 of
804 2953 1014 2986 Democritus
1042 2964 1128 2986 were
1155 2953 1202 2994 (as
1230 2953 1315 2985 their
1341 2964 1440 2986 name
1468 2953 1611 3010 implies)
1638 2953 1838 2989 indivisible,
1866 2953 1964 2985 while
1989 2954 2203 2995 Anaxagoras
2233 2954 2437 2986 maintained

430 2994 501 3026 that
531 2995 588 3027 the
614 2996 757 3028 division
783 2997 821 3028 of
846 2997 963 3029 bodies
987 3003 1075 3029 went
1102 3007 1145 3028 on
1172 3001 1206 3029 to
1233 2996 1364 3038 infinity
1395 2995 1542 3038 (Zellers
1571 2996 1793 3028 Fre-Socratic
1821 2996 2031 3038 Philosophy,
2060 2996 2159 3034 E.T.‚
2188 2996 2212 3028 ii
2244 3007 2316 3036 πο,
2347 2998 2436 3039 341).

428 3036 442 3057 ⁶
467 3038 555 3070 Prof.
573 3038 675 3071 Briihl
698 3039 757 3071 has
777 3040 980 3072 established
1001 3040 1057 3072 the
1077 3039 1217 3072 relation
1235 3040 1387 3072 between
1410 3040 1466 3072 the
1487 3039 1611 3082 optical
1634 3039 1817 3081 properties
1832 3039 1870 3071 of
1887 3039 2048 3072 chemical
2068 3040 2275 3082 compounds
2292 3040 2358 3072 and
2379 3040 2436 3073 the

430 3087 661 3123 arrangement
677 3082 715 3114 of
734 3083 790 3114 the
813 3088 921 3115 atoms
940 3083 975 3114 in
993 3083 1049 3115 the
1065 3083 1239 3116 molecule.
1286 3083 1326 3114 In
1343 3083 1399 3115 the
1415 3093 1489 3115 case
1505 3083 1542 3115 of
1561 3082 1684 3115 certain
1701 3083 1830 3115 colours
1846 3082 2037 3115 discovered
2055 3082 2086 3115 in
2104 3083 2243 3115 modern
2258 3083 2366 3123 times,
2384 3083 2436 3116 his

429 3124 615 3157 researches
631 3125 715 3157 have
730 3126 827 3167 given
844 3137 864 3158 a
880 3137 953 3159 new
969 3126 1181 3168 significance
1197 3132 1232 3158 to
1250 3125 1435 3159 Lucretius'
1450 3126 1654 3168 description
1671 3126 1708 3158 of
1720 3126 1776 3158 the
1791 3131 1899 3158 atoms
1911 3126 1949 3158 of
1961 3127 2184 3165 Democritus,
2199 3126 2323 3169 quoted
2334 3127 2369 3159 in
2379 3127 2435 3160 the

431 3167 555 3210 sequel.
690 3167 704 3187 ⁸
725 3169 748 3201 ii
767 3170 827 3211 758
838 3170 861 3201 f.

1403 3256 1418 3280 1
1427 3244 1475 3281 82
