2704 3770
341 306 438 356 Sir
468 308 524 357 E
525 315 663 359 rnest
697 308 878 360 Satow.
953 309 1051 359 Sir
1068 309 1214 376 John
1249 311 1456 361 Frenclz.
1531 312 1628 362 Sir
1657 315 1712 362 A
1719 315 1949 366 rclzz’bald
1977 318 2201 372 Hunter.

365 451 480 506 (372)
501 455 674 508 Legatus
694 460 841 505 noster,
862 458 915 498 ad
934 456 1147 510 imperium
1173 457 1342 498 Sinense
1366 459 1475 499 haud
1495 459 1551 499 ita
1570 459 1726 511 pridem
1748 461 1903 510 missus,
1925 470 2045 504 antea
2067 466 2283 517 Japonicas

254 515 487 566 praesertim
521 516 623 558 inter
651 517 801 559 insulas
830 532 902 571 per
933 533 1063 560 annos
1096 520 1362 572 quadraginta
1394 519 1435 560 in
1464 521 1651 573 periculis
1685 522 1865 574 plurimis
1894 532 1977 564 erat
2010 533 2211 577 spectatus
2243 535 2284 568 et

255 576 456 628 probatus.
526 579 592 619 Ibi
629 580 767 632 populi
805 580 911 622 illius
948 581 1124 634 linguam
1162 581 1366 623 difficilem
1404 583 1618 635 perdidicit
1631 599 1642 633 ς
1689 584 1784 625 solis
1822 585 1986 627 orientis
2022 594 2167 628 terram
2205 591 2284 630 late

253 645 459 690 patentem
477 641 619 683 ordine
638 642 775 684 lucido
794 644 1029 696 descripsit3
1056 652 1218 697 gentem
1237 644 1345 686 illam
1361 645 1650 695 admirabilem,
1668 646 1868 688 amicitiae
1887 648 2055 689 vinculis
2073 650 2284 691 artioribus

254 700 373 742 nobis
405 717 534 756 nuper
565 704 851 756 consociatam,
886 707 1004 748 nobis
1042 707 1265 749 identidem
1304 707 1543 749 conciliavit.
1602 710 1743 760 Nuper
1774 711 1828 750 ad
1865 710 2078 763 imperium
2116 711 2284 753 Sinense

253 764 416 835 publice
443 780 468 808 a
492 767 693 810 Britannis
717 769 873 820 missus,
903 770 1112 824 negotium
1136 773 1290 812 lentum
1313 779 1354 812 et
1381 773 1552 812 arduum
1576 771 1769 824 patientia
1791 771 1949 813 infinita
1973 787 2180 826 aggressus
2209 783 2281 823 est,

251 839 294 867 m
322 829 522 882 legatione
551 845 623 873 sua
648 834 869 887 longinqua
895 834 1056 887 linguae
1086 834 1266 876 Sinensis
1295 834 1532 887 professoris
1561 835 1687 876 nostri
1715 835 1853 887 primi¹
1882 849 2090 877 successor
2119 837 2282 878 ultimus

252 890 395 932 merito
414 894 666 935 constitutus.
726 896 894 937 Utinam
915 897 956 936 in
976 896 1146 949 imperio
1165 897 1235 937 illo
1254 897 1427 946 caelesti,
1449 897 1667 938 litterarum
1686 897 1942 950 antiquarum
1966 899 2108 940 studiis
2130 900 2280 949 dedito,

249 952 337 1005 ipse
363 954 513 997 litteras
541 957 758 998 hodiernas
786 958 856 999 diu
885 958 1063 1008 illustret,
1094 967 1134 1000 et
1163 960 1305 1000 florum
1335 960 1377 999 in
1406 961 1546 1000 tellure
1573 959 1640 1000 illa
1674 960 1942 1010 celeberrima,
1974 974 2057 1002 non
2087 963 2212 1002 modo
2241 963 2281 1002 in

247 1015 414 1058 floribus
441 1018 523 1059 suis
551 1020 733 1061 colendis
758 1022 942 1072 gaudeat,
974 1023 1047 1062 sed
1075 1022 1209 1071 etiam,
1237 1022 1388 1074 patriae
1414 1022 1538 1063 totius
1564 1023 1616 1063 ad
1646 1022 1873 1072 utilitatem,
1903 1023 2088 1063 laborum
2117 1037 2280 1064 suorum

247 1079 461 1131 longorum
489 1082 641 1122 fructus
668 1082 800 1124 indies
829 1083 1034 1124 uberiores
1063 1084 1282 1137 percipiat!

247 1205 275 1246 S
357 1144 478 1184 Duco
509 1146 563 1185 ad
592 1159 664 1186 vos
697 1147 738 1186 in
771 1146 942 1199 imperio
975 1146 1135 1187 Sinensi
1167 1149 1344 1200 legatum
1378 1155 1561 1188 nostrum
1599 1147 1803 1198 eximium,
1840 1149 2082 1188 ERNESTUM
2122 1150 2280 1189 MASON

275 1206 427 1247 A‘row'.

355 1318 470 1372 (373)
503 1318 586 1370 Qui
623 1320 832 1372 quondam
869 1319 911 1360 in
948 1333 1044 1372 agro
1082 1320 1385 1369 Saresberiensi‚
1418 1333 1577 1373 pugnae
1610 1318 1805 1372 equestris
1838 1318 1880 1359 in
1918 1319 2131 1361 simulacro
2169 1322 2277 1370 ficto,

245 1380 428 1422 omnium
453 1382 761 1423 admirationem
790 1382 1004 1432 excitavit³,
1027 1383 1136 1424 idem
1162 1397 1301 1436 nuper,
1323 1383 1484 1423 Africae
1503 1382 1699 1423 Australis
1719 1381 1760 1421 in
1785 1382 2004 1423 certamine
2030 1397 2135 1434 vero,
2157 1383 2277 1424 etiam

244 1443 428 1484 omnium
454 1445 793 1497 exspectationem
823 1446 913 1498 plus
942 1459 1065 1498 quam
1094 1448 1218 1487 semel
1249 1446 1460 1498 superavit.
1519 1445 1630 1487 Olim
1659 1445 1700 1485 in
1730 1447 1914 1497 Aegypto
1942 1459 1983 1486 re
2007 1446 2111 1486 bene
2133 1447 2275 1498 gesta⁴,

243 1506 287 1547 in
314 1515 418 1548 terra
445 1508 581 1549 Natali
608 1522 767 1561 pugnae
794 1509 969 1561 equestri
997 1509 1149 1562 duplici
1175 1510 1342 1550 feliciter
1370 1509 1586 1559 interfuit¹⁵3
1615 1509 1672 1550 ibi
1700 1509 1925 1550 obsidionis
1954 1509 2226 1562 impendentis
2254 1524 2278 1551 e

243 1571 398 1623 laqueis
423 1584 511 1613 sese
533 1574 575 1613 in
600 1571 690 1624 ipso
712 1573 881 1614 articulo
909 1572 1101 1624 temporis
1129 1572 1355 1625 expedivit3
1384 1579 1492 1612 trans
1521 1573 1718 1624 Tugelam
1747 1573 1899 1613 flumen
1924 1571 2060 1612 subito
2082 1572 2253 1612 evolavit
2265 1587 2277 1622 ς

243 1641 396 1686 postea,
411 1635 598 1688 periculis
618 1635 798 1688 plurimis
818 1644 980 1677 strenue
999 1635 1206 1688 superatis,
1228 1649 1299 1688 per
1318 1643 1482 1676 centum
1502 1634 1611 1674 milia
1630 1647 1835 1686 passuum,
1853 1635 1937 1674 duo
1957 1634 2148 1687 deinceps
2168 1643 2276 1675 trans

242 1697 420 1748 flumina,
450 1698 675 1740 incredibili
707 1701 910 1740 celeritate
941 1712 1184 1752 progressus,
1216 1697 1573 1750 Adamantopolis⁶
1601 1704 1736 1749 portas
1769 1696 1896 1737 victor
1928 1696 2097 1737 intravit.
2158 1698 2275 1738 Idem

241 1760 392 1802 abhinc
429 1761 657 1811 triennium,
690 1775 714 1803 a
744 1764 849 1803 duce
887 1770 1024 1803 nostro
1062 1761 1323 1802 celeberrimo
1362 1760 1493 1801 Nonis
1532 1760 1659 1800 Iuniis
1696 1766 1815 1811 capta
1853 1758 2083 1809 Praetoria⁷,
2119 1767 2274 1812 septem

241 1823 386 1866 diebus
418 1824 674 1877 interpositis,
706 1826 785 1865 hoc
818 1825 908 1877 ipso
942 1824 1035 1877 (nisi
1072 1823 1204 1877 fallor)
1235 1823 1332 1864 anni
1369 1823 1447 1872 die,
1480 1822 1637 1864 Cameli
1666 1823 1720 1862 ad
1757 1822 1919 1862 Vadum
1951 1822 2165 1863 stationem
2198 1822 2275 1862 sibi

239 1887 434 1928 creditam
465 1887 618 1928 fortiter
648 1895 770 1939 atque
799 1889 904 1928 adeo
937 1886 1191 1940 pertinaciter
1225 1885 1418 1926 tenebat⁸.
1478 1886 1613 1925 Nemo
1647 1886 1813 1925 fortasse
1846 1898 2040 1936 umquam
2071 1884 2274 1936 equitibus

240 1949 492 2003 praepositus
520 1949 684 1990 virtutes
712 1949 799 1990 illas
827 1949 1103 2003 imperatorias
1131 1949 1235 1989 inter
1263 1962 1306 1989 se
1334 1947 1562 1996 contrarias,
1588 1947 1801 1987 consilium
1829 1946 1871 1986 in
1900 1946 2151 1999 providendo
2179 1960 2273 1987 cum

239 2012 443 2054 eeleritate
464 2012 506 2053 in
530 2012 799 2060 conficiendo,
819 2012 1080 2065 pertinaciam
1105 2019 1146 2053 et
1169 2010 1405 2064 patientiam
1434 2024 1527 2051 cum
1553 2009 1788 2062 pernicitate
1811 2017 1851 2049 et
1877 2010 2098 2058 velocitate,
2120 2009 2274 2050 felicius

239 2074 460 2116 coniumdt.

349 2140 470 2180 Duco
487 2140 542 2180 ad
561 2152 633 2180 vos
652 2139 830 2192 equitem
851 2139 1067 2192 egregium,
1090 2140 1298 2180 IOANNEM
1320 2140 1508 2179 Damon
1531 2139 1785 2177 PmKs'rONE
1804 2138 1999 2176 Flumen.

347 2242 464 2296 (374)
492 2242 565 2283 Vir
589 2242 632 2283 in
655 2242 880 2284 Caledonia
903 2242 1069 2295 quidem
1096 2249 1225 2291 natus,
1247 2241 1290 2281 in
1314 2242 1499 2293 Aegypto
1524 2246 1661 2280 autem
1680 2239 1844 2279 vulnere
1873 2237 2024 2290 duplici
2050 2251 2124 2290 pro
2147 2238 2274 2290 patria

238 2306 392 2347 fortiter
408 2313 588 2359 accepto,
604 2306 757 2358 regioni
779 2306 1031 2358 Dongolensi
1051 2319 1196 2358 magna
1215 2319 1309 2346 cum
1329 2306 1450 2346 laude
1469 2304 1732 2357 praepositus,
1750 2304 1897 2343 famam
1918 2302 2181 2343 recentiorem
2198 2301 2273 2355 (uti

238 2368 347 2409 scitis
366 2367 525 2421 omnes)
546 2368 707 2408 australi
726 2368 959 2420 praesertim
979 2381 1028 2408 ex
1050 2368 1182 2408 Africa
1201 2367 1426 2420 reportavit.
1486 2366 1562 2416 Ibi,
1583 2381 1632 2407 ex
1651 2366 1750 2406 urbe
1769 2373 1878 2405 trans
1900 2366 2097 2417 Tugelam
2122 2365 2272 2405 flumen

237 2429 511 2480 circumsessa,
546 2430 684 2483 paucis
717 2430 1015 2479 comitantibus,
1051 2443 1122 2482 per
1156 2437 1318 2470 noctem
1351 2430 1523 2481 elapsus,
1557 2427 1599 2467 in
1630 2428 1733 2468 colle
1766 2427 1995 2479 propinquo
2025 2434 2271 2467 tormentum

237 2493 392 2546 ingens,
416 2493 631 2534 fulminum
660 2494 815 2534 fontem
843 2495 1016 2543 fatalem,
1042 2493 1223 2534 funditus
1252 2492 1430 2541 evertit⁹;
1458 2493 1526 2541 ibi,
1552 2492 1838 2544 imperatorum
1865 2498 2093 2531 nostrorum
2119 2490 2271 2542 primus

237 2556 414 2597 fluminis
450 2555 617 2596 Vahalis
653 2555 823 2596 limitem
861 2556 1114 2598 Christianae
1151 2555 1327 2596 vicinum
1366 2555 1520 2595 transiit
1532 2569 1544 2605 3
1586 2554 1654 2602 ibi,
1693 2562 1801 2594 trans
1844 2552 2133 2606 rempublicam
2173 2552 2270 2592 olim

235 2619 403 2660 liberam
439 2618 689 2660 nominatam
698 2619 736 2667 ¹⁰,
768 2618 883 2670 quasi
915 2618 1010 2659 retis
1047 2618 1235 2658 immensi
1272 2618 1399 2670 plagis
1432 2616 1582 2669 passim
1615 2615 1830 2668 dispositis,
1866 2614 2043 2655 hostium
2077 2613 2270 2667 plurimos

237 2683 480 2723 Basutorum
506 2681 548 2721 in
572 2688 731 2721 montes
754 2682 945 2722 adversos
970 2680 1131 2721 inclusit
1156 2688 1279 2732 atque
1304 2681 1357 2721 ad
1385 2679 1636 2721 deditionem
1665 2677 1872 2731 compulit.
1931 2678 2072 2729 Nuper
2100 2677 2270 2717 domum

236 2759 415 2787 reversus
438 2753 478 2787 et
503 2745 698 2787 exercitus
722 2745 848 2786 nostri
871 2744 998 2797 copiis
1026 2744 1068 2784 in
1097 2743 1321 2786 Caledonia
1347 2757 1420 2783 sua
1447 2741 1709 2796 praepositus,
1741 2741 1863 2783 etiam
1891 2740 1933 2780 in
1962 2747 2167 2793 posterum
2196 2752 2270 2792 pro

235 2808 362 2861 patria
381 2821 672 2861 saepenumero
692 2807 754 2860 <ut
773 2807 999 2860 speramus)
1019 2820 1209 2860 prospere
1228 2806 1499 2859 proeliabitur.

345 2873 466 2912 Duco
484 2871 538 2912 ad
557 2884 629 2912 vos
649 2870 827 2923 equitem
847 2870 1050 2919 eximium,
1075 2871 1399 2910 ARCHmALDUM
1422 2870 1628 2909 HUNTER.

321 2967 335 2989 ¹
359 2969 414 3011 Sir
427 2969 578 3002 Thomas
594 2969 717 3010 Wade,
735 2980 792 3002 no.
809 2979 872 3011 114
885 2975 1002 3013 supra.
1198 2967 1214 2988 ²
1236 2968 1371 3001 Author
1386 2967 1425 3001 of
1440 2978 1483 3000 an
1499 2967 1827 3010 Englishffapanese
1842 2966 2060 3007 Dictionary,
2077 2974 2098 2996 a
2117 2963 2222 2996 Guide
2236 2967 2268 2995 to

221 3013 359 3056 Japan,
376 3018 439 3046 etc.
460 3018 524 3047 etc.
667 3012 683 3035 ³
709 3014 804 3056 1898.
930 3012 945 3033 ⁴
969 3012 1118 3053 Soudan,
1141 3013 1281 3053 1884-5.
1407 3011 1421 3031 ⁵
1445 3012 1696 3055 Elandslaagte‚
1717 3011 1784 3043 and
1803 3009 2023 3042 Rietsontein.
2155 3006 2170 3027 ⁶
2191 3007 2268 3040 The

237 3056 545 3090 ‘diamond-town’
569 3056 608 3090 of
620 3057 828 3100 KimberIey,
848 3057 994 3090 relieved
1010 3058 1054 3100 by
1071 3057 1217 3090 General
1234 3055 1377 3094 French,
1398 3065 1435 3098 15
1453 3056 1536 3088 Feb.
1560 3065 1654 3099 1900.
1744 3053 1758 3075 ⁷
1782 3053 1944 3092 Pretoria,
1962 3051 2099 3085 entered
2113 3051 2158 3094 by
2176 3051 2267 3083 Lord

236 3101 393 3139 Roberts‚
410 3111 428 3143 5
443 3101 532 3143 June
551 3111 644 3145 1900.
805 3099 820 3121 ⁸
845 3101 1095 3141 Kameclsdrist,
1120 3112 1131 3133 1
1142 3111 1244 3134 1-—12
1260 3102 1360 3143 June,
1380 3100 1446 3132 and
1464 3099 1521 3132 the
1537 3099 1643 3132 battle
1658 3099 1698 3131 of
1710 3097 1882 3131 Diamond
1902 3097 1988 3134 Hill,
2009 3106 2046 3128 12
2060 3096 2150 3138 June
2170 3105 2265 3138 1900.

233 3143 248 3165 ⁹
270 3145 345 3178 The
359 3145 573 3188 night-sortie
588 3143 626 3177 of
638 3146 658 3178 8
675 3145 758 3178 Dec.
781 3146 875 3190 1899,
894 3145 961 3178 and
977 3145 1035 3178 the
1050 3145 1199 3188 blowing
1214 3156 1260 3188 up
1276 3145 1315 3177 of
1327 3145 1383 3177 the
1398 3149 1492 3187 great
1510 3142 1684 3177 ‘Creusot’
1700 3153 1746 3176 on
1762 3142 1841 3176 Gun
1859 3141 1946 3179 Hill,
1958 3151 2039 3174 near
2055 3138 2266 3182 Ladysmith.

233 3186 262 3209 ²⁰
283 3189 358 3222 The
373 3189 511 3232 Orange
527 3189 556 3222 F
557 3199 612 3222 ree
628 3189 734 3223 State.

1216 3275 1232 3300 ¹
1241 3272 1262 3312 7
1268 3274 1291 3311 3
