2704 3770
656 343 917 407 Reginald
946 343 1161 407 Steplwn
1201 342 1465 407 Copleston.
1538 343 1732 391 Daniel
1762 343 2016 407 Sylvester
2057 344 2107 392 T
2099 346 2235 395 uttle.

443 489 574 530 dentis
603 502 729 540 usque
757 490 809 528 ad
838 488 1022 528 ultimum
1052 486 1219 528 sinum²¹
1246 487 1426 539 protinus
1454 487 1664 539 pergimus.
1723 486 1885 526 Abhinc
1912 500 2040 527 annos
2069 495 2222 540 septem
2250 496 2290 529 et
2318 490 2456 542 viginti

443 560 696 593 consecratus
729 559 789 592 est
819 551 1037 591 insularum
1066 550 1374 591 occidentalium
1406 549 1617 601 episcopus
1652 548 1814 600 quidam
1849 549 2188 601 metropolitanus,
2221 551 2290 602 qui
2319 553 2456 592 sedem

443 627 555 654 suam
575 614 842 665 episcopalem
861 613 902 652 in
922 611 1070 652 insula⁹
1090 613 1212 652 habet
1231 613 1339 651 haud
1359 612 1413 650 ita
1433 611 1586 662 pridem
1606 610 1789 661 procellis
1809 610 2102 650 violentissimis
2122 619 2314 662 vexatam,
2330 626 2457 665 nuper

442 682 576 715 autem
595 683 720 715 terrae
739 682 851 714 motu
871 674 1132 714 formiduloso
1152 686 1389 713 concussam
1409 680 1448 712 et
1467 685 1592 724 prope
1611 672 1790 711 funditus
1806 671 2011 711 eversam³.
2071 674 2271 724 Tempore
2286 673 2354 714 illo
2369 674 2456 715 diro

441 737 570 777 insula
588 745 647 778 tot
666 737 955 777 calamitatibus
976 737 1148 776 obnoxia
1167 735 1208 774 in
1229 735 1418 787 episcopo
1444 747 1518 774 suo
1537 734 1664 774 virum
1685 734 1726 774 in
1746 734 1947 774 laboribus
1968 734 2137 786 publicis
2158 743 2373 786 strenuum,
2396 744 2456 778 tot

439 799 552 840 malis
572 800 783 840 immotum
802 799 925 848 vidit;
953 799 1050 839 vidit
1073 798 1242 838 ‘iustum
1262 805 1301 838 et
1320 805 1502 837 tenacem
1523 797 1715 849 propositi
1736 797 1863 837 virum
1876 799 1885 817 '
1905 799 2120 850 praeconio
2139 799 2208 839 illo
2229 799 2455 840 Horatiano

443 873 526 900 non
545 860 754 913 indignum
769 877 833 902 :—

1093 921 1147 961 ‘si
1176 922 1322 961 fractus
1350 921 1533 961 illabatur
1561 921 1680 970 orbis,

1170 975 1417 1027 impavidum
1446 976 1587 1015 ferient
1615 975 1802 1015 ruinae'⁴.

552 1052 669 1090 Duco
706 1051 759 1090 ad
796 1063 867 1090 vos
905 1049 1032 1089 virum
1070 1048 1454 1098 reverendissimum,
1492 1050 1609 1088 ENos
1649 1050 1864 1098 NUTTALL,
1902 1049 2110 1090 Indiarum
2147 1050 2456 1092 occidentalium

443 1113 799 1164 archiepiscopum.

551 1240 666 1294 (489)
686 1241 892 1282 Indiarum
912 1241 1220 1282 occidentalium
1240 1241 1292 1280 ab
1312 1240 1449 1280 insulis
1468 1242 1521 1280 ad
1541 1241 1701 1281 Indiam
1721 1241 1953 1282 orientalem
1973 1241 2152 1293 profecti,
2173 1242 2314 1283 Indiae
2333 1242 2455 1284 totius

443 1304 581 1344 sedem
609 1304 956 1355 metropolitanam
985 1304 1194 1354 tangimus,
1216 1303 1365 1343 abhinc
1392 1317 1519 1343 annos
1549 1305 1690 1343 decem
1719 1311 1759 1344 et
1787 1305 1983 1344 ducentos
2007 1319 2030 1344 a
2057 1305 2257 1345 Britannis
2282 1306 2455 1358 primum

443 1371 690 1416 occupatam,
712 1378 783 1416 per
810 1378 938 1404 annos
966 1364 1128 1404 vixdum
1157 1371 1320 1404 centum
1349 1363 1528 1415 episcopi
1557 1366 1694 1404 sedem
1721 1365 1979 1416 nominatam,
2001 1378 2070 1417 per
2097 1379 2226 1406 annos
2254 1367 2456 1419 sexaginta

443 1426 610 1467 ecclesia
636 1427 852 1467 cathedrali
878 1434 1118 1466 exornatam.
1178 1426 1252 1474 Ibi,
1274 1433 1367 1465 ante
1391 1427 1465 1466 hos
1485 1439 1553 1466 sex
1575 1440 1714 1475 annos,
1736 1429 1898 1467 alumno
1922 1435 2058 1468 nostro
2086 1428 2244 1478 dilecto,
2265 1431 2455 1482 episcopo

443 1488 719 1537 Calcuttensi¹⁵,
741 1502 946 1529 successor
972 1490 1088 1529 datus
1115 1496 1174 1528 est
1197 1488 1253 1528 vir
1278 1488 1416 1528 litteris
1442 1489 1743 1529 humanioribus
1771 1492 1960 1540 excultus,
1983 1498 2135 1542 septem
2159 1499 2199 1531 et
2225 1491 2361 1543 viginti
2386 1506 2458 1545 per

442 1565 569 1591 annos
607 1552 819 1604 episcopus
863 1552 1156 1600 Columbensis‚
1198 1551 1291 1591 iuris
1334 1551 1570 1603 episcopalis
1612 1561 1781 1593 assertor
1818 1553 2101 1603 fidelissimus⁶,
2143 1554 2454 1596 Buddhistarum

441 1613 639 1664 religionis
677 1614 864 1665 antiquae
902 1614 1155 1665 investigator
1198 1613 1515 1662 eruditissimus⁷,
1556 1621 1687 1654 orator
1729 1614 1904 1667 denique
1945 1615 2196 1655 orientalium
2233 1615 2456 1668 linguarum

442 1674 697 1726 plurimarum
718 1675 857 1726 peritia
876 1676 1110 1726 praeclarus,
1133 1673 1246 1714 cuius
1265 1675 1317 1714 ab
1337 1687 1415 1723 ore,
1437 1676 1545 1714 velut
1564 1675 1658 1714 olim
1685 1676 1942 1716 Pentecostes
1966 1676 2042 1726 die,
2065 1690 2208 1729 magna
2233 1690 2355 1729 opera
2378 1677 2456 1718 Dei

443 1736 523 1776 suis
543 1736 686 1788 linguis
705 1743 843 1788 gentes
863 1736 1056 1788 plurimae
1075 1736 1177 1776 inter
1196 1749 1238 1776 se
1258 1736 1436 1776 diversae
1455 1736 1697 1776 admirantes
1716 1737 1939 1777 audierunt.

551 1800 670 1838 Duco
689 1799 742 1838 ad
761 1811 832 1838 vos
851 1797 978 1837 virum
998 1797 1380 1846 reverendissimum,
1400 1798 1567 1849 Collegii
1584 1798 1677 1837 Divi
1693 1799 1857 1839 Ioannis
1873 1800 2076 1852 Baptistae
2091 1800 2193 1841 inter
2208 1799 2456 1841 Oxonienses

443 1861 649 1911 quondam
683 1859 847 1909 socium,
880 1862 1173 1899 REGINALDUM
1203 1861 1469 1900 STEPHANUM
1499 1860 1761 1910 COPLEsTON,
1794 1861 1936 1901 Indiae
1964 1862 2086 1902 totius
2114 1861 2456 1914 archiepiscopum

442 1922 803 1974 metropolitanum,
826 1922 894 1974 qui
923 1936 1006 1962 non
1035 1924 1158 1963 modo
1187 1923 1290 1963 inter
1318 1930 1508 1974 cognatos
1538 1936 1630 1963 suos
1655 1923 1889 1975 episcopum
1915 1924 2171 1973 indefessum,
2193 1926 2456 1976 professorem

442 1985 648 2035 quondam
681 1984 869 2024 eximium
904 1984 1187 2033 Oxoniensem,
1223 1985 1385 2025 honoris
1418 1998 1538 2024 causa
1566 1986 1771 2024 doctorem
1807 1986 2205 2038 Cantabrigiensem⁸‚
2237 1987 2308 2026 sed
2335 1985 2454 2026 etiam

441 2046 543 2087 inter
580 2047 748 2087 maiores
785 2060 878 2086 suos
918 2047 1087 2098 Collegii
1131 2048 1291 2099 Regalis
1335 2047 1616 2099 praepositum,
1656 2048 2008 2099 procancellarium
2053 2048 2452 2100 Cantabrigiensem⁹,

443 2121 650 2148 numerare
669 2110 891 2149 confitetur.

552 2243 667 2298 (490)
701 2244 931 2284 Fluminum
964 2245 1185 2297 ingentium
1214 2258 1238 2284 a
1271 2252 1373 2285 terra
1401 2244 1581 2284 orientali
1614 2244 1824 2284 fluminum
1853 2244 2073 2296 ingentium
2101 2245 2154 2284 ad
2182 2251 2326 2285 terram
2353 2245 2456 2285 occi-

444 2308 655 2355 dentalem,
686 2307 738 2346 ab
771 2307 961 2358 episcopo
995 2307 1200 2358 quondam
1231 2306 1493 2346 Columbensi
1520 2308 1573 2346 ad
1602 2306 1771 2358 Collegii
1800 2305 2058 2348 Columbiani
2085 2308 2304 2356 alumnum,
2335 2314 2458 2348 trans·

444 2382 592 2409 eamus.
650 2369 843 2408 Amnium
865 2369 1127 2408 maximorum
1147 2382 1272 2421 prope
1291 2371 1551 2417 confluentes,
1574 2369 1709 2408 Sancti
1729 2369 1925 2409 Ludovici
1944 2369 1985 2408 in
2005 2369 2113 2418 urbe,
2135 2369 2215 2409 iam
2237 2383 2308 2421 per
2329 2383 2457 2411 annos

442 2430 578 2482 viginti
616 2431 753 2470 sedem
792 2430 931 2470 habuit
963 2431 1232 2483 episcopalem
1266 2431 1323 2470 vir
1354 2431 1502 2471 abhinc
1534 2444 1662 2471 annos
1696 2432 1957 2484 quadraginta
1995 2432 2036 2471 in
2074 2431 2276 2484 republica
2313 2434 2455 2473 eadem

442 2493 613 2533 maxima
642 2493 813 2545 regionis
848 2501 1062 2534 montanae
1095 2494 1308 2546 episcopus
1341 2502 1606 2534 consecratus.
1666 2495 1798 2534 Nemo
1831 2494 1934 2535 vitae
1971 2501 2155 2546 peractae
2192 2494 2319 2546 spatia
2354 2495 2457 2535 inter

443 2568 485 2595 se
505 2563 586 2595 tam
606 2555 761 2595 diversa
779 2555 915 2595 animo
934 2563 1045 2607 grato
1065 2569 1281 2604 remensus,
1303 2555 1447 2595 cantici
1466 2556 1569 2595 illius
1584 2555 1683 2595 sacri
1698 2556 1818 2596 verba
1837 2563 1968 2608 potest
1981 2556 2112 2607 aptius
2127 2556 2382 2608 pronuntiare
2392 2571 2456 2596 2-—

442 2618 657 2656 Benedicite
675 2617 849 2656 Domino
868 2623 1009 2657 montes
1027 2623 1064 2657 et
1079 2619 1203 2658 colles:
1232 2619 1361 2656 maria
1381 2618 1600 2668 etflumina
1619 2619 1793 2657 Domino
1811 2619 2049 2658 benedia'te10.

550 2681 669 2719 Duco
697 2681 749 2720 ad
778 2693 848 2719 vos
881 2680 1008 2720 virum
1039 2680 1423 2729 reverendissimum,
1457 2673 1628 2719 DANIEL
1654 2681 1894 2720 SYLVESTER
1923 2681 2108 2729 TUTTLE,
2140 2680 2375 2732 episcopum
2403 2679 2455 2719 de

444 2741 645 2790 Missouri,
675 2741 919 2793 reipublicae
947 2741 1143 2781 maximae
1171 2742 1450 2794 episcoporum
1480 2741 1661 2781 omnium
1691 2741 1915 2793 praesidem
1943 2741 2254 2782 venerabilem²².

528 2853 539 2874 ²
564 2854 711 2894 Horace,
729 2855 834 2897 Epod.
850 2853 864 2886 i
882 2865 932 2896 13.
1077 2853 1092 2876 ²
1111 2855 1271 2897 Jamaica.
1414 2852 1429 2874 ⁸
1451 2855 1525 2887 The
1541 2854 1715 2886 hurricane
1729 2853 1768 2885 of
1779 2853 1910 2895 August
1930 2862 2023 2895 1903,
2042 2853 2109 2885 and
2124 2852 2182 2885 the
2197 2851 2404 2894 earthquake
2419 2851 2459 2884 of

447 2908 459 2930 1
477 2898 553 2939 Jan.
574 2899 667 2940 1908.
779 2897 793 2916 ⁴
819 2898 931 2930 Carm.
949 2898 985 2930 iii
1002 2908 1032 2940 3,
1052 2908 1064 2930 1
1085 2898 1152 2930 and
1169 2907 1185 2939 7
1200 2898 1222 2931 f.
1336 2896 1349 2917 ⁶
1373 2898 1498 2940 Bishop
1514 2897 1684 2934 Welldon‚
1701 2907 1757 2930 no.
1775 2907 1838 2938 304
1853 2901 1968 2938 supra.
2083 2895 2096 2916 ⁸
2118 2896 2248 2939 Ceylon
2264 2895 2404 2928 Mission
2420 2894 2460 2927 of

440 2941 587 2979 C.M.S.‚
606 2942 888 2983 Correspondence,
910 2943 1002 2984 1879.
1129 2941 1143 2963 ⁷
1165 2941 1368 2978 Buddhism,
1386 2942 1568 2973 Primitive
1580 2942 1654 2972 and
1665 2940 1812 2972 Present.
1947 2937 1961 2958 ⁸
1984 2939 2057 2971 The
2075 2937 2318 2981 Archbishop’s
2331 2938 2453 2981 grand-

440 2984 549 3021 uncle,
567 2984 714 3015 Edward
738 2984 933 3026 Copleston,
954 2985 981 3016 F
983 2984 1082 3016 ellow
1104 2985 1143 3016 of
1161 2985 1265 3021 Oriel,
1289 2985 1409 3016 author
1431 2985 1469 3016 os
1488 2984 1721 3016 Praelectiones
1743 2983 1964 3022 Academicae,
1990 2983 2058 3015 and
2079 2983 2206 3025 Bishop
2226 2982 2265 3015 of
2284 2981 2450 3021 Llandaff,

442 3027 563 3058 LL.D.
580 3027 792 3069 Cambridge,
812 3027 924 3070 6Ju1y
943 3030 1024 3069 1835
1043 3027 1089 3070 (at
1105 3029 1162 3060 the
1187 3027 1429 3060 ‘Installation’
1445 3028 1484 3059 of
1501 3027 1557 3059 the
1580 3028 1754 3069 Marquess
1778 3026 1930 3059 Camden
1952 3036 1988 3058 as
2011 3026 2229 3066 Chancellor;
2252 3036 2304 3068 cp.
2323 3025 2372 3058 Li
2383 3035 2401 3057 e
2419 3023 2462 3066 qs

441 3070 595 3101 Edward
610 3071 787 3112 Copleston,
810 3070 871 3104 160
879 3071 917 3112 f).
1096 3069 1110 3090 ⁹
1129 3071 1220 3113 John
1236 3071 1431 3113 Copleston,
1451 3071 1590 3102 Provost
1610 3070 1747 3112 1681-9,
1767 3069 2067 3102 Vice-Chancellor
2086 3069 2177 3102 1682.
2335 3067 2348 3088 ¹
2386 3067 2450 3110 Cp.

440 3113 497 3145 the
514 3113 614 3144 Latin
629 3113 714 3145 form
731 3114 769 3144 of
780 3114 836 3145 the
853 3115 1041 3146 Benedz'cite
1053 3114 1088 3146 in
1105 3114 1161 3147 the
1176 3115 1320 3155 Vulgate
1335 3115 1466 3146 version
1482 3114 1520 3146 of
1531 3114 1587 3146 the
1605 3113 1815 3156 Septuagint,
1831 3113 1971 3151 Daniel,
1990 3113 2026 3144 iii
2043 3123 2095 3155 53,
2114 3112 2166 3153 56.
2276 3110 2303 3131 ¹¹
2326 3110 2452 3154 Bishop

439 3156 478 3188 of
490 3157 653 3188 Montana
668 3156 735 3188 and
751 3157 807 3189 the
822 3157 977 3199 adjacent
994 3158 1104 3190 States
1119 3158 1204 3189 from
1224 3157 1304 3199 1867
1321 3163 1357 3189 to
1377 3157 1470 3190 1886.

1411 3243 1487 3268 220
