2704 3770
1115 351 1166 399 T
1156 351 1216 400 [ιε
1238 351 1294 399 E
1293 351 1383 400 arl
1411 351 1477 415 of
1497 351 1835 403 Portsmoutlt.

567 496 669 535 Tam
717 499 925 548 praeclaris
972 500 1088 552 igitur
1133 498 1420 551 professoribus
1463 507 1602 539 ornata
1648 499 1895 539 Universitas
1941 500 2007 539 illa
2047 508 2186 549 vestra,
2225 501 2267 540 in
2312 501 2470 542 civitate

459 557 737 599 florentissima
770 562 975 609 collocata,
1006 563 1102 604 olim
1136 576 1206 614 per
1238 564 1442 613 Europam
1476 568 1600 601 totam
1635 563 1767 613 legum
1801 563 1942 612 nutrix,
1977 563 2198 604 studiorum
2230 572 2354 605 mater
2385 565 2470 606 iure

458 620 613 671 optimo
632 622 837 664 nominata
860 632 919 665 est
931 640 943 675 ς
972 625 1068 677 quin
1095 625 1213 666 etiam
1243 625 1337 664 urbs
1364 624 1460 676 ipsa,
1482 637 1606 676 prope
1632 632 1794 665 centum
1823 625 1971 666 abhinc
1996 629 2135 676 annos,
2157 627 2392 668 nostratium
2416 629 2469 669 ab

459 689 614 723 oratore
644 685 821 736 quodam
857 686 1002 727 ‘libera
1033 687 1099 726 illa
1133 693 1173 726 et
1206 685 1342 726 fertilis
1372 693 1412 726 et
1439 685 1530 725 felix
1560 686 1768 727 Bononiae
1798 687 1947 736 civitas,
1977 687 2306 740 iurisprudentiae
2333 690 2468 730 denuo

458 745 658 786 nascentis
695 746 947 798 incunabula,
988 749 1240 789 scientiarum
1277 756 1397 799 atque
1434 748 1577 788 artium
1615 750 1730 789 sedes
1767 749 1934 791 dilecta’
1968 751 2108 792 merito
2143 753 2342 803 appellata
2377 753 2467 793 est&

461 806 615 847 Urbem
635 821 728 848 vero
748 816 829 849 tam
853 809 1059 862 insignem,
1082 818 1192 850 tanta
1214 811 1456 850 advenarum
1480 810 1735 851 multitudine
1761 812 1975 863 quotannis
2001 814 2301 864 frequentatam,
2322 813 2355 853 si
2379 813 2468 866 quis

459 877 596 910 nostro
630 884 652 911 e
684 886 851 913 numero
883 874 984 914 forte
1016 873 1158 922 invisit,
1191 873 1360 913 libenter
1392 872 1458 912 ille
1491 872 1653 924 quidem
1687 881 1815 914 vestra
1844 874 1987 914 artium
2020 883 2291 926 monumenta,
2321 883 2468 917 vesu-as

459 931 645 983 porticus,
667 941 795 974 vestra
813 935 968 987 palatia,
990 942 1118 975 vestra
1138 948 1275 974 musea
1293 934 1509 974 admiratur
1523 949 1533 984 3
1562 936 1634 975 sed
1653 934 1837 987 singulari
1858 937 2032 987 quadam
2052 937 2306 978 veneratione
2324 937 2468 979 atrium

458 992 558 1033 illud
590 995 799 1047 antiquum
832 999 1134 1049 contemplatur,
1169 997 1239 1037 ubi
1272 1003 1331 1036 tot
1369 996 1486 1048 clipei
1520 997 1719 1037 coloribus
1752 998 1892 1038 vividis
1930 999 2078 1050 depicti
2115 999 2271 1040 illorum
2303 999 2469 1040 nomina

458 1064 498 1096 et
527 1065 665 1109 gentes
695 1059 884 1109 indicant,
921 1074 1197 1112 quoscumque
1230 1060 1344 1100 titulo
1377 1067 1507 1100 vestro
1541 1060 1763 1101 honorifico
1796 1060 1892 1101 olim
1924 1061 2161 1102 ornavistisss.
2220 1063 2470 1103 Recordatur

459 1119 649 1172 deinceps
675 1121 793 1161 etiam
817 1122 869 1162 ab
897 1124 983 1174 ipsa
1012 1122 1213 1162 Britannia
1241 1124 1447 1174 quondam
1476 1121 1637 1163 iuvenes
1666 1122 1838 1163 veritatis
1865 1122 2003 1163 avidos
2031 1125 2083 1164 ad
2111 1124 2316 1165 doctrinae
2342 1124 2469 1165 domi-

458 1180 593 1221 cilium
618 1181 727 1232 illud,
749 1190 952 1235 tamquam
975 1185 1028 1224 ad
1050 1185 1266 1234 oraculum,
1295 1185 1508 1224 adventare
1536 1183 1683 1224 solitos.
1743 1185 1846 1224 Inde
1871 1186 1923 1224 ad
1949 1186 2086 1226 sedem
2111 1193 2280 1226 vestram
2306 1185 2468 1227 recenti-

459 1256 569 1283 orem
606 1243 815 1295 digressus,
849 1245 961 1285 audit
997 1245 1105 1286 idem
1143 1245 1395 1286 scientiarum
1428 1245 1661 1285 Institutum
1694 1252 1867 1285 vestrum
1900 1247 2201 1287 celeberrimum
2237 1248 2290 1288 ab
2325 1261 2408 1288 uno
2444 1261 2468 1288 e

459 1305 644 1345 Newtoni
672 1306 796 1345 nostri
823 1306 960 1346 amicis
989 1306 1109 1347 fuisse
1137 1307 1375 1347 conditum⁸.

568 1368 674 1418 Ergo
693 1374 752 1407 tot
772 1368 933 1419 hospitii
954 1370 1093 1408 veteris
1112 1368 1279 1408 vinculis
1298 1369 1507 1408 vobiscum
1527 1367 1741 1416 coniuncti,
1764 1375 1804 1408 et
1823 1369 2098 1409 communium
2117 1369 2339 1410 studiorum
2357 1371 2467 1411 cultu

458 1428 688 1477 consociati,
711 1429 809 1469 nihil
832 1430 954 1470 hodie
978 1430 1091 1470 vobis
1116 1430 1357 1482 auspicatius
1383 1438 1569 1482 exoptare
1589 1443 1811 1482 possumuS,
1832 1444 1953 1482 quam
1979 1439 2023 1472 ut
2047 1432 2216 1484 plurima
2241 1433 2283 1472 in
2310 1434 2468 1474 saecula

458 1504 635 1531 amorem
664 1492 880 1542 doctrinae,
910 1506 1088 1533 amorem
1117 1493 1318 1541 libertatis,
1351 1493 1464 1533 vobis
1492 1493 1724 1545 ingenitum,
1755 1494 1888 1534 fovere
1916 1495 2196 1546 perseveretis;
2227 1502 2266 1535 et
2294 1503 2468 1537 veterem

457 1554 564 1594 illam
594 1555 765 1602 laudem,
798 1558 807 1575 ‘
822 1555 1006 1595 Bononia
1034 1557 1153 1596 docet
1166 1556 1186 1604 ⁷,
1217 1556 1330 1596 vobis
1359 1557 1467 1597 velut
1495 1556 1591 1597 olim
1619 1556 1660 1596 in
1689 1565 1925 1609 perpetuum
1954 1558 2173 1600 vindicetis.
2230 1559 2382 1600 Valete.

566 1633 722 1671 Datum
747 1633 1021 1684 Cantabrigiae

674 1700 710 1725 a.
732 1688 767 1726 d.
790 1686 828 1726 ix
847 1688 942 1726 Kal.
964 1688 1107 1727 Iunias

783 1743 836 1780 A.
858 1742 898 1781 S.
921 1742 1291 1782 MDCCCLXXXV1114.

1262 1899 1350 1938 Viri
1373 1900 1671 1942 honoratzksimo

1067 1989 1283 2030 COMlTl
1328 1990 1401 2030 DE
1441 1991 1857 2034 PORTSMOUTH

790 2070 830 2109 S.
852 2071 908 2108 D.
938 2071 1274 2109 Procancellart'us
1302 2071 1543 2121 reliquusque
1571 2073 1737 2112 Senatus
1769 2074 2105 2124 Cantabrzgtknszk.

568 2158 684 2212 (539)
714 2160 921 2199 NEw'rom
954 2161 1068 2209 fama,
1091 2160 1271 2212 quamvis
1297 2174 1367 2212 per
1397 2169 1525 2201 totum
1554 2162 1693 2202 orbern
1722 2171 1911 2204 terrarum
1940 2172 2021 2204 tam
2054 2167 2131 2206 late
2159 2166 2210 2206 sit
2239 2167 2392 2218 diffusa,
2423 2177 2467 2210 ut

459 2222 659 2270 omnibus,
681 2222 750 2273 qui
776 2222 964 2263 scientiae
986 2236 1122 2263 amore
1149 2225 1210 2263 vel
1237 2224 1488 2263 mediocriter
1512 2224 1654 2264 imbuti
1678 2226 1766 2275 sint,
1795 2227 1908 2278 quasi
1935 2227 2018 2267 iure
2046 2229 2208 2279 publico
2236 2243 2352 2271 curae
2380 2245 2467 2273 esse

460 2285 651 2334 videatur,
679 2293 826 2333 tamen,
858 2288 944 2338 lege
972 2288 1146 2338 quadam
1179 2286 1338 2338 propria
1366 2294 1405 2327 et
1429 2288 1627 2338 peculiari,
1657 2296 1696 2328 et
1726 2289 1809 2338 tibi,
1845 2290 1902 2329 vir
1934 2291 2248 2341 honoratissime,
2281 2302 2320 2334 et
2350 2295 2467 2335 nobis

460 2347 723 2387 custodienda
753 2348 895 2388 tradita
928 2355 998 2388 est.
1055 2350 1119 2388 Tu
1152 2348 1260 2388 enim
1288 2348 1389 2388 inter
1422 2349 1589 2389 maiores
1620 2357 1710 2390 tuos
1740 2351 1914 2403 insignes
1947 2354 2132 2393 Newtoni
2160 2354 2303 2395 sororis
2331 2356 2464 2407 filiam,

460 2410 649 2450 feminam
669 2411 1011 2462 spectatissimam,
1032 2426 1114 2452 non
1134 2411 1220 2452 sine
1239 2412 1424 2464 superbia
1443 2426 1650 2454 numeras:
1680 2428 1753 2454 nos
1772 2422 1907 2455 autem
1926 2415 2028 2456 inter
2045 2418 2288 2458 Academiae
2310 2426 2468 2461 nostrae

460 2473 606 2512 decora
638 2472 849 2524 praecipua
877 2473 1008 2525 ipsum
1039 2475 1279 2514 Newtonum
1309 2473 1429 2514 fuisse
1456 2475 1679 2526 gloriamur.
1738 2477 1877 2528 Nuper
1903 2491 2032 2518 annus
2060 2486 2119 2519 est
2146 2480 2199 2519 ab
2226 2480 2294 2521 illo
2322 2482 2469 2522 ducen-

460 2532 624 2573 tesimus
648 2542 840 2585 peractus,
863 2548 944 2587 quo
969 2534 1141 2587 primum
1166 2534 1206 2574 in
1230 2536 1362 2574 lucem
1385 2535 1550 2575 missum
1574 2543 1633 2576 est
1656 2537 1727 2576 viri
1746 2538 1846 2578 tanti
1864 2551 1966 2590 opus
1986 2539 2083 2580 illud
2102 2539 2334 2591 immortale,
2357 2545 2468 2595 quod

461 2594 744 2647 Philosophiae
767 2596 967 2636 Naturalis
997 2596 1195 2648 Principia
1220 2597 1507 2637 Mathematica
1535 2598 1772 2639 nominatur.
1831 2601 1917 2640 Nos
1945 2600 2061 2652 igitur
2083 2601 2268 2654 singulari
2293 2606 2466 2656 quadam

459 2659 662 2709 voluptate
691 2659 748 2699 rei
780 2667 914 2700 tantae
947 2660 1182 2700 memoriam
1214 2659 1316 2699 inter
1349 2667 1507 2700 nosmet
1539 2660 1646 2712 ipsos
1679 2662 1919 2702 celebratam
1956 2663 2158 2705 vidimus⁵.
2216 2668 2281 2706 Tu
2310 2667 2466 2708 interim

460 2718 692 2761 liberalitate
724 2721 867 2761 eximia
897 2721 968 2761 viri
1000 2722 1180 2762 eiusdem
1210 2721 1372 2761 codices
1403 2736 1554 2771 omnes,
1577 2717 1688 2774 ‘quos
1721 2724 1977 2765 hereditarios
2006 2727 2204 2778 accepisti,
2239 2742 2310 2780 per
2340 2743 2467 2770 annos

461 2782 685 2833 complures
710 2783 762 2822 ab
786 2783 852 2832 eis,
875 2796 976 2835 quos
1002 2783 1044 2823 in
1068 2784 1172 2822 hanc
1195 2796 1278 2822 rem
1302 2783 1532 2834 delegimus,
1557 2785 1850 2826 accuratissime
1873 2786 2157 2828 examinandos
2180 2790 2375 2831 tradidisti
2388 2805 2400 2841 3
2427 2798 2468 2832 et

547 2892 559 2913 ²
585 2893 725 2926 Burke's
740 2895 864 2927 Letters
878 2905 920 2927 on
935 2905 957 2926 a
972 2895 1122 2936 Regicide
1135 2895 1242 2931 Peace,
1259 2894 1295 2926 iii
1313 2893 1447 2937 (1797);
1479 2895 1602 2933 Works,
1619 2895 1642 2928 ii
1659 2905 1734 2937 327,
1753 2897 1804 2929 ed.
1828 2898 1923 2939 1834.
2079 2898 2093 2919 ²
2114 2900 2189 2933 The
2203 2902 2468 2944 Archtginnasio

462 2937 585 2970 Antico
607 2937 644 2969 of
671 2937 763 2978 1562,
791 2937 870 2970 with
893 2938 950 2970 the
972 2938 1066 2970 walls
1089 2937 1127 2969 of
1147 2939 1189 2970 its
1212 2937 1387 2970 cloistered
1409 2943 1503 2970 court
1525 2939 1673 2971 adorned
1696 2940 1776 2972 with
1803 2941 1859 2973 the
1883 2947 1976 2974 coats
1999 2942 2038 2974 of
2056 2953 2144 2976 arms
2167 2944 2205 2976 of
2225 2945 2281 2977 the
2302 2945 2466 2988 honorary

461 2980 638 3022 graduates
653 2981 692 3012 of
706 2989 929 3023 1590—1797.
1073 2979 1088 3000 ⁸
1110 2980 1183 3013 The
1201 2981 1404 3022 University,
1423 2981 1624 3014 established
1640 2982 1730 3015 since
1749 2984 1830 3024 1803
1847 2984 1881 3015 in
1897 2984 1954 3017 the
1970 2985 2107 3018 Palazzo
2123 2986 2256 3025 Cellesi,
2273 2988 2331 3021 the
2346 2989 2468 3022 former

462 3024 561 3055 home
586 3023 625 3055 of
643 3024 699 3056 the
720 3024 852 3056 Istituto
876 3024 1022 3056 founded
1038 3024 1073 3056 in
1092 3032 1173 3065 1713
1194 3024 1240 3066 by
1260 3024 1405 3057 General
1421 3025 1533 3057 Count
1550 3025 1648 3067 Luigi
1670 3026 1697 3057 F
1699 3026 1882 3059 erdinando
1900 3028 2063 3071 Marsigli,
2083 3030 2218 3070 F.R.S.‚
2237 3031 2295 3064 the
2309 3031 2417 3064 friend
2433 3033 2472 3065 of

462 3066 516 3099 Sir
531 3066 626 3099 Isaac
641 3067 798 3100 Newton.
929 3066 944 3087 ⁴
965 3067 1039 3100 The
1056 3067 1235 3109 Delegates
1250 3078 1337 3099 were
1353 3067 1442 3099 Prof.
1456 3068 1489 3110 J.
1507 3068 1546 3101 C.
1564 3069 1704 3108 Adams,
1725 3070 1813 3102 Prof.
1827 3071 1860 3112 J.
1879 3071 1927 3102 H.
1946 3072 2149 3111 Middleton,
2165 3074 2232 3106 and
2249 3074 2290 3106 R.
2308 3075 2351 3107 C.
2363 3075 2466 3118 Jebb,

462 3109 603 3148 Litt.D.,
622 3110 753 3152 Trinity
770 3110 919 3152 College,
936 3111 1016 3143 then
1034 3110 1204 3143 Professor
1219 3111 1258 3142 of
1269 3110 1380 3143 Greek
1396 3111 1431 3142 in
1447 3111 1503 3143 the
1521 3111 1712 3155 University
1727 3113 1766 3144 of
1784 3113 1952 3156 Glasgow.
2013 3116 2044 3147 It
2067 3127 2134 3148 was
2154 3116 2205 3149 for
2227 3117 2294 3150 this
2311 3119 2465 3151 occasion

460 3153 532 3185 that
547 3153 590 3185 he
606 3158 708 3186 wrote
724 3164 788 3186 one
803 3154 841 3186 of
857 3154 909 3186 his
924 3154 1113 3187 celebrated
1130 3154 1284 3186 Pindaric
1300 3154 1392 3187 Odes
1410 3152 1464 3195 (Τ
1457 3155 1671 3195 ναωίαίὶοηε,
1691 3155 1874 3198 264—273,
1890 3158 1944 3190 ed.
1965 3160 2072 3201 1907).
2160 3159 2174 3179 ⁵
2199 3170 2239 3204 19
2254 3161 2353 3204 April
2371 3163 2464 3196 1888.

1431 3239 1508 3275 240
