2704 3770
543 319 611 370 E.
651 317 975 386 Mojsz'sovz‘cs.
1054 318 1240 384 George
1275 316 1476 369 Perrot.
1554 316 1755 384 Gustaf
1776 316 1996 370 Retzz'us.

257 466 438 517 quodam
466 478 489 505 e
517 465 760 506 nostratibus
789 465 943 506 tristem
972 467 1076 506 male
1102 463 1383 514 nominatam¹,
1406 478 1494 505 esse
1523 478 1658 505 revera
1686 465 2026 505 iucundissimam.
2087 467 2284 509 Scientiae

257 541 349 570 vere
367 536 450 570 tam
469 528 671 570 iucundae
690 530 730 569 in
751 529 956 582 provincia
974 527 1221 581 amplissima
1247 527 1347 567 nihil
1376 535 1436 567 est
1463 528 1575 579 quod
1604 527 1743 576 nescit,
1765 527 1865 567 nihil
1891 530 2002 579 quod
2026 542 2109 569 non
2133 530 2285 571 iudicio

256 603 390 643 aequo
422 599 462 632 et
494 591 669 632 veritatis
708 592 890 633 studioso
927 591 1178 632 examinavit.
1239 592 1280 630 Is
1318 590 1437 642 igitur
1474 603 1595 642 quem
1630 589 1897 631 Scandinavia
1930 598 1969 631 et
2002 593 2126 641 Italia,
2162 606 2283 645 quem

258 655 482 696 Russorum
512 663 552 697 et
578 658 791 708 Belgarum
819 655 1077 703 Academiae,
1099 668 1218 706 quem
1248 653 1496 695 Caledoniae
1519 661 1559 694 et
1589 653 1813 694 Hiberniae
1842 653 2132 695 Universitates
2161 655 2284 695 titulis

257 718 488 759 honorificis
508 721 772 768 cumularunt,
795 719 916 759 etiam
936 718 1040 759 inter
1059 719 1212 770 Anglos
1232 717 1353 757 hodie
1374 717 1527 757 honore
1546 717 1687 757 debito
1706 724 1930 757 coronatur.

366 781 486 822 Duco
511 782 564 822 ad
590 794 662 822 vos
690 781 954 822 oeconomiae
982 780 1169 833 publicae
1195 780 1298 820 inter
1325 779 1568 820 Parisienses
1591 780 1872 831 professorem,
1895 781 2076 819 PETRUM
2099 781 2283 821 PAULUM

256 843 658 884 LERov-Bmumssu.

363 929 478 983 (387)
510 928 892 970 Vindobonensium
920 929 974 969 ab
1002 929 1225 970 Academia
1253 929 1399 982 insigni
1426 930 1479 969 ad
1509 941 1583 969 nos
1611 928 1804 969 advectus
1838 935 1897 968 est
1931 927 1989 968 vir
2021 929 2074 968 de
2101 930 2284 981 geologia

252 995 453 1047 praeclare
498 992 674 1040 meritus,
713 992 783 1044 qui
821 993 1224 1044 duodequadraginta
1261 1006 1332 1045 per
1368 1005 1497 1033 annos
1535 992 1881 1044 palaeontologiae
1924 991 2066 1032 studiis
2109 993 2281 1042 deditus,

253 1055 468 1097 Ammonis
486 1055 718 1108 praesertim
738 1068 900 1106 cornua,
921 1056 1081 1108 rupium
1102 1056 1144 1096 in
1163 1055 1254 1096 sinu
1278 1056 1489 1108 insculpta,
1510 1056 1598 1096 aevi
1618 1056 1758 1108 prioris
1782 1056 1931 1097 indicia
1951 1056 2094 1108 (prope
2117 1056 2283 1097 dixerim

250 1117 430 1171 oracula)
463 1117 667 1158 verissima
704 1117 976 1158 existimavit2.
1035 1118 1148 1169 Quid
1186 1118 1319 1158 dicam
1358 1120 1410 1159 de
1449 1119 1649 1158 montium
1689 1118 1988 1159 Dolomitorum
2027 1118 2127 1158 serie
2166 1127 2205 1159 et
2243 1121 2283 1159 in

253 1181 427 1223 Maetia
445 1189 485 1223 et
504 1195 629 1235 prope
648 1184 828 1223 Venetos
847 1181 900 1222 ab
920 1183 1066 1222 eodem
1087 1182 1265 1222 dilucide
1288 1182 1489 1235 descripta
1501 1183 1538 1221 ?³
1566 1182 1665 1234 quid
1692 1183 1744 1222 de
1770 1181 1923 1222 ratione
1946 1181 2013 1221 illa
2036 1195 2157 1233 quam
2181 1182 2284 1223 inter

252 1246 440 1299 Europae
464 1254 586 1298 atque
606 1246 726 1286 Asiae
747 1254 906 1286 montes
926 1246 1122 1286 maximos
1142 1245 1390 1286 intercedere
1410 1245 1651 1286 indicavit?⁴
1707 1246 1918 1286 Oceanum
1939 1252 2045 1285 certe
2065 1246 2280 1297 ingentem,

249 1321 373 1361 quem
401 1322 450 1350 ex
478 1308 577 1349 mari
607 1308 905 1349 Mediterraneo
933 1309 986 1349 ad
1015 1322 1213 1349 oceanum
1244 1308 1464 1349 Pacificum
1488 1309 1696 1361 quondam
1722 1308 1937 1348 extendere
1964 1307 2150 1359 magister
2178 1308 2284 1348 eius⁶

249 1371 444 1423 probavit,
479 1371 724 1423 argumentis
762 1372 876 1411 novis
909 1384 1044 1411 revera
1077 1371 1273 1412 exstitisse
1307 1371 1528 1424 discipulus
1561 1370 1825 1420 confirmavit,
1860 1371 2042 1422 ultraque
2075 1371 2283 1411 Atlantida

249 1435 455 1486 quandam
487 1434 608 1475 etiam
643 1435 762 1474 maris
796 1434 1145 1474 ‘Arcto-Pacifici’
1175 1435 1275 1475 fines
1302 1434 1492 1486 antiquos
1521 1433 1832 1475 determinavit⁶.
1890 1435 2025 1473 Nemo
2054 1434 2282 1474 mortalium

247 1498 415 1539 fortasse
452 1499 709 1540 Oceanorum
746 1498 1004 1550 antiquorum
1038 1497 1326 1550 amplitudines
1365 1497 1495 1538 metiri
1527 1497 1721 1538 audacius
1754 1503 1923 1537 conatus
1957 1504 2028 1545 est,
2061 1510 2184 1537 nemo
2222 1504 2282 1538 tot

249 1560 416 1614 Alpium
445 1561 668 1614 ingentium
698 1562 906 1602 varietates
935 1561 1160 1602 accuratius
1188 1561 1292 1602 inter
1320 1574 1407 1602 sese
1436 1574 1680 1613 comparare.

357 1625 478 1665 Duco
509 1625 563 1665 ad
595 1637 668 1664 vos
697 1623 840 1664 ‘maris
866 1633 906 1665 et
939 1632 1066 1665 terrae
1099 1623 1369 1665 mensorem'⁷
1399 1625 1658 1672 indefessum,
1690 1624 1955 1662 EDMUNDUM
1991 1623 2280 1672 MOJSISOVICS,

250 1688 405 1728 Enmu
433 1699 518 1728 von
550 1687 763 1736 MonvAR.

358 1774 474 1829 (388)
493 1776 622 1817 Adest
650 1776 709 1816 vir
732 1775 773 1816 in
800 1776 966 1817 urbibus
993 1777 1151 1817 duabus
1175 1775 1455 1825 celeberrimis,
1478 1783 1518 1817 et
1543 1776 1701 1816 Parisiis
1725 1783 1765 1817 et
1791 1775 1975 1826 Athenis,
1997 1775 2188 1826 eruditus,
2211 1777 2280 1830 qui

248 1836 424 1890 primum
443 1837 644 1880 Galatiam
663 1846 704 1879 et
727 1838 971 1891 Bithyniam,
994 1841 1161 1880 Thason
1180 1847 1220 1880 et
1241 1840 1416 1887 Cretam,
1438 1838 1605 1879 feliciter
1623 1838 1866 1891 exploravit;
1896 1838 2045 1879 deinde
2071 1846 2111 1879 et
2130 1840 2282 1880 Athen-

247 1900 419 1943 iensium
445 1903 498 1943 de
523 1902 608 1943 iure
636 1902 829 1955 publico⁸,
852 1911 892 1944 et
918 1904 970 1944 de
999 1903 1224 1944 oratoribus
1247 1902 1419 1951 Atticis⁹,
1442 1902 1598 1955 egregie
1627 1902 1846 1954 disputavit
1859 1917 1870 1951 ;
1899 1909 2114 1954 postremo,
2136 1902 2281 1943 artium

246 1964 501 2018 antiquarum
534 1966 742 2007 historiam
776 1980 870 2007 cum
908 1968 1062 2019 collega
1094 1966 1241 2019 insigni
1278 1979 1495 2018 aggressus,
1536 1965 1787 2006 voluminum
1826 1979 2063 2018 magnorum
2101 1965 2143 2005 in
2181 1966 2282 2006 serie

247 2029 462 2082 splendida
494 2031 677 2083 Aegypti,
708 2031 949 2082 Chaldaeae,
980 2030 1178 2083 Assyriae,
1210 2029 1465 2080 Phoeniciae‚
1502 2028 1686 2078 Persidis,
1722 2028 1843 2069 Asiae
1876 2028 2053 2078 minoris,
2089 2029 2282 2070 Graeciae

243 2093 424 2146 denique
460 2101 564 2135 artes
601 2096 824 2136 luculenter
860 2095 1114 2136 illustravit10.
1172 2094 1256 2145 'Qui
1284 2093 1447 2146 ingenio
1485 2101 1567 2133 tam
1605 2092 1777 2133 versatili
1811 2099 1851 2133 et
1882 2099 1986 2132 artes
2023 2092 2208 2145 antiquas
2242 2100 2281 2132 et

244 2156 518 2208 eloquentiam
551 2157 760 2209 antiquam
788 2166 829 2199 et
856 2157 1159 2210 archaeologiae
1187 2156 1321 2198 studia
1349 2156 1568 2196 litterarum
1603 2155 1878 2196 monumentis
1912 2155 2129 2204 mandavit,
2160 2156 2280 2196 laude

245 2226 383 2260 nostra
410 2219 607 2261 hodierna
634 2229 695 2262 est
722 2223 904 2275 profecto
933 2221 1201 2274 dignissimus.

357 2283 478 2323 Duco
509 2284 562 2324 ad
600 2297 672 2324 vos
709 2285 871 2325 scholae
908 2284 1069 2325 illustris
1106 2283 1208 2324 inter
1247 2282 1491 2323 Parisienses
1529 2281 1755 2334 praesidem
1794 2281 2005 2334 insignem,
2041 2282 2279 2323 GEORGIUM

249 2345 436 2385 Pauor.

357 2431 473 2487 (389)
503 2434 781 2483 Scandinavia,
803 2435 918 2476 cuius
938 2436 1059 2476 etiam
1082 2437 1237 2488 Regem
1261 2436 1364 2477 inter
1384 2437 1571 2476 doctores
1591 2442 1750 2476 nostros
1770 2437 2073 2484 numeramusu,
2093 2435 2281 2488 auspiciis

247 2495 410 2548 optimis
443 2497 497 2537 ad
525 2510 600 2537 nos
629 2498 738 2538 misit
764 2498 1097 2550 anthropologiae
1125 2498 1315 2550 physicae
1344 2497 1564 2538 conditoris
1593 2497 1793 2548 insignis¹²
1820 2498 1947 2538 filium
1975 2498 2180 2548 illustrem,
2211 2498 2281 2550 qui

246 2559 492 2600 anatomiam
512 2558 608 2600 olim
629 2561 830 2612 praeclare
849 2562 1063 2613 professus,
1085 2560 1220 2602 eidem
1244 2560 1434 2602 scientiae
1458 2559 1578 2601 etiam
1599 2559 1726 2599 otium
1747 2573 1864 2599 suum
1885 2567 1925 2600 et
1943 2573 2073 2600 annos
2092 2560 2281 2601 emeritos

246 2622 473 2664 destinavit.
532 2622 673 2663 Peritis
697 2631 794 2664 nota
824 2632 918 2664 sunt
944 2624 1151 2665 volumina
1177 2624 1244 2665 illa
1273 2624 1456 2673 maxima,
1479 2625 1704 2676 eademque
1725 2631 1765 2665 et
1788 2631 1974 2676 typorum
1997 2632 2038 2665 et
2060 2624 2280 2677 imaginum

245 2685 460 2738 splendore
488 2685 767 2738 pulcherrima,
789 2694 829 2727 et
858 2687 1011 2728 cerebri
1036 2687 1161 2739 ipsius
1188 2695 1227 2728 et
1253 2701 1444 2728 sensuum
1474 2686 1658 2727 omnium
1686 2687 1914 2728 anatomiae
1937 2694 1977 2728 et
2003 2686 2279 2739 physiologiae

246 2747 508 2801 explicandae
527 2748 757 2789 dedicata¹⁸.
818 2751 945 2799 Idem,
968 2750 1118 2802 patriae
1138 2764 1221 2791 non
1241 2750 1466 2798 immemor,
1483 2749 1605 2790 etiarn
1625 2749 1916 2790 Scandinaviae
1939 2750 2094 2802 priscae
2124 2754 2134 2772 ‘
2146 2749 2281 2790 crania

334 2818 347 2842 ¹
373 2821 382 2837 ⁶
393 2820 468 2854 The
482 2821 616 2854 Dismal
632 2821 772 2855 Science
782 2821 802 2862 ⁵,
821 2822 953 2864 Carlyle
972 2822 1006 2854 in
1030 2822 1088 2855 the
1108 2823 1292 2854 precursor
1311 2826 1343 2854 to
1357 2821 1573 2862 Latter-Day
1588 2820 1780 2862 Pamphlets
1797 2819 1923 2863 (1849),
1940 2821 2007 2854 and
2024 2821 2058 2853 in
2074 2821 2278 2863 Pamphlets,

250 2871 263 2896 1
279 2863 347 2896 and
364 2872 404 2897 xv
422 2863 549 2941 (1850),
568 2865 601 2898 xi
622 2874 693 2907 177,
714 2865 769 2898 xix
787 2874 838 2907 52,
863 2868 922 2899 182
940 2866 978 2899 of
993 2867 1002 2882 ‘
1014 2866 1155 2909 Library
1172 2866 1310 2899 Edition
1323 2865 1343 2897 ’.
1542 2863 1556 2884 ²
1579 2864 1654 2897 The
1676 2864 1801 2907 special
1821 2865 1918 2897 value
1934 2865 1973 2897 of
1985 2866 2194 2897 Ammonites
2209 2875 2245 2897 as
2260 2876 2281 2897 a

247 2907 404 2941 criterion
436 2919 475 2940 or
497 2908 554 2942 the
570 2909 806 2942 classification
822 2910 861 2942 of
879 2911 936 2943 the
952 2910 1048 2943 older
1064 2910 1235 2943 Mesozoic
1250 2909 1409 2952 deposits.
1568 2906 1583 2927 ⁸
1605 2909 1674 2940 Die
1686 2908 1945 2951 Dolomit-Rzffe
1960 2920 2024 2941 von
2041 2909 2198 2941 Siidtirol
2210 2909 2286 2941 und

257 2951 419 2992 Vmetien,
442 2962 455 2984 ῐ
484 2962 536 2996 79.
647 2951 662 2973 ⁴
684 2953 749 2987 See
766 2954 823 2986 the
839 2955 962 2986 second
980 2954 1060 2987 item
1078 2954 1112 2986 in
1130 2960 1208 2986 note
1225 2954 1257 2987 6.
1362 2953 1375 2973 ⁵
1400 2952 1538 2985 Eduard
1556 2952 1667 2984 Suess.
1774 2950 1788 2971 ⁸
1810 2953 1986 2984 Arktische
2006 2953 2277 2992 Trias-Faunen‚

251 2994 290 3028 St
308 2995 519 3061 Petersburg,
542 2995 644 3035 1886;
668 2998 736 3029 and
756 2998 1015 3031 Obertriadisclze
1034 2998 1435 3040 Cephalopoden-Faunen
1450 2997 1503 3028 des
1518 2996 1718 3037 Himalaya,
1736 2995 1878 3034 Vienna,
1899 2995 1978 3038 1896
1994 2995 2095 3038 (Elr.
2113 2997 2280 3034 Calcutta,

253 3038 363 3083 1899).
521 3040 666 3081 Horace,
690 3042 804 3074 Carm.
824 3042 835 3074 i
852 3044 904 3081 28,
926 3053 957 3075 2.
1078 3040 1092 3061 ⁸
1115 3042 1163 3074 Le
1178 3042 1265 3074 droit
1272 3042 1397 3083 public,
1421 3039 1503 3083 1869
1512 3039 1536 3070 ².
1646 3038 1660 3060 ⁹
1684 3041 1748 3072 Les
1764 3040 1982 3072 Precurscurs
1996 3041 2034 3072 dc
2050 3040 2278 3080 Demosthene,

253 3083 347 3125 1873.
498 3082 526 3104 ¹⁰
550 3084 666 3117 Perrot
682 3090 715 3118 et
731 3085 882 3128 Chipiez,
899 3086 1052 3119 Histoire
1066 3086 1104 3119 de
1119 3086 1215 3118 l'Art
1230 3086 1316 3117 dans
1329 3083 1542 3126 I'Antiquite'‚
1563 3086 1583 3117 8
1599 3083 1683 3116 vols.
1705 3084 1931 3126 1881—1904.
2079 3082 2105 3103 ¹¹
2130 3084 2197 3116 No.
2217 3093 2279 3126 325

247 3131 362 3169 supra.
495 3125 523 3147 ¹⁹
545 3128 679 3160 Anders
696 3129 841 3162 Retzius.
979 3128 1007 3150 ¹³
1029 3130 1263 3162 Anatomisclte
1278 3129 1343 3161 and
1362 3128 1565 3169 Biologisclze
1585 3127 1885 3169 Untersucltungen
1902 3129 2002 3169 (1872
2019 3127 2036 3160 f
2047 3127 2115 3160 and
2135 3129 2219 3171 1890
2233 3126 2281 3170 f);

248 3170 325 3203 Das
342 3171 555 3214 Gehb'rorgan
570 3172 631 3205 der
651 3172 891 3211 Wirbelthiere,
911 3184 928 3206 2
947 3174 1030 3206 vols.
1048 3172 1222 3217 (1881-4);
1246 3173 1314 3205 and
1330 3173 1405 3205 Das
1419 3171 1696 3212 Mensclzenln'rn,
1714 3182 1732 3204 α
1751 3171 1833 3204 vols.
1851 3171 1977 3215 (1896).

1230 3257 1304 3296 179
2043 3258 2170 3295 23—-2
