2704 3770
595 335 827 384 Mz'clzael
855 336 1044 385 Foster.
1112 337 1414 385 Alexander
1446 339 1757 387 Macalz'ster.

168 480 344 523 tenebris
368 481 525 523 redditi.
585 481 697 532 Quid
722 482 880 523 dulcius
903 484 1072 523 tremula
1095 482 1162 522 illa
1190 484 1364 534 Psyches
1393 484 1547 535 figura?
1603 483 1716 533 Quid
1742 483 1901 523 suavius
1926 484 2103 534 pendula
2130 483 2197 523 illa

169 542 303 584 Diana
340 543 598 595 Endymiona
635 558 753 585 suum
790 544 1059 586 dormientem
1097 546 1335 585 osculante?
1405 545 1516 595 Quid
1554 544 1691 596 purius
1733 546 1909 595 denique
1947 545 2095 596 pallida
2132 545 2198 584 illa

170 606 346 658 Daphne
375 606 479 648 inter
511 609 644 648 laurus
677 621 768 648 suas
800 609 1014 649 elucente?
1071 608 1163 648 Iure
1196 607 1314 660 igitur
1351 607 1506 660 optimo
1542 609 1738 660 Daphnes
1769 607 1874 647 illius
1908 606 2037 658 pictor
2066 609 2199 647 laurea

167 675 304 710 nostra
329 669 614 723 qualicumque
639 671 762 712 hodie
787 678 1001 712 coronatur
1014 686 1025 721 3
1054 670 1138 712 iure
1164 670 1286 711 hodie
1309 684 1484 724 purpura
1506 678 1642 711 nostra
1667 672 1878 712 decoratur
1903 670 2051 711 saeculi
2076 670 2200 710 nostri

170 732 471 783 Parrhasius,—

1095 788 1279 841 ‘liquidis
1308 789 1374 829 ille
1402 789 1604 830 coloribus

659 844 797 883 sollers
826 857 936 884 nunc
963 842 1172 884 hominem
1201 857 1362 896 ponere,
1394 857 1504 884 nunc
1532 843 1707 884 deum’1.

278 917 452 957 Dextrae
470 923 553 957 tam
572 916 798 957 admirabili
817 917 997 958 dextram
1017 917 1188 958 libenter
1207 917 1383 970 hospitio
1404 918 1616 970 iungimus.
1668 920 1787 958 Duco
1806 918 1859 958 ad
1874 930 1945 957 vos
1966 918 2200 957 GEORGHJM

170 978 458 1021 F'Rssnnmcuu
478 981 641 1020 WA‘r‘rs.

1000 1165 1028 1211 8
1066 1162 1196 1212 Nov,
1243 1164 1366 1225 1883

279 1278 368 1332 (76)
408 1280 460 1320 IN
494 1281 573 1320 hoc
606 1279 695 1332 ipso
728 1281 831 1329 loco,
866 1280 1016 1320 abhinc
1049 1293 1178 1320 annos
1212 1279 1442 1329 duodecim,
1475 1293 1602 1319 unum
1636 1293 1658 1319 e
1692 1275 1875 1330 Collegii
1895 1277 2057 1317 maximi
2092 1279 2204 1316 Prae-

169 1341 386 1383 lectoribus
423 1342 610 1395 auspiciis
649 1343 811 1395 optimis
850 1343 966 1384 titulo
1004 1350 1136 1384 vestro
1174 1343 1399 1384 honorifico
1438 1343 1669 1383 exornastis.
1729 1342 1868 1382 Hodie
1916 1342 2103 1389 eundem,
2143 1348 2203 1380 tot

169 1417 368 1447 annorum
397 1419 472 1446 usu
501 1414 541 1446 et
569 1406 812 1458 experientia
837 1414 1061 1459 spectatum
1090 1407 1397 1458 probatumque,
1420 1414 1459 1446 et
1485 1406 1732 1446 Academiae
1761 1405 1883 1445 totius
1909 1403 2204 1445 Professoribus

171 1467 314 1510 merito
343 1469 602 1521 adscriptum,
638 1471 808 1510 Senatus
842 1470 967 1510 nostri
1000 1469 1040 1509 in
1079 1471 1263 1509 ordinem
1302 1470 1466 1509 honoris
1504 1483 1625 1510 causa
1662 1469 1935 1509 adsciscimus.
1995 1469 2204 1519 Quantum

170 1530 342 1582 interim,
373 1531 492 1572 huius
524 1532 758 1584 praesertim
788 1532 1004 1581 laboribus,
1037 1531 1139 1571 inter
1168 1533 1354 1572 alumnos
1387 1539 1545 1571 nostros
1577 1531 1741 1572 creverit
1771 1530 2018 1583 vigueritque
2048 1529 2205 1582 physio-

171 1592 301 1645 logiae
320 1593 510 1643 studium,
524 1602 680 1634 vosmet
694 1594 770 1647 ipsi
785 1608 927 1635 omnes
941 1593 1078 1634 animo
1093 1601 1204 1646 grato
1219 1593 1497 1634 recordamini.
1556 1595 1614 1635 Ut
1629 1593 1893 1633 animantium
1909 1592 1951 1631 in
1971 1591 2204 1644 corporibus

171 1668 221 1696 ex
237 1654 328 1708 ipso
347 1657 479 1705 corde,
500 1657 608 1697 velut
627 1670 650 1697 e
669 1658 781 1696 fonte
800 1657 990 1708 quodam,
1013 1657 1203 1696 salutares
1223 1655 1279 1695 illi
1299 1655 1502 1707 sanguinis
1527 1655 1598 1695 rivi
1624 1669 1694 1706 per
1717 1655 1897 1694 membra
1919 1654 2056 1694 omnia
2075 1655 2205 1694 fluunt

171 1719 426 1771 refluuntque
437 1733 450 1769 ;
478 1733 561 1760 non
580 1719 693 1760 aliter
711 1719 888 1772 corporis
904 1718 1138 1759 Academici
1158 1718 1200 1758 in
1220 1726 1352 1770 partes
1372 1732 1494 1770 quam
1509 1718 1700 1770 plurimas
1720 1732 1768 1758 ex
1787 1719 1865 1758 hoc
1885 1719 1995 1758 fonte
2015 1717 2206 1758 scientiae

172 1779 340 1822 flumina
357 1781 554 1822 effluxisse
573 1789 694 1834 atque
714 1781 810 1822 inde
829 1795 963 1821 rursus
982 1782 1229 1822 redundasse
1249 1781 1427 1821 dixerim.
1485 1781 1576 1820 Tali
1599 1795 1621 1821 e
1647 1782 1758 1821 fonte
1784 1787 1883 1832 quot
1906 1780 2078 1820 alumnis
2103 1780 2205 1820 vires

172 1857 302 1885 novae
329 1844 510 1886 redditae
537 1847 654 1885 sunt!
712 1845 912 1895 Quotiens
945 1859 993 1885 ex
1020 1844 1193 1884 alumnis
1227 1844 1341 1884 rivuli
1375 1845 1527 1884 fontem
1560 1844 1693 1897 ipsum
1728 1845 1863 1885 denuo
1892 1846 2110 1884 auxerunt!
2169 1844 2204 1883 E

170 1905 377 1959 discipulis
396 1920 491 1947 vero
509 1914 591 1947 tam
612 1906 747 1947 multis
766 1921 859 1947 cum
880 1906 1069 1959 magistro
1093 1914 1206 1947 tanto
1232 1906 1399 1947 feliciter
1424 1906 1676 1956 consociatis,
1698 1906 1891 1958 plurimos
1916 1908 2051 1947 adhuc
2075 1919 2206 1958 super-

170 1981 270 2019 esse,
290 1971 509 2011 nonnullos
527 1970 649 2011 etiam
667 1971 810 2011 adesse
829 1971 952 2011 hodie
970 1972 1218 2022 gaudemus;
1247 1984 1373 2010 unum
1393 1970 1506 2010 illum
1526 1984 1609 2011 non
1630 1970 1716 2011 sine
1736 1970 1907 2011 lacrimis
1931 1970 2205 2011 desideramus

170 2031 251 2085 qui,
272 2033 474 2074 nascentis
498 2033 603 2073 vitae
627 2033 854 2085 primordiis
881 2033 999 2073 huius
1022 2033 1169 2073 auxilio
1195 2032 1449 2085 sagacissime
1475 2032 1730 2085 investigatis,
1759 2047 1887 2085 nuper
1911 2032 2014 2073 inter
2040 2033 2204 2084 Alpium

171 2095 358 2166 culmina,
388 2095 431 2136 in
458 2096 548 2149 ipso
575 2096 715 2137 aetatis
743 2098 852 2147 flore,
878 2104 1006 2138 morte
1035 2096 1247 2137 immatura
1275 2110 1298 2137 e
1327 2097 1445 2137 nobis
1474 2104 1534 2137 est
1562 2097 1783 2149 abreptus2.
1843 2096 2003 2136 Talium
2033 2095 2205 2135 filiorum

171 2157 381 2212 progenies
413 2158 535 2199 Matri
566 2160 711 2200 Almae
743 2159 873 2200 indies
907 2173 1012 2200 nova
1049 2166 1296 2199 succrescat.
1338 2159 1622 2211 Magistrorum
1661 2158 1800 2199 talium
1833 2157 2133 2199 accessionibus
2166 2164 2206 2198 et

173 2221 447 2262 Professorum
476 2228 517 2262 et
545 2223 782 2263 Senatorum
812 2223 913 2263 ordo
941 2221 1163 2262 identidem
1193 2221 1311 2262 nobis
1341 2229 1544 2274 augeatur.

281 2283 412 2324 Vobis
448 2291 661 2336 praesento
698 2283 868 2337 Collegii
905 2285 1076 2324 Sanctae
1114 2291 1154 2324 et
1199 2283 1440 2324 Individuae
1477 2283 1684 2323 Trinitatis
1722 2282 1888 2332 socium,
1930 2282 2208 2335 Physiologiae

175 2346 446 2387 Professorem
474 2345 679 2394 illustrem,
711 2348 980 2387 MICHAELEM
1011 2348 1191 2388 FOSTER.

284 2489 372 2544 (77)
402 2492 454 2531 In
479 2491 774 2532 Professoribus
800 2490 913 2531 novis
936 2497 1068 2530 vestro
1094 2489 1276 2529 omniurn
1304 2488 1469 2530 nomine
1496 2489 1728 2537 salutandis,
1752 2489 1834 2528 fato
1861 2488 2040 2540 quodam
2068 2486 2208 2539 iniquo

175 2552 417 2595 successoris
431 2554 570 2594 laudes
586 2553 807 2594 decessoris
823 2552 1022 2593 desiderio
1038 2565 1346 2603 nonnumquam
1361 2551 1613 2603 aliquatenus
1629 2550 1813 2590 imminui
1828 2549 2023 2590 videntur.
2071 2549 2208 2590 Hodie

175 2630 271 2658 vero
290 2623 405 2657 ornat
419 2617 554 2656 adhuc
570 2617 843 2656 Professorum
859 2615 1043 2656 ordinem
1059 2613 1410 2666 eloquentissimus
1430 2614 1494 2653 ille
1510 2613 1751 2653 Anatomiae
1773 2613 1978 2653 Professor
1997 2625 2118 2663 quem
2138 2611 2208 2651 diu

175 2692 315 2720 sumus
326 2678 539 2720 admirati⁸.
572 2680 734 2730 Integro
747 2678 864 2731 igitur
876 2678 1114 2730 sinceroque
1126 2676 1273 2729 gaudio
1291 2677 1561 2716 Professorem
1577 2676 1690 2715 illum
1706 2676 1892 2716 iubemus
1908 2677 2068 2723 salvere,
2086 2687 2208 2726 quem

176 2742 400 2785 Caledonia
426 2742 648 2783 Hiberniae
675 2743 882 2794 quondam
907 2740 1083 2790 donavit,
1108 2740 1306 2780 Hibernia
1334 2739 1564 2780 Britanniae
1590 2753 1718 2792 nuper
1737 2739 1923 2780 reddidit.
1982 2740 2209 2779 Salutamus

175 2804 314 2855 virum,
336 2804 406 2857 qui
431 2804 608 2857 corporis
634 2804 801 2844 humani
829 2803 1036 2844 scientiam
1062 2803 1303 2852 interiorem,
1331 2801 1654 2854 antiquissimum
1682 2803 1780 2842 illud
1808 2809 1929 2853 atque
1958 2800 2109 2853 regium
2135 2799 2210 2852 (uti

176 2881 305 2920 nuper
322 2867 567 2921 audivimus)
587 2867 789 2908 scribendi
807 2867 1119 2919 argumentum⁴,
1141 2865 1255 2918 quasi
1280 2865 1482 2918 propriam
1511 2864 1758 2917 provinciam
1786 2864 1946 2916 penitus
1969 2863 2211 2916 exploravit3

177 2931 260 2984 qui,
278 2945 331 2972 ne
349 2931 412 2972 his
431 2931 596 2984 quidem
617 2931 764 2972 finibus
783 2938 1009 2980 contentus,
1032 2930 1104 2971 sed
1130 2929 1250 2970 etiam
1277 2928 1319 2968 in
1345 2928 1441 2969 alias
1468 2941 1598 2969 rerum
1623 2934 1786 2967 naturae
1812 2927 1993 2979 regiones
2016 2939 2209 2979 egressus,

266 3038 280 3060 ¹
303 3040 452 3082 Horace,
474 3042 590 3075 Carm.
607 3041 640 3074 iv
656 3041 688 3081 8,
710 3041 761 3083 7f.
931 3039 945 3060 2
969 3039 1106 3073 Francis
1131 3038 1302 3071 Maitland
1326 3038 1475 3071 Balsour.
1645 3035 1659 3056 ³
1683 3037 1726 3069 G.
1745 3037 1794 3069 M.
1817 3036 2010 3079 Humphr),
2028 3035 2212 3079 appointed

181 3083 355 3117 Professor
370 3084 410 3117 os
426 3085 571 3129 Surgery
586 3096 630 3118 on
646 3085 699 3118 his
719 3084 924 3127 resignation
944 3084 982 3117 of
999 3084 1056 3116 the
1078 3082 1326 3125 Professorship
1346 3082 1383 3114 os
1402 3082 1543 3114 Human
1559 3081 1744 3131 Anatomy,
1767 3082 1860 3122 1883.
1994 3079 2008 3099 ⁴
2033 3080 2128 3113 ‘The
2144 3080 2212 3112 first

178 3127 299 3161 author
325 3138 370 3161 on
394 3129 566 3172 Anatomy
591 3140 659 3162 was
686 3140 706 3162 a
731 3129 854 3171 King'‚
881 3128 968 3161 Prof.
998 3127 1201 3160 Macalister’
1204 3138 1220 3159 s
1242 3127 1477 3167 Introductory
1499 3125 1646 3165 Lectum,
1672 3125 1707 3157 in
1729 3124 1864 3157 Brzlislz
1889 3124 2035 3157 Medical
2044 3124 2208 3166 Journal,

181 3180 221 3213 27
246 3141 790 3217 Oct.1883‚p.808s,adfin.

291 3255 322 3284 s.
345 3257 374 3284 s.
1175 3257 1222 3293 41
2081 3244 2103 3280 6
