2704 3770
513 309 573 358 G.
611 309 686 358 H.
729 306 963 368 Quincke.
1046 304 1332 355 Woldemar
1376 304 1535 369 Vozjgt.
1608 304 1682 353 H.
1723 304 1798 354 H.
1838 306 2074 355 Furness.

388 455 504 508 (319)
534 454 845 496 Universitatem
881 452 1268 504 Heidelbergensem
1298 450 1448 490 abhinc
1480 463 1609 490 annos
1642 450 1905 502 quadraginta
1938 453 2206 503 professorum
2236 468 2308 506 par

277 518 434 558 nobile¹
466 525 750 570 spectroscopo
780 516 944 557 invento
976 515 1018 555 in
1046 522 1282 567 perpetuum
1313 513 1532 553 illustravit.
1590 515 1719 554 Adest
1752 514 1848 554 inde
1876 515 2163 567 discipulorum
2192 518 2309 568 pluri-

279 594 435 622 morum
457 581 498 621 in
518 579 685 622 scientia
703 579 867 632 physica
885 586 1129 634 praeceptor,
1153 577 1222 630 qui
1245 585 1285 618 et
1308 577 1349 617 in
1376 576 1651 618 instrumentis
1675 578 1790 618 novis
1815 578 2067 620 inveniendis
2094 581 2307 620 sollertiam

277 643 518 698 singularem
537 650 577 684 et
597 642 639 683 in
659 642 811 683 eisdem
830 642 1072 683 adhibendis
1095 640 1333 682 industriam
1353 640 1597 681 indefessam
1615 642 1823 693 praestitit.
1882 643 1933 683 Ei
1952 643 2032 695 qui,
2054 643 2095 683 in
2120 644 2309 684 scientiae

277 706 466 759 physicae
484 705 637 747 ratione
656 705 840 746 universa
857 704 1011 754 versati,
1033 703 1104 744 viri
1122 703 1290 744 huiusce
1308 702 1481 743 inventis
1501 711 1678 754 utuntur,
1695 704 1818 745 etiam
1837 706 1889 746 de
1904 719 1977 746 sua
1992 706 2158 746 scientia
2171 720 2308 747 verum

277 781 366 810 esse
383 768 694 816 confitebuntur,
716 768 827 820 quod
846 768 898 808 de
916 774 1000 807 arte
1020 766 1191 807 oratoria
1208 765 1440 818 praesertim
1461 765 1560 806 dixit
1580 766 1854 817 Quintilianus
1870 767 2001 808 z—‘in
2021 769 2210 809 omnibus
2230 771 2310 810 fere

278 829 412 872 minus
430 833 565 872 valent
583 838 797 883 praecepta
815 844 938 883 quam
958 829 1230 882 experimenta
1243 830 1283 869 ¹².

390 895 509 935 Duco
526 895 580 934 ad
599 906 671 934 vos
691 894 928 934 GEORGIUM
949 893 1249 932 HERMANNUM
1271 892 1490 943 Qumcxss.

384 998 500 1051 (320)
530 998 843 1040 Universitatem
869 998 1213 1050 Goettingensem
1235 1011 1259 1038 a
1289 999 1402 1050 Rege
1431 1005 1570 1038 nostro
1600 998 1897 1039 Hanoveriensi
1927 999 2102 1052 Georgio
2130 1003 2311 1042 secundo

275 1061 493 1111 conditam,
515 1060 676 1101 vinculo
704 1074 787 1101 non
808 1072 899 1101 'uno
928 1074 1022 1101 cum
1051 1059 1324 1102 Universitate
1347 1067 1484 1100 nostra
1507 1059 1767 1101 coniunctam
1796 1075 1884 1102 esse
1912 1070 2080 1102 constat.
2141 1064 2312 1104 Constat

274 1125 447 1166 eandem
473 1123 594 1164 etiam
621 1137 693 1175 per
719 1137 848 1164 annos
876 1136 1002 1175 prope
1030 1122 1321 1175 quinquaginta
1349 1122 1484 1164 Caroli
1513 1124 1546 1162 F
1546 1122 1714 1163 rederici
1743 1123 1915 1173 Gaussii,
1941 1124 2132 1165 scientiae
2160 1127 2311 1166 mathe-

276 1186 446 1228 maticae
483 1194 523 1227 et
560 1186 748 1238 physicae
786 1185 1020 1238 professoris
1057 1185 1318 1234 celeberrimi,
1352 1185 1477 1238 gloria
1514 1199 1602 1226 esse
1635 1185 1883 1237 illustratam,
1919 1187 1989 1239 qui
2022 1201 2115 1228 cum
2148 1188 2310 1241 ingenio

275 1249 563 1291 fecundissimo
586 1249 808 1290 disserendi
831 1262 958 1301 genus
981 1256 1308 1290 consummatum
1332 1248 1550 1289 coniunxit.
1610 1250 1727 1290 Iuvat
1750 1249 1846 1291 inde
1871 1252 2137 1303 professorem
2160 1254 2213 1292 ad
2236 1266 2311 1293 nos

275 1311 490 1352 advectum
515 1311 707 1363 excipere,
730 1311 799 1364 qui
822 1311 1013 1351 scientiae
1039 1311 1220 1352 eiusdem
1246 1310 1556 1363 pulcherrimam
1582 1318 1724 1352 nactus
1749 1312 2006 1364 provinciam,
2029 1313 2150 1354 etiam
2179 1316 2311 1355 lucem

276 1373 405 1428 ipsam
423 1382 464 1416 et
483 1376 664 1427 crystalla
683 1375 833 1427 ingenii
852 1375 914 1415 sui
933 1375 1085 1415 lumine
1105 1374 1341 1415 illustravit⁸.

384 1438 461 1479 Sex
479 1437 653 1478 virorum
671 1437 887 1489 insignium
907 1437 1049 1478 seriem
1069 1436 1365 1478 consummavit
1384 1437 1507 1477 hodie
1528 1439 1786 1478 WoLDEMAR
1806 1441 1957 1479 V01GT.

1098 1622 1154 1669 13
1181 1607 1325 1673 June
1369 1609 1493 1668 1899

385 1701 501 1756 (321)
538 1704 684 1742 ADEST
716 1701 839 1742 hodie
877 1716 900 1742 e
936 1702 1122 1742 fratribus
1159 1703 1306 1743 nostris
1345 1702 1616 1743 transmarinis
1653 1717 1785 1743 rerum
1823 1703 2048 1744 divinarum
2086 1703 2311 1757 interpretis

274 1765 564 1815 humanissimi,
586 1767 774 1806 Afrorum
794 1765 986 1805 libertatis
1013 1780 1083 1818 per
1102 1766 1223 1806 vitam
1250 1768 1411 1818 longam
1438 1766 1607 1807 vindicis
1632 1767 1836 1808 acerrimi⁴
1862 1767 1966 1807 filius
1979 1782 1991 1817 ;
2028 1769 2143 1808 adest
2166 1774 2309 1820 poetae

274 1829 401 1872 nostri
429 1829 577 1870 summi
604 1828 798 1881 interpres
826 1828 1060 1879 indefessus,
1085 1830 1154 1882 qui
1180 1830 1458 1882 Shakespearii
1484 1830 1627 1870 fabulis
1654 1832 1845 1872 undecim
1870 1846 1942 1884 per
1967 1832 2090 1872 libros
2116 1833 2198 1872 fere
2224 1832 2312 1872 toti-

275 1893 371 1934 dem
392 1891 690 1932 accuratissime
718 1891 985 1940 recensendis,
1011 1899 1051 1932 et
1075 1906 1158 1932 non
1185 1892 1271 1933 sine
1294 1892 1554 1945 interpretum
1582 1893 1845 1944 plurimorum
1871 1894 2018 1935 auxilio
2043 1893 2310 1934 eruditissime

274 1954 531 2008 explicandiS,
563 1966 762 1994 annorum
794 1952 952 2005 triginta
982 1954 1138 1995 labores
1170 1954 1381 1995 dedicavit.
1442 1957 1657 1995 Laetamur
1688 1956 1931 2008 reipublicae
1963 1956 2159 1997 maximae
2189 1964 2313 1997 trans-

274 2017 450 2059 marinae
469 2017 599 2058 civem
617 2018 671 2058 ad
689 2017 1033 2069 interpretandum
1054 2023 1227 2070 poetam,
1250 2017 1319 2070 qui
1338 2018 1523 2070 aequoris
1543 2018 1735 2059 Atlantici
1754 2018 1796 2059 in
1819 2019 1934 2060 litore
1958 2027 2129 2071 utroque
2151 2019 2311 2072 linguae

275 2088 435 2122 nostrae
481 2079 709 2121 communis
755 2078 858 2120 inter
899 2081 1047 2121 decora
1093 2080 1314 2132 conspicua
1359 2088 1602 2128 numeratur,
1642 2088 1796 2121 tantam
1834 2082 2113 2131 eruditionem,
2154 2089 2311 2122 tantum

274 2143 492 2196 ingenium,
514 2156 584 2195 per
603 2150 663 2183 tot
681 2155 811 2182 annos
830 2142 1059 2182 contulisse.
1119 2144 1335 2183 Laetamur
1353 2149 1498 2200 poetae
1517 2143 1618 2183 tanti
1637 2143 1894 2196 interpretem
1915 2144 1956 2184 in
1979 2145 2056 2184 hac
2079 2145 2310 2197 praesertim

278 2207 487 2246 Musarum
506 2205 603 2246 sede
621 2205 756 2245 laurea
775 2211 911 2244 nostra
930 2204 1053 2245 hodie
1072 2204 1266 2253 coronari,
1289 2219 1337 2245 ex
1357 2219 1437 2257 qua
1451 2211 1596 2258 poetae
1616 2205 1798 2246 eiusdem
1819 2214 1950 2247 textus
1971 2207 2311 2260 Cantabrigiensis

274 2269 329 2310 ab
346 2268 520 2309 alumnis
539 2268 685 2309 nostris
705 2269 877 2316 duobus,
898 2268 951 2308 ab
971 2276 1127 2309 oratore
1146 2270 1354 2320 quondam
1379 2277 1517 2309 nostro
1539 2276 1579 2309 et
1602 2283 1626 2309 a
1650 2269 1820 2321 Collegii
1845 2269 2028 2310 eiusdem
2054 2270 2165 2310 socio
2189 2284 2310 2323 quem

274 2332 409 2372 adhuc
437 2344 643 2383 superesse
668 2331 901 2383 gaudemus,
932 2330 1105 2381 primum
1136 2331 1387 2371 voluminum
1416 2331 1684 2383 complurium
1713 2345 1784 2384 per
1812 2332 1955 2372 seriem
1988 2332 2130 2381 editus,
2162 2333 2311 2374 deinde

274 2392 397 2434 unico
429 2394 471 2432 in
503 2392 639 2433 libello
671 2392 860 2442 inclusus,
894 2405 966 2444 per
1003 2393 1143 2433 orbem
1181 2400 1372 2433 terrarum
1410 2401 1541 2433 totum
1575 2393 1698 2433 exiit⁵.
1759 2395 1908 2434 Poetae
1941 2395 2067 2435 nostri
2100 2395 2141 2435 in
2175 2396 2311 2436 fabula

276 2455 465 2508 quadam,
499 2455 552 2494 ab
589 2455 669 2494 hoc
704 2453 788 2494 viro
826 2454 936 2494 haud
973 2453 1028 2493 ita
1064 2454 1220 2506 pridem
1259 2455 1378 2504 edita,
1418 2455 1487 2495 ubi
1526 2455 1687 2495 aestatis
1725 2455 1882 2496 mediae
1920 2457 2077 2496 somnia
2115 2465 2312 2498 nocturna

275 2515 521 2570 lepidissime
539 2523 757 2564 narrantur,
779 2529 802 2556 e
821 2515 951 2555 faunis
971 2515 1215 2557 silvestribus
1235 2530 1339 2557 unus
1358 2517 1461 2557 intra
1481 2518 1603 2557 horae
1622 2517 1741 2556 unius
1761 2517 1935 2569 spatium
1955 2518 2095 2559 orbem
2118 2527 2310 2560 terrarum

276 2586 407 2620 totum
427 2578 587 2619 vinculo
606 2592 689 2619 uno
709 2592 796 2619 sese
814 2578 1040 2619 cincturum
1059 2593 1146 2619 esse
1165 2581 1355 2620 audacter
1375 2579 1614 2632 pollicetur⁶.
1661 2581 1787 2631 Quod
1806 2580 1850 2628 si,
1872 2580 2033 2620 aestatis
2053 2581 2094 2621 in
2114 2583 2191 2622 hac
2211 2584 2310 2623 hora

278 2641 508 2692 meridiana,
534 2642 655 2682 etiam
681 2642 799 2683 nobis
825 2642 917 2682 licet
944 2642 1238 2694 aliquantulum
1265 2643 1435 2696 gloriari,
1461 2657 1535 2684 nos
1564 2644 1686 2684 hodie
1715 2644 1756 2684 in
1786 2646 1914 2685 multo
1942 2644 2097 2685 minore
2120 2646 2311 2698 temporis

277 2704 496 2751 intervallo,
517 2703 559 2743 in
582 2705 661 2744 hoc
687 2703 776 2756 ipso
801 2703 992 2756 temporis
1018 2713 1237 2755 momento,
1260 2719 1342 2757 quo
1371 2705 1614 2758 reipublicae
1643 2706 1839 2747 maximae
1868 2707 2155 2748 transmarinae
2180 2709 2309 2749 civem

277 2767 490 2821 egregium,
519 2773 663 2820 po'e'tae
694 2768 818 2808 nostri
849 2768 996 2808 summi
1028 2768 1285 2820 interpretem
1319 2769 1509 2809 eximium
1543 2770 1765 2818 laudamus,
1798 2769 1905 2809 orbis
1936 2777 2126 2810 terrarum
2156 2778 2310 2823 partem

277 2839 489 2883 utramque
516 2831 678 2872 vinculo
706 2845 813 2873 novo
842 2831 944 2872 inter
972 2846 1060 2873 sese
1088 2832 1381 2885 coniungimus.

389 2894 508 2933 Duco
545 2895 598 2933 ad
634 2907 707 2934 vos
743 2893 871 2934 virum
905 2901 945 2934 et
982 2894 1099 2935 nobis
1138 2901 1178 2935 et
1217 2895 1500 2935 Britannorum
1541 2899 1684 2946 poetae
1721 2908 1882 2935 summo
1919 2895 2307 2946 coniunctissimum,

280 2957 522 2996 Hominum
552 2958 751 2997 HowARD
782 2959 993 2998 FuRNEss.

367 3034 378 3055 ²
403 3035 585 3068 Kirchhoff
594 3037 662 3068 and
678 3037 824 3070 Bunsen.
1026 3037 1040 3058 ²
1063 3038 1086 3071 ii
1106 3047 1137 3080 5,
1159 3049 1209 3081 15·
1400 3037 1415 3058 ⁸
1438 3039 1685 3081 Kompendium
1702 3039 1759 3071 der
1772 3039 2007 3072 theoretisclzen
2023 3040 2158 3081 Physik,
2182 3042 2264 3083 1895
2278 3040 2293 3072 f
2303 3053 2312 3080 ς

278 3079 538 3123 Eigenschqftcn
551 3080 612 3112 der
627 3081 667 3112 K
663 3081 801 3121 ristalle,
826 3083 862 3114 18
887 3082 918 3114 8.
1094 3082 1108 3102 ⁴
1132 3083 1217 3115 Rev.
1235 3082 1387 3115 William
1404 3083 1523 3126 Henry
1541 3084 1568 3114 F
1571 3094 1697 3123 urness,
1716 3083 1810 3115 D.D.
1987 3082 2001 3102 ⁶
2023 3084 2097 3116 The
2117 3085 2311 3127 Cambridge

279 3123 506 3165 Shakespeare‚
523 3123 636 3156 edited
652 3124 698 3166 by
716 3124 769 3156 W.
790 3125 834 3158 G.
882 3125 956 3158 lark
968 3125 1037 3158 and
1052 3126 1108 3158 W.
1127 3127 1226 3159 Aldis
1239 3126 1372 3169 Wright
1384 3126 1461 3167 (186
1465 3125 1575 3169 3-66)‚
1594 3126 1752 3160 followed
1765 3127 1809 3169 by
1821 3127 1877 3160 the
1894 3127 1989 3159 Globe
2001 3128 2142 3160 Edition
2158 3128 2198 3160 of
2212 3129 2307 3170 1864,

279 3178 324 3199 on
340 3167 398 3199 the
414 3167 486 3199 title
501 3167 540 3199 of
551 3167 660 3200 which
677 3178 732 3200 see
747 3169 941 3202 Alexander
957 3169 1184 3203 Macmillan's
1199 3171 1336 3207 Letters,
1353 3181 1412 3214 pp.
1433 3181 1444 3202 1
1454 3179 1489 3212 71
1501 3171 1525 3211 f,
1548 3179 1609 3212 174
1621 3171 1642 3203 s.
1841 3169 1855 3191 ⁶
1879 3174 1887 3188 ‘
1897 3171 1953 3204 l'll
1968 3177 2028 3215 put
2044 3182 2064 3204 a
2078 3172 2186 3215 girdle
2201 3173 2308 3205 round

279 3211 382 3244 about
399 3210 457 3244 the
471 3211 566 3243 earth
586 3209 592 3255 Ι
613 3212 655 3244 In
671 3211 758 3254 forty
773 3212 944 3253 minutes’,
966 3213 1059 3246 Puck
1075 3214 1110 3246 in
1126 3215 1158 3247 A
1176 3215 1404 3247 Midsummer
1418 3214 1557 3257 Mght’s
1572 3215 1713 3255 Dream,
1736 3222 1764 3247 ιι
1780 3214 1792 3247 i
1811 3223 1884 3257 175.

1260 3297 1331 3337 151
