2704 3770
821 321 1107 388 Unz'versz'ty
1141 323 1206 386 of
1228 322 1399 371 Halle.
1477 322 1521 371 C
1518 321 1668 387 ollege
1702 321 1766 386 of
1788 322 1921 370 New
1940 321 2134 387 Jersey.

815 483 1073 523 Um‘verst‘tati
1098 484 1286 523 Hallensz‘
1311 485 1352 524 S.
1374 485 1420 523 P.
1444 485 1503 522 D.
1542 483 1784 523 Unz'versz'tas
1816 480 2152 530 Cantabrzgzknszk.

585 562 705 617 (550)
738 566 867 615 Quoi)
899 580 1027 607 annos
1060 568 1256 607 ducentos
1288 566 1340 606 ab
1371 565 1520 617 origine
1548 572 1676 605 vestra
1706 563 1870 604 feliciter
1898 570 2056 602 exactos
2083 561 2188 602 ludis
2220 562 2486 602 saecularibus

476 625 720 674 celebraturi,
751 640 825 666 nos
859 641 1020 680 quoque
1048 628 1186 680 legatis
1218 629 1271 668 ad
1301 641 1371 667 vos
1401 626 1604 667 mittendis
1632 624 1767 677 gaudii
1798 623 1916 664 vestri
1943 622 2153 675 participes
2181 636 2268 664 esse
2296 623 2484 672 voluistis,

474 687 616 739 gratias
648 696 857 740 propterea
889 690 1002 730 vobis
1033 690 1221 730 omnibus
1250 697 1289 730 et
1322 690 1475 741 agimus
1508 696 1547 729 et
1575 689 1770 728 habemus
1800 687 2001 727 maximas.
2060 688 2175 726 Iuvat
2208 685 2486 727 Universitatis

475 756 626 789 vestrae
651 751 773 790 fastos
796 751 874 790 iam
901 751 995 792 inde
1018 766 1041 792 a
1067 751 1262 804 principio
1288 753 1480 800 evolvere,
1503 759 1542 792 et
1565 750 1770 790 annalium
1792 756 2011 790 vestrorum
2037 748 2138 789 inter
2160 748 2375 799 primordia
2399 762 2487 801 pro-

475 812 668 852 fessorum
693 826 763 864 par
791 813 1053 865 conspicuum
1079 814 1352 866 contemplari,
1374 814 1443 866 qui
1468 821 1596 854 vestra
1621 813 1662 853 in
1688 814 1786 853 urbe
1813 812 2004 853 libertatis
2028 813 2182 863 asylum
2207 811 2303 851 olim
2329 811 2487 852 invene-

475 880 566 913 runt
579 886 590 921 3
619 887 641 913 e
668 874 813 925 quibus
839 876 947 923 alter,
969 875 1062 915 iuris
1088 875 1341 927 prudentiam
1364 877 1576 927 professus,
1601 875 1751 927 primus
1774 873 1955 914 omnium
1979 873 2081 913 inter
2101 874 2311 925 populares
2336 880 2487 914 vestros

474 933 601 985 patrio
624 934 666 973 in
692 948 876 975 sermone
901 935 1188 987 praelectiones
1214 936 1354 976 habuit
1379 935 1686 985 Academicas¹3
1714 937 1811 975 alter
1835 935 2059 987 theologiae
2081 935 2288 975 docendae
2314 934 2483 983 deditus,

475 1004 515 1036 et
541 997 697 1048 generis
730 999 895 1038 humani
927 1011 1063 1039 amore
1096 998 1271 1050 insignis,
1304 1000 1443 1040 urbem
1478 1006 1648 1039 vestram
1682 997 1839 1050 pietatis
1872 996 2143 1037 monumentis
2175 996 2217 1036 in
2247 1003 2483 1049 perpetuum

476 1058 672 1099 duraturis
692 1060 926 1100 exornavit2.
987 1061 1102 1100 Iuvat
1121 1060 1268 1101 deinde
1288 1061 1392 1101 circa
1411 1074 1561 1101 nomen
1584 1059 1816 1112 professoris
1839 1058 1942 1098 illius
1965 1058 2083 1098 vestri
2105 1059 2303 1111 paulisper
2328 1057 2483 1108 morari,

476 1121 555 1172 qui,
578 1121 787 1174 disciplina
807 1123 1088 1163 mathematica
1107 1136 1198 1163 eum
1219 1123 1496 1175 philosophiae
1516 1123 1656 1163 studiis
1676 1122 1900 1170 coniuncta,
1922 1135 2004 1161 non
2024 1123 2147 1162 modo
2169 1124 2178 1142 ‘
2190 1121 2484 1176 philosophiam

476 1183 706 1224 rationalem
717 1186 726 1204 '
741 1186 813 1225 sed
825 1185 943 1225 etiam
962 1187 1176 1226 ‘elementa
1188 1188 1414 1227 matheseos
1429 1186 1649 1227 universae’
1662 1184 1871 1225 tractavit⁸.
1903 1186 2019 1224 Iuvat
2030 1183 2204 1235 denique
2217 1183 2484 1225 Universitate

477 1246 518 1285 in
538 1248 679 1287 eadem
700 1261 849 1288 nomen
869 1248 976 1289 idem
997 1262 1021 1288 a
1040 1250 1262 1301 professore
1281 1251 1405 1293 altero
1425 1251 1559 1290 denuo
1579 1249 1832 1289 nobilitatum
1852 1261 2077 1300 agnoscere,
2099 1247 2178 1299 qui,
2195 1247 2488 1299 prolegomenis

477 1309 557 1349 suis
575 1311 627 1350 ad
649 1312 876 1351 Homerum
895 1325 1019 1363 prope
1039 1319 1202 1352 centum
1221 1312 1369 1352 abhinc
1387 1326 1517 1352 annos
1536 1312 1577 1351 in
1596 1313 1728 1352 lucem
1752 1310 1880 1359 editis,
1902 1310 2194 1361 philologorum
2217 1309 2348 1350 studia
2371 1309 2484 1350 novis

476 1370 643 1411 stimulis
676 1384 916 1423 magnopere
949 1372 1137 1421 incitavit,
1173 1372 1321 1424 quique
1359 1373 1400 1412 in
1438 1373 1518 1412 vita
1555 1386 1626 1412 sua
1662 1372 1845 1413 universa
1882 1370 2114 1422 disciplinae
2151 1370 2413 1423 philologicae
2445 1378 2486 1411 et

477 1441 657 1473 naturam
703 1441 743 1474 et
786 1434 1021 1486 dignitatem
1063 1437 1216 1487 egregie
1262 1435 1578 1476 demonstravit⁴.
1639 1436 1823 1486 Longum
1867 1441 1927 1474 est
1963 1434 2231 1484 professorum
2268 1440 2485 1474 vestrorum

475 1494 686 1535 illustrium
706 1496 870 1536 nomina
889 1496 1026 1537 omnia
1045 1511 1288 1549 percensere.
1349 1499 1505 1538 Ornant
1524 1497 1645 1538 etiam
1665 1510 1773 1537 nunc
1796 1495 2105 1537 Universitatem
2130 1503 2298 1536 vestram
2322 1496 2487 1536 nomina

476 1556 654 1609 insignia,
677 1571 780 1609 quae
809 1572 890 1599 non
921 1560 1044 1599 modo
1073 1574 1143 1611 per
1172 1562 1376 1612 Europam
1405 1567 1530 1600 totam
1559 1561 1631 1600 sed
1659 1562 1780 1600 etiam
1808 1567 1914 1600 trans
1942 1572 2092 1610 aequor
2118 1558 2362 1599 Atlanticum
2390 1565 2487 1599 nota

477 1627 580 1659 sunt.
640 1621 853 1660 Laetamur
873 1620 1183 1661 Universitatem
1204 1629 1264 1661 tot
1284 1622 1514 1662 nominibus
1534 1621 1754 1674 splendidis
1774 1628 1856 1661 tam
1875 1621 1944 1661 diu
1965 1621 2194 1661 illustratam
2218 1619 2487 1661 monumentis

476 1682 647 1730 duobus,
669 1690 708 1722 et
735 1684 955 1734 Gymnasio
978 1691 1018 1723 et
1044 1685 1215 1735 Templo
1238 1684 1499 1733 Academico,
1519 1683 1754 1724 dedicandis
1781 1685 2029 1724 saeculorum
2056 1685 2224 1723 duorum
2253 1682 2484 1724 memoriam

477 1759 563 1785 esse
596 1746 893 1786 celebraturam.
952 1747 1194 1787 Aedificium
1232 1749 1410 1796 alterum,
1445 1747 1678 1788 liberalitate
1709 1747 1859 1799 privata
1891 1746 2112 1794 conditum,
2145 1760 2225 1786 una
2262 1748 2401 1786 saltem
2438 1759 2487 1787 ex

477 1815 587 1858 parte
616 1808 749 1848 Wolfii
780 1808 883 1849 illius
911 1809 1030 1849 ve'stri
1063 1810 1183 1849 verba
1216 1810 1351 1850 denuo
1380 1809 1641 1857 confirmabit,
1673 1809 1737 1849 cui
1769 1808 1983 1848 iuventutis
2016 1809 2250 1849 educandae
2282 1807 2372 1848 finis
2405 1814 2487 1848 erat

481 1870 655 1909 ‘cultura
680 1877 719 1909 et
745 1870 921 1926 corporis
947 1878 986 1910 et
1012 1870 1146 1918 animi,
1170 1872 1322 1911 ducens
1345 1873 1397 1911 ad
1423 1873 1707 1923 perfectionem
1733 1870 2040 1910 humanitatis'⁶.
2098 1871 2292 1917 Alterum,
2317 1869 2487 1921 pecunia

477 1932 637 1983 publica
656 1939 695 1972 et
715 1932 989 1973 munificentia
1008 1934 1113 1985 regia
1132 1934 1173 1973 in
1193 1936 1357 1974 castello
1381 1941 1511 1974 vestro
1535 1941 1665 1974 vetere
1688 1934 1979 1980 instauratum⁶‚
2001 1933 2195 1973 iuventuti
2219 1932 2487 1973 Academicae

477 1993 629 2033 virtutis
649 1994 753 2034 viam
773 1994 921 2034 cotidie
941 1997 1136 2035 ostendet.
1197 1997 1260 2035 De
1280 1995 1421 2036 virtute
1440 2003 1586 2044 autem,
1608 1995 1823 2035 iuventutis
1838 2002 1989 2034 vestrae
2008 2001 2100 2034 ante
2119 1996 2257 2034 oculos
2277 1996 2317 2034 in
2337 1995 2488 2046 templo

478 2055 546 2094 illo
565 2055 777 2106 proposita,
800 2055 892 2095 licet
912 2056 1028 2096 nobis
1054 2056 1175 2096 hodie
1191 2057 1321 2105 „verba
1347 2070 1546 2108 usurpare,
1568 2070 1671 2108 quae
1694 2056 1789 2096 olim
1812 2056 1863 2096 ab
1887 2069 1968 2095 uno
1992 2069 2014 2095 e
2038 2056 2325 2107 professoribus
2350 2055 2487 2096 vestris

479 2118 530 2156 de
563 2116 725 2157 veritate
754 2116 861 2156 dicta
886 2125 978 2157 sunt
992 2132 1003 2166 3
1040 2124 1167 2158 vestra
1196 2117 1303 2157 enim
1333 2120 1373 2157 in
1402 2132 1491 2159 arce
1521 2119 1641 2158 virtus
1669 2132 1750 2158 non
1780 2117 1911 2157 minus
1939 2130 2059 2168 quam
2090 2116 2252 2157 ‘veritas
2279 2118 2413 2157 adhuc
2444 2116 2486 2156 in

481 2178 615 2219 medio
634 2179 763 2230 posita
782 2187 842 2219 est
855 2193 866 2227 ;
895 2179 963 2231 qui
983 2187 1125 2231 potest,
1143 2182 1363 2221 adscendat
1375 2195 1387 2230 ,·
1417 2181 1485 2233 qui
1500 2183 1632 2229 audet,
1650 2181 1774 2232 rapiat
1787 2195 1799 2230 ;
1826 2188 1866 2221 et
1882 2182 2169 2232 applaudemus
2181 2181 2220 2219 '⁷.
2278 2181 2430 2230 Valete,
2447 2187 2488 2220 et

480 2241 598 2281 sacris
618 2241 755 2281 vestris
775 2241 1043 2281 saecularibus
1063 2255 1251 2294 prospere
1271 2243 1440 2294 peractis
1461 2244 1738 2284 Universitatis
1757 2251 1908 2284 vestrae
1926 2244 2090 2296 gloriam
2112 2251 2284 2284 veterem
2303 2243 2422 2284 etiam
2445 2242 2487 2283 in

479 2310 681 2354 posterum
701 2316 770 2354 per
790 2305 947 2343 saecula
965 2303 1135 2355 plurima
1154 2304 1345 2344 illibatam
1366 2307 1624 2346 conservate⁸.

587 2375 740 2412 Datum
765 2374 1040 2424 Cantabrzgiae

696 2429 833 2466 mensis
851 2429 967 2466 Iunii
983 2430 1042 2467 die
1061 2427 1142 2467 xiv0

803 2483 853 2520 A.
876 2483 915 2522 S.
940 2493 1193 2522 MDcecxcm

819 2597 978 2647 Collegit·
1000 2599 1352 2638 Mocaesarztensffl
1379 2602 1562 2640 Praest’di
1592 2603 1847 2642 Curatoribus
1875 2603 2157 2653 Prqfessort'bus

1063 2670 1103 2709 S.
1126 2671 1172 2709 P.
1195 2672 1251 2710 D.
1290 2672 1535 2712 Universitas
1568 2674 1904 2724 Cantabmgrzknszk.

590 2748 703 2801 (551)
741 2751 1047 2789 VEHEMENTER
1084 2752 1287 2799 laetamur,
1327 2752 1396 2792 viri
1435 2753 1666 2802 doctissimi,
1706 2754 1928 2806 Collegium
1967 2761 2140 2794 vestrum
2176 2753 2323 2794 abhinc
2359 2767 2487 2795 annos

481 2817 644 2850 centum
682 2818 722 2850 et
752 2810 1040 2862 quinquaginta
1073 2812 1238 2852 feliciter
1268 2815 1478 2854 fundatum
1513 2816 1627 2855 ferias
1661 2817 1880 2855 saeculares
1913 2829 2000 2855 esse
2028 2815 2330 2864 celebraturum,
2356 2822 2396 2856 et
2427 2823 2487 2856 tot

571 2912 583 2932 ¹
606 2913 816 2946 Thomasius.
962 2912 977 2933 ²
999 2915 1043 2946 A.
1063 2916 1110 2946 H.
1129 2916 1290 2948 Francke.
1436 2916 1450 2936 ³
1473 2918 1641 2950 Christian
1657 2917 1759 2950 Wolf.
1900 2916 1914 2937 ⁴
1938 2919 1976 2949 F.
1994 2918 2038 2949 A.
2055 2918 2157 2950 Wolf.
2299 2917 2312 2938 ⁵
2338 2919 2486 2951 Consilia

481 2956 692 2995 Scholastica,
710 2959 727 2996 §
742 2957 774 2996 6,
793 2957 827 2988 in
841 2958 879 2989 F.
899 2957 942 2989 A.
960 2957 1080 2990 Wolf's
1096 2958 1138 2990 K
1133 2959 1216 2991 lein-e
1230 2960 1410 3002 Schriften,
1430 2971 1461 3003 p.
1483 2970 1555 3002 457.
1712 2960 1726 2981 ⁶
1748 2961 1821 2993 The
1836 2962 2058 3003 Magdalenen
2075 2962 2211 3003 Kapclle
2225 2962 2259 2993 in
2275 2961 2331 2994 the
2346 2962 2484 2994 Moritz-

481 3000 574 3041 burg.
687 2998 700 3019 ⁷
723 3001 767 3032 N.
790 3001 837 3032 H.
855 3001 1037 3043 GundIing,
1055 3003 1107 3033 De
1122 3002 1266 3034 libertate
1279 3004 1533 3036 Fridericianae
1548 3003 1671 3046 (1711),
1687 3005 1812 3047 quoted
1828 3004 1862 3036 in
1881 3004 2047 3037 Paulsen's
2067 3005 2249 3037 Geschiclzte
2263 3005 2313 3036 des
2323 3006 2485 3047 gelehrten

487 3043 705 3081 (haterrichts,
723 3052 768 3076 111
784 3056 804 3085 4
822 3043 846 3085 (i
864 3052 880 3084 5
885 3055 937 3085 30,
954 3045 1007 3076 ed.
1028 3045 1136 3088 1896).
1296 3044 1310 3066 ⁸
1333 3047 1406 3079 The
1422 3047 1601 3089 Delegates
1617 3058 1703 3079 were
1720 3048 1808 3079 Prof.
1826 3048 1879 3081 Sir
1894 3048 2026 3089 George
2043 3049 2175 3085 Stokes‚
2194 3049 2244 3079 Dr
2260 3049 2400 3090 Sandys,
2417 3048 2484 3080 and

483 3085 571 3118 Prof.
585 3087 618 3127 J.
636 3087 808 3128 Armitage
827 3088 1009 3119 Robinson.
1248 3088 1261 3108 ⁹
1284 3090 1358 3122 The
1374 3090 1512 3132 College
1528 3091 1566 3122 of
1580 3091 1611 3122 N
1614 3101 1664 3122 ew
1676 3091 1792 3133 Jersey
1808 3091 1953 3123 founded
1970 3092 2004 3124 in
2025 3092 2115 3133 1746.
2165 3092 2239 3124 The
2255 3092 2348 3124 State
2363 3102 2431 3123 was
2447 3101 2484 3124 so

481 3129 603 3161 named
618 3130 664 3171 by
679 3140 698 3162 a
713 3130 835 3162 former
851 3131 1026 3163 Governor
1041 3131 1080 3163 of
1092 3132 1149 3163 the
1166 3132 1231 3164 Isle
1247 3133 1285 3165 of
1293 3134 1410 3175 Jersey
1428 3133 1626 3175 (Caesarea).

1453 3209 1528 3253 248
