2704 3770
742 307 902 357 Oscar
930 305 1210 358 Backlund.
1282 306 1464 356 Henri
1493 307 1776 371 Becquerel.

248 453 456 501 educatus,
476 459 617 504 postea
635 454 739 494 inter
758 455 995 503 Germanos,
1015 452 1189 506 primum
1209 454 1319 505 apud
1339 453 1661 504 Goettingenses‚
1677 453 1825 494 deinde
1844 455 1954 506 apud
1974 454 2214 506 Lipsienses,
2232 454 2272 494 in

248 515 528 568 philosophiae
561 516 703 557 studiis
736 518 862 558 multa
895 531 988 558 cum
1021 517 1142 557 laude
1174 523 1352 557 versatus
1385 523 1456 557 est.
1515 517 1656 568 Nuper
1687 524 1822 557 autem
1856 531 1927 569 per
1962 531 2091 558 annos
2127 531 2273 558 novem

248 578 495 619 Graecorum
524 578 708 619 coloniae
737 579 950 620 Parisiensi
977 578 1019 619 in
1047 579 1167 620 rebus
1195 578 1316 619 sacris
1344 578 1608 630 praepositus,
1627 579 1810 619 kalendis
1838 578 1957 619 Maiis
1983 581 2274 620 monachorum

248 641 530 683 Sinaiticorum
559 642 752 695 suffragiis
779 642 970 684 omnibus
997 641 1322 694 archiepiscopus
1354 649 1415 683 est
1445 644 1608 683 electus.
1668 643 1882 682 Laetamur
1914 641 1999 682 viro
2028 649 2110 682 tam
2138 643 2272 691 docto,

248 711 335 745 tum
364 712 586 746 ceterarum
615 718 746 746 rerum
775 706 957 746 omnium
986 718 1123 746 curam
1151 717 1239 746 esse
1267 703 1466 753 traditam,
1497 712 1583 745 tum
1613 703 1844 756 praesertim
1875 704 2143 744 bibliothecae
2172 705 2276 744 illius

249 766 449 808 montium
469 767 511 808 in
530 767 621 809 sinu
641 774 798 808 remoto
815 766 990 816 abditae,
1012 780 1133 819 quam
1153 774 1212 807 tot
1233 766 1596 820 Cantabrigienses,
1616 767 1841 819 linguarum
1863 766 2117 808 orientalium
2137 766 2277 818 peritia

248 830 436 884 insignes,
468 844 540 884 per
569 845 689 881 mare,
725 845 796 884 per
825 838 958 880 terras,
991 831 1102 872 haud
1132 830 1188 871 ita
1219 830 1375 882 pridem
1407 830 1661 882 petiverunt¹.
1720 830 1806 871 Viri
1839 830 1928 870 talis
1959 838 2096 871 autem
2129 831 2276 871 tutelae

249 893 434 942 creditus
457 892 543 934 sine
566 893 693 934 dubio
718 892 931 934 incolumis
957 892 1258 934 conservabitur
1277 892 1572 945 evangeliorum
1593 905 1797 933 sacrorum
1817 892 1858 932 in
1879 892 2055 945 linguam
2076 892 2275 944 Syriacam

249 954 497 996 redditorum
529 954 812 1007 palimpsestus
845 954 911 995 ille
944 953 1257 1007 antiquissimus,
1291 955 1406 995 cuius
1436 955 1634 995 inventrix
1662 955 2003 1008 Cantabrigiensis
2031 963 2072 995 et
2097 954 2209 995 domi
2235 962 2275 995 et

247 1029 410 1070 peregre
433 1016 550 1058 titulo
579 1017 804 1058 honorifico
829 1018 919 1069 plus
946 1029 1067 1068 quam
1092 1018 1217 1058 semel
1240 1017 1382 1058 merito
1405 1024 1547 1058 ornata
1569 1019 1660 1057 est2.
1719 1017 1884 1059 Codicis
1903 1031 1998 1058 vero
2018 1025 2100 1057 tarn
2123 1017 2278 1069 antiqui

247 1087 384 1122 custos
405 1080 596 1131 eruditus,
618 1080 726 1121 sedis
745 1089 827 1120 tam
848 1093 983 1120 sacrae
1003 1088 1195 1132 tantaque
1215 1081 1414 1122 montium
1431 1081 1638 1122 maiestate
1658 1081 1931 1122 circumdatae
1953 1081 2279 1133 archiepiscopus

248 1145 412 1193 electus,
433 1144 599 1185 honoris
618 1143 744 1184 nostri
763 1144 881 1184 titulo
901 1157 984 1184 non
1005 1144 1138 1185 minus
1158 1144 1300 1185 merito
1321 1145 1443 1186 hodie
1462 1147 1685 1195 decoratur,
1708 1145 1778 1198 qui
1798 1147 1929 1186 honos
1949 1145 2069 1186 etiam
2090 1145 2131 1184 in
2151 1152 2278 1184 totam

247 1207 459 1248 ecclesiam
478 1208 676 1248 Graecam
696 1214 878 1248 nostrum
898 1208 1081 1248 omnium
1101 1215 1269 1248 testatur
1288 1208 1623 1250 benevolentiam.

359 1271 530 1311 Honore
558 1269 628 1310 tali
654 1269 801 1322 dignus
829 1271 1012 1322 profecto
1040 1278 1101 1311 est
1129 1270 1474 1312 Archimandrites
1504 1273 1783 1314 Ponpnvmus
1813 1274 2108 1322 Loco‘rnn'rsss,
2132 1270 2280 1312 montis

247 1331 427 1374 Sinaitici
445 1332 772 1384 archiepiscopus
791 1333 953 1374 electus.

1030 1522 1089 1554 22
1128 1506 1336 1571 August
1377 1522 1504 1568 1904

269 1608 504 1675 Meeting
534 1609 600 1674 of
621 1608 705 1658 the
738 1608 945 1658 Britislz
980 1609 1034 1657 A
1040 1609 1298 1658 ssocz'atz'on
1320 1609 1422 1674 for
1454 1610 1535 1659 the
1566 1610 1620 1659 A
1627 1610 1944 1660 dvancement
1978 1611 2042 1676 of
2068 1611 2261 1660 Scz'ence

358 1713 620 1752 DrcmserE
637 1711 816 1760 domine,
837 1710 1004 1752 domine
1024 1711 1351 1760 Procancellarie‚
1373 1710 1446 1751 viri
1464 1712 1713 1761 Academici,
1734 1712 1957 1765 reliquique
1977 1726 2119 1754 omnes
2142 1713 2212 1765 qui
2235 1713 2277 1753 in

247 1775 447 1816 Senaculo
466 1782 604 1815 nostro
624 1773 773 1814 adestis
788 1788 854 1814 :—

356 1850 408 1890 In
436 1850 633 1890 honorem
662 1849 872 1890 Societatis
903 1847 1156 1889 Britannicae
1185 1848 1441 1889 scientiarum
1472 1849 1620 1890 finibus
1653 1850 1921 1903 propagandis
1954 1851 2206 1900 constitutae,
2238 1858 2278 1891 et

247 1925 357 1953 nunc
381 1913 548 1953 demum
577 1918 669 1964 post
691 1924 890 1951 annorum
920 1911 1183 1963 quadraginta
1206 1912 1380 1952 duorum
1409 1911 1660 1952 intervallum
1686 1914 1740 1953 ad
1769 1914 1874 1953 hanc
1903 1914 2109 1954 doctrinae
2138 1914 2277 1954 sedem

246 1975 384 2016 denuo
421 1981 682 2024 convocatae,
714 1973 865 2026 placuit
896 1972 1060 2013 Senatui
1091 1981 1229 2014 nostro
1262 1981 1322 2014 tot
1359 1975 1605 2015 advenarum
1643 1988 1666 2015 e
1700 1988 1869 2015 numero
1907 1977 2136 2025 nonnullos,
2168 1977 2278 2016 velut

246 2037 420 2090 exempli
445 2050 577 2086 causa,
599 2036 716 2077 titulo
742 2044 880 2077 nostro
906 2038 1110 2084 decorare,
1131 2036 1200 2089 qui
1223 2038 1366 2087 honos,
1388 2045 1564 2078 vestrum
1590 2038 1773 2079 omnium
1800 2039 2023 2091 praesentia
2048 2039 2274 2088 illustratus,

245 2107 422 2141 vestrum
442 2099 637 2150 omnium,
660 2107 703 2140 ut
722 2112 942 2152 speramuS‚
964 2099 1246 2140 benevolentia
1265 2100 1604 2153 comprobabitur.

356 2188 472 2244 (393)
500 2192 564 2229 AB
587 2189 730 2230 exteris
752 2188 892 2237 exorsi,
915 2188 1089 2241 primurn
1114 2188 1297 2229 omniurn
1318 2190 1539 2230 salutamus
1559 2189 1746 2230 nuntium
1766 2191 1971 2242 quendam
1992 2190 2203 2240 sidereum,
2225 2191 2278 2230 ab

244 2267 337 2295 arce
355 2253 424 2294 illa
441 2254 700 2294 celeberrima
719 2266 845 2305 prope
865 2252 1097 2304 Petropolin
1117 2252 1241 2293 stellis
1260 2253 1522 2294 observandis
1542 2253 1749 2294 dedicata³
1767 2254 1819 2294 ad
1839 2266 1914 2294 nos
1933 2254 2159 2304 devectum,
2175 2267 2279 2306 quae

246 2317 420 2357 duorum
450 2315 643 2367 deinceps
673 2314 921 2355 Struviorum
954 2315 1189 2355 nominibus
1223 2315 1302 2355 iam
1333 2317 1490 2356 dudum
1518 2315 1738 2368 gloriatur⁴.
1799 2317 1904 2367 Ipse,
1936 2316 2075 2356 talium
2105 2316 2278 2358 virorum

247 2379 388 2419 haeres
425 2377 694 2432 dignissimus,
729 2378 979 2428 planetarum
1017 2377 1272 2430 potissimum
1303 2377 1345 2418 in
1379 2380 1507 2418 moles
1537 2385 1754 2430 motusque
1786 2379 2039 2430 perturbatos
2069 2370 2280 2432 diligenter

247 2441 464 2495 inquisivit,
499 2449 539 2482 et
577 2440 724 2481 Enckii
760 2440 992 2493 praesertim
1023 2449 1223 2491 cometen,
1259 2448 1318 2481 ter
1349 2440 1392 2481 in
1423 2454 1587 2493 quoque
1617 2441 1818 2482 decennio
1847 2441 1950 2482 inter
1983 2442 2113 2483 sidera
2143 2451 2279 2484 nostra

246 2505 462 2555 lucentem,
482 2504 759 2557 indagandum
779 2504 854 2544 sibi
875 2503 1056 2556 sumpsit.
1118 2505 1229 2544 Dum
1252 2511 1436 2545 cometae
1459 2504 1564 2544 illius
1588 2504 1760 2545 reditum
1784 2504 1825 2544 in
1847 2518 1985 2545 mense
2004 2505 2187 2557 proximo
2207 2519 2278 2558 spe

248 2576 356 2610 certa
375 2575 644 2622 expectamus,
666 2567 805 2609 sideris
826 2567 931 2608 illius
951 2567 1227 2620 indagatorem
1250 2567 1497 2609 indefessum
1516 2569 1702 2609 hodierni
1721 2568 1802 2610 diei
1821 2569 1924 2610 inter
1939 2569 2091 2609 lumina
2110 2569 2280 2611 libenter

248 2644 517 2672 numeramus.

358 2696 478 2736 Duco
496 2696 550 2737 ad
570 2709 640 2736 vos
659 2694 928 2736 astronomiae
947 2694 1168 2735 antistitem
1188 2695 1561 2747 Petroburgensem,
1584 2696 1730 2737 OScAR
1751 2697 2005 2736 BACKLUND.

358 2783 475 2837 (394)
504 2785 856 2837 Francogallorum
880 2798 903 2825 e
926 2783 1132 2836 republica
1154 2783 1285 2824 vicina
1308 2797 1425 2824 cursu
1445 2797 1637 2836 prospero
1656 2785 1709 2825 ad
1729 2797 1804 2824 nos
1823 2784 2003 2836 pervenit
2023 2785 2278 2826 scientiarum

246 2845 494 2888 Academiae
514 2846 745 2887 Parisiensis
764 2846 897 2887 socius
917 2846 1090 2895 illustris,
1111 2846 1225 2886 cuius
1245 2846 1365 2887 etiam
1384 2854 1538 2899 patrem
1557 2860 1758 2899 avumque
1778 2848 1932 2888 honore
1951 2848 2097 2888 eodem
2117 2856 2279 2889 ornatos

334 2933 348 2956 ¹
371 2936 444 2969 Mrs
461 2935 572 2971 Lewis
587 2936 654 2969 and
672 2936 743 2969 Mrs
753 2935 903 2976 Gibson3
922 2937 978 2968 Mr
993 2936 1060 2968 and
1077 2936 1150 2969 Mrs
1163 2936 1204 2969 R.
1224 2936 1264 2969 L.
1278 2936 1414 2979 Bensly,
1428 2937 1485 2968 Mr
1499 2936 1568 2969 and
1584 2937 1656 2970 Mrs
1673 2937 1712 2969 F.
1726 2937 1767 2971 C.
1783 2937 1928 2976 Barkitt,
1941 2938 2007 2970 and
2026 2938 2082 2970 Mr
2094 2938 2127 2982 J.
2147 2938 2278 2972 Rendel

249 2979 382 3012 Hatris.
540 2978 554 2999 ²
577 2980 618 3012 In
636 2980 719 3012 Feb.
742 2981 835 3022 1892,
854 2980 911 3013 the
926 2980 1058 3013 earliest
1074 2980 1200 3013 known
1218 2981 1282 3014 MS
1300 2980 1338 3012 of
1350 2980 1407 3013 the
1424 2980 1514 3013 Four
1531 2981 1675 3023 Gospels
1691 2980 1725 3014 in
1743 2981 1859 3024 Syriae
1876 2992 1944 3014 was
1959 2981 2153 3015 discovered
2170 2982 2205 3015 in
2221 2983 2278 3016 the

246 3021 372 3066 library
386 3022 426 3056 of
443 3023 501 3056 the
523 3028 714 3066 monastery
729 3023 767 3056 of
785 3025 907 3057 Mount
928 3024 1023 3058 Sinai
1046 3024 1092 3067 by
1109 3025 1180 3056 Mrs
1206 3024 1326 3063 Lewis,
1344 3024 1421 3056 who
1444 3024 1638 3057 afterwards
1660 3025 1813 3058 received
1836 3025 2004 3068 honorary
2019 3026 2158 3069 degrees
2180 3031 2214 3060 at
2238 3026 2278 3060 St

246 3066 425 3107 Andrews,
444 3067 558 3107 Halle,
578 3068 645 3100 and
664 3067 884 3111 Heidelberg.
982 3067 996 3088 ⁸
1018 3068 1065 3100 At
1080 3069 1254 3101 Pulkowa.
1359 3067 1373 3087 ⁴
1396 3069 1448 3100 Dr
1465 3068 1641 3101 Backlund
1660 3079 1727 3102 was
1743 3069 1908 3112 preceded
1925 3074 1959 3102 at
1976 3070 2033 3102 the
2050 3070 2279 3114 observator)-

245 3109 293 3153 by
316 3111 355 3144 F.
378 3111 422 3144 G.
449 3111 503 3143 W.
528 3111 648 3145 Struve
671 3111 932 3155 (1793—1864),
957 3112 1024 3144 and
1046 3111 1098 3145 his
1121 3122 1182 3145 son
1209 3112 1293 3146 Otto
1321 3112 1442 3146 Struve
1467 3111 1528 3155 (ob.
1557 3111 1666 3156 1906),
1691 3112 1805 3146 whose
1831 3118 1899 3146 two
1926 3119 2089 3157 youngest
2116 3125 2194 3147 sons
2221 3125 2278 3148 are

249 3154 436 3188 Prosessors
456 3154 495 3187 of
512 3156 718 3198 Astronorny
740 3156 776 3189 in
796 3156 911 3189 Berlin
933 3156 1001 3188 and
1025 3156 1206 3188 Charkow.

1228 3230 1300 3268 181
