2704 3770
444 310 565 361 Rob.
593 309 813 376 sarratt
850 308 1192 358 Crostlzwaite.
1261 308 1540 358 Normann
1577 309 1646 357 D.
1676 309 1735 374 J.
1777 309 2002 359 Straton.

210 457 461 511 benignum?
521 457 646 507 Quod
682 456 736 497 ad
772 468 895 508 opera
932 454 1017 495 eius
1054 452 1226 507 insignia
1261 453 1414 503 attinet,
1454 453 1554 506 quid
1592 452 1725 494 dicam
1773 454 1932 504 Regum
1979 453 2238 506 Anglicorum

209 521 390 564 actiones
418 518 604 572 antiquas
633 531 741 559 novo
772 517 924 558 lumine
952 517 1007 557 ab
1038 516 1127 569 ipso
1159 516 1414 557 illustratas1?
1481 514 1593 566 Quid
1627 514 1835 555 Bractonis
1873 515 2096 555 adversaria
2132 529 2240 556 com-

210 582 415 626 mentariis
448 581 535 623 eius
567 579 843 622 eruditissimis
873 579 1118 633 explicata2?
1189 579 1300 630 Quid
1328 580 1510 620 locorum
1536 585 1747 627 certorum,
1778 585 1818 618 et
1850 577 2044 630 imprimis
2070 578 2241 631 regionis

213 646 397 698 Eliensis‚
427 645 578 687 iudicia
606 645 757 698 privata
795 644 1023 686 curiositate
1052 644 1208 685 minuta
1239 644 1293 685 ab
1322 645 1470 685 eodem
1503 643 1755 696 explorata³?
1810 642 2042 695 Aliquando
2075 643 2242 683 fortasse

211 709 334 752 etiam
353 709 464 763 regni
488 708 649 761 Anglici
666 708 813 749 librum
833 722 1024 761 magnum
1043 708 1274 749 censualem
1300 720 1325 748 a
1343 706 1529 748 Wilelmo
1552 705 1682 759 primo
1708 707 1950 755 confectum,
1971 720 1996 746 a
2015 707 2243 747 Professore

213 780 363 824 nostro,
380 786 461 826 qua
475 772 576 813 solet
590 771 815 824 prudentia,
832 785 1043 812 excussum
1063 770 1320 812 videbimus⁴.
1378 770 1546 811 Interim
1565 770 1668 811 inter
1686 769 1934 811 iuventutem
1954 769 2243 811 Academicam

212 835 308 877 iuris
326 834 571 877 controversi
589 836 698 876 velut
716 842 847 876 rector
865 842 905 876 et
925 836 1154 875 moderator
1173 834 1243 876 diu
1263 834 1517 883 dominetur;
1546 834 1616 876 diu
1636 834 1758 876 etiam
1778 834 1881 875 fictis
1901 833 1942 874 in
1968 833 2098 875 causis
2121 833 2244 874 Tullii

213 906 255 940 et
274 897 514 950 Quintiliani
532 905 746 951 praecepta
766 905 905 939 nostro
924 898 966 938 in
985 899 1147 939 saeculo
1166 897 1333 939 feliciter
1351 898 1532 939 illustret.
1591 898 1754 939 Etenim
1773 911 1856 951 quo
1876 896 2002 950 magis
2017 898 2243 938 scholarum

210 962 253 1003 in
283 962 427 1003 umbra
457 961 622 1002 iuvenes
652 961 887 1002 Academici
921 961 1121 1003 eiusmodi
1151 961 1450 1015 prolusionibus
1483 970 1729 1013 exercentur,
1761 976 1811 1004 eo
1844 962 2019 1015 paratius
2052 962 2105 1003 ad
2133 975 2244 1003 veras

212 1037 355 1066 causas
382 1024 644 1072 descendent,
675 1022 830 1075 forique
858 1025 986 1064 solem
1014 1037 1099 1064 non
1126 1024 1456 1065 reformidabunt.

323 1087 444 1127 Duco
479 1087 534 1128 ad
570 1099 642 1126 vos
679 1085 774 1126 iuris
811 1085 971 1138 Anglici
1014 1087 1286 1128 Professorem
1324 1086 1615 1135 doctissimum,
1657 1088 1947 1127 FREoEmeuM
1995 1088 2244 1127 WILELMUM

215 1151 467 1191 Murum).

1045 1302 1101 1351 17
1139 1290 1258 1339 Dec.
1307 1292 1426 1350 1891

325 1406 440 1462 (186)
469 1408 727 1448 SALUTAMUS
755 1406 877 1447 hodie
905 1406 1034 1447 virum
1062 1408 1284 1447 admodum
1314 1409 1589 1457 reverendum,
1615 1408 1685 1460 qui
1714 1407 1755 1448 in
1784 1407 1926 1448 studiis
1955 1407 2248 1449 mathematicis

214 1471 391 1512 lauream
416 1469 616 1522 insignem
639 1469 743 1509 inter
768 1481 843 1509 nos
869 1469 1051 1521 adeptus,
1073 1469 1222 1510 abhinc
1245 1483 1374 1510 annos
1400 1483 1526 1522 prope
1548 1469 1707 1522 triginta
1733 1470 1903 1522 Collegii
1923 1469 2084 1510 maximi
2107 1470 2248 1511 Socius

216 1533 368 1574 electus
413 1539 486 1574 est.
558 1531 731 1581 Deinde,
770 1538 862 1584 post
907 1546 1037 1573 annos
1080 1534 1228 1573 multos
1268 1533 1473 1574 laboribus
1515 1533 1636 1574 sacris
1682 1534 1902 1582 dedicatos,
1942 1534 2249 1575 archidiaconus

217 1595 484 1639 Eboracensis
503 1595 734 1636 nominatus
752 1602 793 1636 et
811 1595 1003 1648 deinceps
1022 1596 1313 1649 archiepiscopi
1334 1597 1601 1637 Eboracensis
1619 1597 1779 1637 adiutor
1801 1605 2068 1646 consecratus,
2090 1611 2183 1638 cum
2207 1597 2248 1637 in

217 1658 424 1701 Ecclesiae
443 1658 637 1711 Anglicae
656 1657 861 1711 provincia
880 1659 1182 1710 septentrionali
1205 1673 1266 1700 res
1289 1661 1343 1701 ad
1365 1659 1635 1712 interregnum
1662 1661 1751 1711 plus
1776 1674 1898 1712 quarn
1925 1661 2049 1701 semel
2073 1661 2251 1700 adducta

217 1730 312 1773 erat,
334 1722 396 1764 bis
416 1722 620 1775 interregis
635 1722 768 1763 officio
784 1735 871 1762 sese
886 1735 1023 1774 parem
1038 1722 1251 1774 praebuit⁵.
1312 1723 1580 1775 Episcopatus
1599 1730 1735 1763 autem
1755 1722 1850 1763 novi
1865 1736 2015 1763 nomen
2029 1723 2082 1763 ab
2096 1722 2250 1776 oppido

216 1794 429 1841 sumptum
456 1794 528 1837 est,
563 1786 634 1828 ubi
664 1786 706 1827 in
739 1788 892 1839 templo
926 1786 1140 1839 magnifico
1171 1786 1274 1827 inter
1305 1786 1393 1827 aevi
1426 1785 1567 1839 prioris
1602 1794 1866 1827 monumenta
1899 1787 2016 1827 sedes
2049 1787 2248 1838 quaedam

215 1851 376 1905 lapidea
399 1857 460 1892 est
487 1863 592 1903 quae
616 1850 726 1903 pacis
753 1851 946 1891 cathedra
971 1858 1146 1890 vocatur.
1207 1851 1314 1902 Ergo
1340 1849 1461 1890 etiam
1490 1849 1669 1902 episcopi
1694 1849 1820 1890 nostri
1848 1850 1964 1890 sedes
1993 1863 2114 1890 sensu
2141 1862 2250 1890 novo

214 1914 289 1957 erit
317 1914 379 1967 (ut
406 1913 629 1967 speramus)
658 1913 768 1966 pacis
797 1914 999 1954 cathedra.
1058 1913 1174 1953 Pacis
1203 1912 1384 1953 minister
1411 1912 1453 1953 in
1479 1920 1718 1965 perpetuum
1747 1913 2001 1963 constitutus,
2031 1912 2116 1963 erit,
2147 1913 2250 1954 sicut

214 1983 344 2025 antea,
362 1975 570 2029 Evangelii
588 1975 692 2016 illius
712 1975 841 2016 fidelis
861 1975 1066 2028 interpres,
1084 1976 1196 2027 quod
1216 1974 1313 2015 olim
1327 1976 1563 2028 angelorum
1582 1982 1703 2016 cantu
1723 1975 1889 2028 gloriam
1908 1975 1951 2015 in
1970 1975 2137 2016 excelsis
2158 1977 2250 2016 Deo

215 2048 257 2084 et
274 2040 317 2082 in
336 2039 449 2081 terris
467 2053 610 2092 pacem
631 2038 859 2080 nuntiavit⁶.

327 2105 446 2145 Duco
464 2104 518 2145 ad
537 2117 608 2144 vos
628 2103 865 2156 episcopum
886 2103 1229 2152 Beverlacensem,
1253 2104 1499 2143 ROBERTUM
1520 2103 1715 2154 JARRATT
1735 2103 2063 2144 CROSTHWAITE.

1042 2245 1102 2292 28
1135 2243 1261 2310 Jan.
1309 2247 1433 2304 1892

327 2361 444 2415 (187)
476 2363 596 2402 Aum
629 2362 720 2414 plus
745 2375 867 2413 quam
893 2361 1175 2413 quadringenti
1208 2368 1248 2402 et
1278 2361 1437 2414 triginta
1467 2369 1560 2403 sunt
1588 2361 1750 2415 peracti,
1781 2376 1830 2403 ex
1860 2375 1942 2415 quo
1970 2364 2064 2403 Dux
2091 2362 2252 2403 inclitus

219 2424 498 2475 Eboracensis,
519 2438 633 2466 rosae
655 2425 771 2466 albae
797 2424 957 2477 signifer
979 2424 1151 2473 illustris,
1173 2425 1326 2477 proelio
1350 2439 1443 2466 cum
1467 2426 1593 2478 copiis
1621 2426 1992 2467 Lancastriensibus
2021 2426 2249 2476 commisso,

217 2488 286 2530 die
307 2496 400 2542 post
421 2489 572 2531 Christi
594 2488 700 2529 diem
726 2490 900 2529 natalem
929 2488 1072 2541 quinto
1091 2489 1144 2529 ab
1170 2489 1354 2529 hostibus
1377 2497 1518 2541 captus
1547 2497 1587 2530 et
1609 2490 1767 2531 occisus
1790 2490 1880 2531 est⁷.
1939 2492 2080 2543 Nuper
2104 2492 2251 2532 eodem

218 2552 262 2594 in
297 2554 402 2602 loco,
436 2552 506 2593 illo
542 2551 632 2604 ipso
670 2552 736 2592 die
774 2551 911 2602 natali,
933 2551 1005 2592 viri
1042 2551 1143 2592 tanti
1180 2566 1203 2592 e
1240 2552 1409 2604 posteris
1447 2567 1563 2602 unus,
1603 2554 1713 2606 pacis
1752 2554 1933 2595 minister
1970 2567 2091 2606 quern
2129 2554 2252 2595 hodie

218 2616 448 2664 salutamus,
470 2616 665 2655 honorem
693 2614 769 2655 sibi
795 2628 819 2654 a
848 2614 1005 2667 Regina
1031 2613 1276 2655 destinatum
1298 2615 1405 2667 gregi
1432 2629 1506 2656 suo
1531 2616 1661 2656 verbis
1684 2616 1841 2657 idoneis
1860 2616 2069 2657 nuntiavit.
2130 2616 2252 2657 Mitto

217 2691 347 2720 annos
372 2678 565 2731 plurimos
587 2677 792 2719 laboribus
821 2678 941 2719 sacris
969 2678 1022 2718 ab
1050 2679 1216 2718 alumno
1244 2685 1383 2719 nostro
1412 2679 1582 2720 fideliter
1604 2680 1837 2731 dedicatos;
1871 2694 1994 2721 unum
2020 2680 2119 2721 illud
2145 2693 2253 2720 com-

219 2753 412 2790 memoro,
442 2740 515 2781 viri
542 2740 661 2781 huius
691 2740 921 2793 praesertim
950 2739 1098 2780 auxilio
1128 2740 1276 2789 deberi,
1309 2741 1420 2793 quod
1449 2740 1491 2781 in
1518 2741 1672 2794 oppido
1699 2742 1882 2782 laborum
1912 2742 1998 2783 eius
2026 2756 2097 2794 per
2123 2756 2252 2783 annos

218 2803 397 2844 sedecim
422 2803 588 2844 conscio
614 2802 883 2855 Episcopatus
906 2802 1001 2844 novi
1024 2803 1141 2844 sedes
1165 2803 1331 2843 feliciter
1356 2803 1573 2844 constituta
1600 2803 1691 2844 est⁸.
1751 2805 1846 2856 Ipse
1872 2818 2000 2857 nuper
2027 2804 2253 2857 Episcopus

220 2865 432 2906 Monensis
450 2866 694 2918 designatus,
715 2865 919 2918 regionem
940 2865 1240 2906 Eboracensem
1261 2865 1337 2905 sibi
1357 2867 1427 2906 diu
1447 2865 1635 2906 dilectam
1655 2879 1739 2905 non
1760 2865 1846 2906 sine
1865 2880 2029 2907 suorum
2053 2866 2253 2908 desiderio

218 2926 455 2978 propediem
487 2927 696 2980 relinquet,
727 2927 769 2967 in
799 2927 930 2968 insula
959 2929 1062 2967 ultra
1086 2927 1202 2968 litora
1228 2927 1482 2968 Lancastriae
1513 2929 1644 2980 posita
1672 2927 1842 2968 fideliter
1869 2929 2128 2970 laboraturus.
2188 2929 2253 2970 Ibi

309 3020 322 3044 ¹
345 3022 450 3055 Sclect
458 3023 666 3067 Pleasqfthe
679 3024 813 3056 Crown.
880 3021 895 3043 ²
915 3022 1092 3056 Bracton’s
1101 3024 1301 3061 Note-Book,
1318 3025 1412 3066 1887.
1479 3022 1494 3043 ⁸
1521 3023 1590 3057 771⁶
1602 3024 1708 3056 Court
1722 3025 1850 3063 Baron,
1871 3026 1908 3057 18
1939 3035 1965 3057 ι.
2031 3024 2046 3044 ⁴
2068 3025 2255 3067 Domesday

223 3065 315 3099 Book
337 3067 412 3099 and
428 3067 574 3109 Bey0nd‚
605 3069 699 3110 1897.
905 3066 919 3086 ⁵
942 3067 998 3100 On
1022 3067 1079 3100 the
1102 3068 1204 3100 death
1228 3068 1267 3100 of
1286 3068 1368 3111 Abp
1391 3067 1566 3100 Thomson
1591 3066 1702 3110 (1890)
1726 3068 1794 3101 and
1816 3068 1855 3100 of
1874 3069 1906 3100 A
1931 3079 1954 3111 p
1979 3069 2101 3111 Magee
2126 3067 2252 3112 (1891).

219 3107 234 3129 ⁶
256 3110 293 3141 S.
310 3110 419 3142 Lucae
435 3111 502 3143 Ev.
518 3111 542 3143 ii
563 3122 612 3153 ¹4·
792 3109 807 3132 ⁷
831 3110 981 3144 Richard
998 3112 1230 3155 Plantagenet,
1248 3111 1338 3144 third
1355 3111 1457 3145 Duke
1473 3111 1510 3144 of
1523 3111 1632 3150 York,
1647 3111 1732 3144 slain
1748 3117 1782 3145 at
1798 3111 1856 3145 the
1873 3111 1984 3146 Battle
1999 3113 2039 3146 of
2050 3112 2253 3150 Wakefield,

220 3163 265 3196 30
281 3153 367 3187 Dec.
387 3153 480 3195 1460.
617 3154 632 3175 ⁸
654 3154 858 3188 Wakefield.

1223 3238 1274 3278 95
