2704 3770
564 323 777 388 Captain
811 324 973 388 Percy
1008 323 1156 374 Scott,
1227 323 1466 373 Howard
1493 324 1693 374 Marsh.
1775 323 1825 372 T
1817 324 2035 388 lce'oplzz'le
2064 325 2308 375 Homolle.

543 469 657 522 (375)
692 469 842 510 Laudis
872 477 1030 510 nostrae
1063 483 1222 510 cursum
1252 468 1491 510 hodiernum
1526 468 1675 509 claudit
1705 468 1763 508 vir
1797 468 1852 508 rei
1882 469 2031 510 navalis
2061 469 2219 522 peritus,
2253 470 2322 522 qui
2349 469 2447 511 olim

434 531 657 572 identidem
686 531 845 571 Africae
875 531 1086 571 fluminum
1117 530 1382 583 complurium
1413 538 1506 570 ante
1539 530 1642 571 ostia
1671 544 1754 570 rem
1786 531 1890 571 bene
1920 529 2071 582 gessit¹,
2102 531 2171 583 qui
2200 545 2327 584 nuper
2355 530 2447 572 navi

435 595 695 646 praepositus,
717 607 820 647 quae
848 607 931 634 non
961 594 1124 635 nomine
1152 601 1307 634 tantum
1337 595 1408 634 sed
1437 593 1556 633 etiam
1585 593 1673 646 ipso
1700 601 1864 645 aspectu
1892 594 2074 634 hostibus
2099 602 2287 635 terrorem
2315 602 2448 647 potest

435 656 623 704 incutere,
640 663 821 707 tempore
841 663 1069 707 opportuno
1090 655 1247 696 Africae
1266 655 1460 695 Australis
1481 655 1520 694 in
1542 662 1643 695 terra
1665 654 1797 694 Natali
1817 656 1869 694 ad
1888 654 1981 695 litus
1999 655 2163 707 appulit,
2180 663 2220 696 et
2242 656 2450 696 tormentis

435 717 641 757 navalibus
664 717 803 770 proelii
827 716 1018 757 terrestris
1044 716 1085 755 in
1111 729 1228 756 usum
1255 716 1388 756 subito
1412 718 1583 763 mutatis,
1606 716 1798 755 militibus
1824 716 1968 756 nostris
1990 716 2156 768 graviter
2174 717 2447 758 laborantibus

437 793 558 832 opem
589 788 628 820 et
658 779 847 820 auxilium
878 792 926 820 ex
953 779 1154 831 insperato
1181 778 1341 819 attulit2.
1401 780 1546 818 Postea
1576 778 1696 819 etiam
1727 779 1768 818 in
1799 792 1952 819 oceano
1985 779 2142 820 Sinensi
2170 779 2334 831 gloriam
2365 792 2449 820 non

437 841 632 881 minorem
664 842 846 892 adeptus,
877 854 1019 881 navem
1053 841 1161 880 illam
1194 839 1494 880 formidulosam
1528 840 1756 881 Britanniae
1786 840 1827 880 in
1859 848 2018 892 portum
2052 841 2268 881 maximum
2299 842 2447 881 salvam

437 904 708 955 sospitemque
728 903 830 944 inter
853 903 1034 943 omnium
1060 903 1342 955 gratulationes
1369 903 1553 943 reduxit⁸.
1614 905 1771 944 Nautae
1797 912 1934 944 nostro
1957 905 2065 944 salvo
2091 904 2310 956 sospitique
2332 903 2450 944 nobis

435 974 527 1018 post
556 974 616 1006 tot
645 966 820 1018 pericula
852 966 1009 1006 reddito
1040 979 1230 1006 coronam
1262 973 1436 1006 nostram
1468 966 1647 1006 ultimam
1685 967 1854 1008 libenter
1886 968 2098 1016 offerimus,
2131 967 2259 1008 laudis
2290 974 2449 1007 nostrae

435 1040 553 1068 cursu
582 1027 778 1068 hodierno
806 1027 993 1079 auspiciis
1027 1027 1188 1079 optimis
1217 1028 1439 1076 terminato,

897 1096 906 1114 ‘
920 1106 994 1133 ceu
1023 1106 1181 1144 pressae
1209 1106 1301 1132 cum
1330 1093 1408 1133 iam
1438 1101 1597 1145 portum
1625 1093 1788 1145 tetigere
1817 1094 1984 1142 carinae,

920 1147 1122 1198 puppibus
1151 1154 1190 1186 et
1219 1147 1311 1187 laeti
1340 1155 1484 1187 nautae
1512 1147 1737 1199 imposuere
1766 1149 1984 1188 coronas'4.

545 1212 747 1252 Coronam
767 1211 974 1251 classicam
995 1211 1136 1251 merito
1155 1211 1276 1251 hodie
1291 1212 1460 1263 adeptus
1480 1219 1540 1252 est
1555 1212 1611 1252 vir
1630 1212 1731 1252 inter
1751 1213 1886 1253 classis
1902 1220 2060 1253 nostrae
2075 1214 2222 1254 decora
2236 1212 2449 1266 praecipua

435 1280 678 1321 numeratus,
701 1274 844 1313 PERcv
866 1274 1081 1312 MORETON
1106 1274 1250 1313 Sco‘rT.

1250 1435 1267 1466 1
1281 1435 1305 1466 2
1342 1419 1475 1468 Nov.
1522 1436 1644 1483 1903

545 1522 660 1575 (376)
690 1523 824 1561 HAUD
845 1520 900 1561 ita
918 1521 1085 1572 pridem,
1109 1529 1152 1561 ut
1172 1522 1410 1562 meministis
1430 1536 1584 1571 omnes,
1605 1526 1747 1576 plenus
1767 1526 1893 1576 annis,
1915 1528 2056 1579 plenus
2076 1525 2307 1576 honoribus,
2329 1539 2353 1566 e
2371 1525 2452 1566 vita

434 1584 602 1626 excessit
630 1584 686 1624 vir
710 1583 886 1635 insignis,
916 1597 986 1634 per
1014 1596 1142 1623 annos
1175 1583 1367 1635 plurimos
1397 1586 1570 1636 primum
1600 1589 1857 1638 anatomiam,
1887 1589 2036 1629 deinde
2070 1587 2317 1639 chirurgiam,
2347 1587 2451 1628 inter

434 1653 593 1687 nosmet
624 1645 733 1698 ipsos
765 1646 965 1696 praeclare
995 1645 1226 1696 professus⁵.
1286 1646 1368 1696 Qui
1396 1647 1524 1698 qualis
1555 1656 1809 1701 quantusque
1840 1650 1897 1690 vir
1926 1650 2051 1697 fuerit,
2083 1656 2233 1701 quanto
2262 1649 2451 1690 scientiae

436 1723 583 1758 amore,
605 1716 756 1760 quanta
774 1707 898 1748 animi
916 1708 1129 1757 alacritate,
1151 1716 1301 1760 quanta
1320 1709 1514 1750 sermonis
1534 1711 1721 1751 facundia
1743 1713 1956 1764 praeditus,
1979 1726 2061 1752 non
2081 1719 2140 1752 est
2163 1713 2274 1762 quod
2296 1711 2453 1763 longius

436 1786 628 1824 exsequar
644 1787 651 1811 :
681 1779 834 1812 vosmet
854 1771 929 1823 ipsi
948 1771 1157 1811 vobiscum
1176 1772 1453 1812 recordamini.
1512 1773 1745 1825 Chirurgiae
1765 1789 1857 1815 vero
1877 1774 2109 1827 professoris
2128 1774 2253 1815 nostri
2274 1773 2392 1826 primi
2409 1773 2451 1814 in

436 1838 582 1884 locum,
603 1849 801 1876 annorum
831 1843 983 1887 septem
1013 1835 1220 1875 intervallo
1246 1835 1492 1887 interposito,
1520 1850 1647 1888 nuper
1672 1839 1821 1878 electus
1844 1846 1904 1878 est
1930 1838 1986 1877 vir
2015 1839 2205 1889 egregius,
2233 1850 2365 1888 quem,
2392 1843 2453 1876 tot

436 1898 522 1937 aliis
559 1898 784 1938 ministrum
823 1897 970 1946 salutis,
1003 1898 1248 1938 Academiae
1282 1899 1445 1938 nomine
1483 1899 1606 1939 hodie
1643 1900 1774 1951 ipsum
1807 1901 1990 1941 iubemus
2029 1902 2187 1941 salvere.
2245 1899 2328 1939 Viri
2362 1899 2451 1940 talis

437 1967 571 2000 autem
590 1959 693 1999 inter
710 1960 860 2007 laudes,
879 1972 960 1998 non
981 1966 1160 1998 nostrum
1177 1959 1249 1999 erit
1269 1960 1390 1999 hodie
1410 1960 1599 2000 scientiae
1618 1968 1699 2000 tam
1720 1962 1948 2002 reconditae
1968 1961 2184 2013 penetralia
2202 1960 2449 2013 perscrutari,

438 2036 520 2062 non
539 2022 632 2062 artis
651 2022 815 2062 intimae
835 2021 1020 2072 mysteria
1039 2024 1197 2061 occulta
1216 2029 1255 2061 et
1275 2023 1455 2062 abstrusa
1475 2024 1515 2061 in
1535 2024 1665 2062 lucem
1681 2025 1855 2075 proferre
1868 2039 1878 2073 ς
1907 2038 1959 2064 ne
1973 2023 2150 2075 corporis
2165 2022 2328 2074 quidem
2348 2024 2452 2062 mala

437 2083 504 2123 illa
536 2085 636 2124 dura
665 2083 794 2123 verbis
828 2082 936 2122 duris
969 2096 1164 2133 expressa,
1200 2091 1243 2123 ut
1275 2083 1452 2134 οἷρθρῖτις,
1481 2091 1525 2123 ut
1555 2082 1778 2137 ἀγκύλωσις,
1809 2087 1955 2125 totiens
1985 2086 2038 2125 ab
2067 2086 2146 2124 hoc
2176 2084 2260 2124 viro
2288 2082 2453 2124 feliciter

437 2146 575 2193 levata,
607 2158 740 2184 coram
767 2144 880 2183 vobis
909 2143 1029 2183 hodie
1055 2145 1485 2184 commemorabuntur.
1548 2146 1698 2186 Mentis
1727 2146 1859 2198 potius
1888 2147 1940 2186 ad
1965 2146 2074 2186 bona
2099 2146 2298 2197 praeclara
2319 2144 2455 2185 transi-

438 2206 580 2254 bimus,
607 2213 646 2245 et
671 2206 933 2256 professorem
957 2204 1074 2244 nobis
1103 2218 1230 2256 nuper
1254 2206 1393 2245 datum
1422 2214 1631 2258 propterea
1654 2207 1883 2259 praesertim
1906 2207 2042 2247 animo
2065 2209 2170 2247 laeto
2195 2205 2450 2258 accipiemus,

439 2268 550 2318 quod
587 2267 747 2318 ingenio
784 2273 866 2305 tam
904 2265 1049 2316 vivido,
1089 2266 1238 2306 iudicio
1276 2275 1357 2307 tam
1396 2268 1563 2308 subacto
1600 2276 1660 2308 est
1697 2269 1911 2320 praeditus,
1946 2269 1988 2308 in
2025 2269 2143 2309 rebus
2178 2266 2452 2308 minutissimis

439 2330 696 2370 observandis
727 2337 808 2369 tam
838 2328 1003 2377 subtilis,
1031 2328 1072 2368 in
1102 2330 1218 2369 rebus
1247 2330 1538 2370 obscurissimis
1571 2331 1817 2382 explicandis
1854 2339 1936 2371 tam
1969 2331 2136 2371 lucidus.
2194 2329 2292 2369 Viro
2329 2329 2371 2368 in
2404 2343 2453 2369 ea

438 2399 548 2443 parte
586 2391 809 2431 medicinae
843 2403 945 2442 quae
979 2403 1100 2430 manu
1139 2399 1249 2430 curat
1281 2391 1426 2443 insigni
1464 2406 1605 2432 manus
1639 2392 1808 2433 libenter
1845 2393 2060 2440 tendimus,
2094 2394 2334 2443 dextraeque
2371 2398 2453 2431 tam

439 2453 587 2493 sollerti
616 2454 794 2492 dextram
824 2451 993 2491 libenter
1020 2451 1233 2503 iungimus.

549 2517 667 2556 Duco
692 2516 744 2555 ad
769 2528 839 2555 vos
863 2515 1061 2555 baronetti
1087 2515 1251 2566 quidem
1280 2515 1450 2566 illustris,
1481 2516 1619 2557 Iacobi
1648 2518 1782 2568 Paget,
1809 2518 2014 2568 quondam
2043 2516 2278 2565 adiutorem,
2309 2514 2453 2567 equitis

439 2587 572 2619 autem
610 2579 784 2630 insignis,
821 2578 982 2630 Georgii
1022 2580 1248 2630 Humphry,
1284 2592 1392 2619 nunc
1430 2581 1594 2620 demum
1633 2592 1916 2629 successorem,
1951 2579 2079 2620 virum
2116 2577 2234 2618 nobis
2263 2576 2451 2618 omnibus

439 2641 772 2693 acceptissimum,
804 2643 1073 2682 Professorem
1104 2644 1275 2682 MARSH.

1300 2746 1325 2793 5
1363 2731 1482 2780 Dec.
1530 2746 1653 2793 1903

549 2834 662 2888 (377)
697 2836 1104 2874 FRANCOGALLORUM
1136 2834 1372 2886 respublica,
1403 2834 1499 2874 mari
1528 2841 1697 2886 angusto
1725 2847 1749 2874 a
1779 2834 1895 2874 nobis
1924 2832 2059 2881 divisa,
2092 2831 2331 2873 concordiae
2358 2845 2452 2873 vero

439 2897 606 2938 vinculis
639 2897 767 2937 indies
797 2896 1006 2936 artioribus
1039 2896 1156 2936 nobis
1187 2896 1412 2946 coniuncta,
1444 2897 1495 2937 de
1523 2896 1820 2947 archaeologiae
1847 2895 1987 2935 studiis
2016 2902 2055 2934 et
2083 2894 2195 2934 domi
2223 2901 2263 2934 et
2290 2907 2452 2946 peregre

441 2973 562 3011 quam
598 2960 797 3011 praeclare
836 2957 974 2998 merita
1011 2957 1072 3006 sit,
1111 2957 1213 2997 inter
1250 2971 1391 2998 omnes
1429 2965 1595 2998 constat.
1670 2959 1780 2998 Inter
1824 2958 2123 3008 archaeologiae
2164 2963 2299 2996 autem
2337 2956 2452 2996 sedes

527 3052 540 3073 ¹
564 3052 669 3094 Niger
685 3051 852 3094 (1873—4),
871 3052 989 3095 Congo
1007 3050 1130 3094 (1875),
1149 3052 1228 3084 Nile
1245 3050 1367 3094 (1882).
1487 3051 1502 3071 ²
1524 3053 1570 3084 At
1586 3063 1605 3084 a
1621 3052 1747 3084 critical
1763 3051 1843 3084 time
1858 3052 1893 3083 in
1910 3051 2057 3084 October
2075 3051 2169 3094 1899,
2188 3049 2332 3092 Captain
2348 3049 2453 3090 Pei-cy

441 3096 547 3133 Scott,
563 3097 643 3128 then
663 3096 697 3127 in
718 3096 895 3128 command
913 3098 950 3127 of
971 3096 1111 3128 H.M.S.
1141 3096 1293 3133 Terrible,
1310 3096 1467 3128 invented
1491 3096 1546 3128 the
1569 3096 1814 3138 gun-carriages
1830 3095 1940 3127 which
1963 3095 2104 3127 enabled
2128 3094 2225 3126 naval
2243 3103 2328 3135 guns
2350 3097 2386 3124 to
2408 3092 2451 3124 be

441 3140 610 3203 promptly
626 3139 692 3170 and
707 3139 889 3180 effectively
906 3139 985 3171 used
1001 3150 1045 3171 on
1061 3139 1150 3178 land,
1170 3143 1204 3171 at
1220 3139 1427 3181 Ladysmith.
1523 3137 1537 3159 ⁸
1559 3139 1783 3179 Portsmouth,
1805 3148 1844 3180 23
1862 3139 1955 3180 Sept.
1976 3148 2070 3182 1902.
2172 3136 2187 3157 ⁴
2215 3137 2327 3178 Georg.
2343 3135 2355 3167 i
2372 3145 2446 3177 303.

478 3182 533 3216 Sir
547 3182 680 3224 George
698 3182 835 3224 Murray
851 3182 1032 3224 Humphry
1049 3181 1304 3225 (1820—1896).

1414 3248 1430 3272 1
1440 3246 1489 3284 74
