2704 3770
686 298 910 347 Edvard
942 298 1114 363 Grz‘eg.
1186 298 1240 345 A
1247 298 1389 362 lfred
1427 299 1477 346 T
1470 298 1628 362 hayer
1659 299 1874 348 fisalzan.

267 443 397 484 Adest
436 442 613 494 ‘egregie
650 443 837 483 cordatus
875 444 1051 492 homo’1,
1091 456 1214 494 quem
1251 444 1434 495 Augusta
1471 442 1787 493 Vindelicorum,
1822 443 1919 484 olim
1954 444 2299 496 ‘splendidissima

269 506 437 547 Raetiae
451 537 454 539 -
468 506 698 559 provinciae
735 506 946 555 coloniam,
982 506 1084 546 inter
1122 505 1224 546 filios
1262 519 1356 546 suos
1395 513 1588 554 numerat,
1624 519 1828 558 quemque
1865 506 1990 546 tn'bus
2028 507 2219 558 deinceps
2257 506 2298 546 in

268 568 476 610 doctrinae
497 568 732 610 domiciliis⁸
757 583 922 610 munere
947 571 1130 609 functum
1157 568 1416 618 Academico,
1437 569 1586 609 abhinc
1611 582 1741 609 annos
1760 569 1953 609 tredecim
1977 570 2072 610 urbs
2090 570 2157 609 illa
2181 569 2298 621 regia,

269 630 529 678 Vindobona,
568 630 732 671 honoris
770 644 890 671 causa
927 633 980 671 ad
1018 645 1105 672 sese
1143 631 1309 671 vocavit.
1370 630 1435 670 Ibi
1472 630 1628 682 imperii
1665 630 1788 671 totius
1825 631 1979 671 civibus
2017 630 2300 671 enumerandis

268 693 528 746 praepositus,
560 701 600 734 et
629 695 800 734 Senatus
823 693 951 734 ordini
977 693 1169 746 superiori
1193 693 1428 746 adscriptus,
1460 708 1543 734 non
1573 695 1698 734 modo
1726 695 1972 746 provinciam
2002 694 2078 735 sibi
2107 693 2300 735 creditam

269 763 353 796 tam
378 757 578 808 praeclare
603 755 903 805 administravit,
931 763 975 796 ut
1003 770 1147 796 census
1171 755 1369 796 Austriaci
1395 756 1597 796 restitutor
1623 757 1898 808 appellaretur,
1927 758 1999 797 sed
2027 756 2148 797 etiam
2176 769 2300 808 opum

269 817 520 871 publicarum
549 817 758 858 scientiam
787 832 880 858 cum
907 819 1095 859 historiae
1124 819 1266 859 studiis
1292 819 1458 859 feliciter
1484 819 1743 859 coniunctam
1768 820 1959 860 librorum
1984 820 2082 861 serie
2110 827 2302 872 perpetua

269 879 486 920 illustravit.
546 879 657 930 Quid
687 880 819 920 dicam
854 881 906 921 de
939 894 1060 932 opere
1089 880 1358 921 eruditissimo
1388 882 1500 933 quod
1529 881 1768 922 Germaniae
1797 881 1984 922 historiae
2015 881 2301 922 oeconomicae

270 944 516 984 enarrandae
547 942 761 983 destinavit
772 943 810 982 Ρ*
866 943 978 994 Quid
1008 945 1060 984 de
1093 944 1432 996 disputationibus
1459 945 1726 986 subtilissimis
1754 946 1934 998 gentium
1964 945 2230 998 complurium
2260 945 2301 984 in

269 1004 454 1055 concilio,
487 1005 569 1045 sive
598 1004 882 1054 Vindobonae,
915 1005 997 1046 sive
1032 1008 1202 1054 Romae,
1237 1006 1319 1047 sive
1351 1007 1543 1047 Londinii
1577 1007 1754 1059 denique
1787 1007 1964 1048 habitis?
2021 1007 2132 1058 Quid
2161 1008 2213 1048 de
2242 1014 2302 1048 tot

269 1066 440 1120 scriptis,
458 1067 540 1108 sive
560 1068 612 1108 de
631 1067 786 1120 legibus
805 1067 965 1120 agrariis
984 1068 1261 1118 emendandis,
1283 1069 1366 1109 sive
1389 1071 1441 1110 de
1467 1069 1614 1110 civium
1641 1083 1810 1110 numero
1834 1071 2121 1122 computando,
2143 1069 2226 1109 sive
2251 1071 2303 1109 de

269 1130 357 1171 aliis
384 1130 504 1172 rebus
531 1130 722 1183 plurimis,
747 1144 852 1183 quae
882 1131 1004 1172 hodie
1033 1146 1086 1173 ne
1115 1132 1345 1172 summatim
1375 1132 1541 1184 quidem
1566 1133 1760 1185 attingere
1787 1135 2031 1185 possumus?
2087 1134 2169 1173 Tot
2197 1140 2304 1173 certe

270 1206 402 1234 rerum
421 1200 656 1246 argumenta
674 1193 832 1234 infinita
847 1207 899 1234 ne
919 1194 1069 1234 diutius
1089 1208 1292 1246 exsequar,
1315 1203 1483 1235 monent
1503 1195 1624 1235 verba
1642 1195 1709 1235 illa
1727 1195 1979 1243 Aristotelea,
1994 1209 2098 1247 quae
2117 1195 2187 1235 viri
2203 1194 2304 1235 tanti

270 1256 441 1307 labores,
461 1257 566 1298 circa
594 1270 853 1298 numerorum
881 1257 1112 1309 praesertim
1142 1257 1465 1309 computationes
1494 1258 1691 1310 occupati,
1712 1258 1754 1298 in
1782 1263 1935 1310 partem
1965 1258 2160 1310 optimam
2189 1257 2306 1298 inter-

270 1326 476 1372 pretantur
490 1318 664 1370 ε--σῖηὸὲς
683 1319 746 1359 καὶ
764 1318 962 1374 ἄγνωστον
980 1320 1024 1359 τὸ
1043 1318 1217 1371 ἄπειρον·
1237 1320 1448 1371 περαίνεται
1468 1320 1508 1360 δὲ
1527 1321 1674 1374 ἀριθμῷ
1691 1321 1844 1359 πάντ-αὖ.

380 1384 499 1423 Duco
524 1384 578 1424 ad
605 1396 676 1423 vos
703 1383 830 1423 virum
853 1383 956 1424 inter
981 1383 1136 1435 imperii
1159 1383 1359 1424 Austriaci
1384 1383 1538 1424 lumina
1556 1384 1727 1437 insignia
1746 1391 2010 1433 numeratum,
2034 1385 2304 1424 Professorem

273 1445 490 1487 cnorum
510 1447 794 1486 THEODORUM
815 1458 873 1486 DE
894 1448 1298 1487 INAMA-STERNEGG.

383 1558 498 1613 (223)
517 1560 625 1600 Artis
645 1559 821 1601 musicae
841 1560 1060 1601 antistitem
1080 1560 1288 1613 insignem,
1305 1574 1414 1601 anno
1429 1561 1612 1613 proximo
1624 1560 1925 1608 desideratum⁶,
1943 1559 2232 1601 Scandinaviae
2251 1561 2305 1601 ab

272 1622 388 1664 litore
412 1621 536 1663 hodie
561 1624 714 1662 salvum
738 1623 1011 1675 sospitemque
1036 1623 1246 1663 advenisse
1270 1625 1528 1663 vehementer
1552 1625 1756 1664 laetamur.
1816 1622 1977 1663 Etenim
1998 1622 2092 1662 huic
2111 1622 2305 1674 imprimis

272 1692 484 1738 acceptum
505 1686 739 1733 rettulimus,
761 1687 873 1737 quod
891 1685 1072 1738 gentium
1093 1686 1322 1726 Borealium
1341 1686 1518 1726 carmina
1536 1687 1744 1739 popularia
1758 1686 1879 1727 etiam
1893 1686 1997 1726 inter
2010 1694 2169 1727 nosmet
2183 1686 2303 1738 ipsos,

273 1755 395 1801 atque
413 1749 518 1789 adeo
537 1747 689 1800 ubique
708 1756 910 1798 terrarum,
932 1756 1029 1789 nota
1054 1757 1157 1789 sunt.
1217 1751 1357 1802 Ipsum
1384 1749 1627 1802 Apollinem,
1650 1752 1860 1791 Musarum
1886 1750 2129 1803 magistrum,
2152 1751 2307 1802 Hyper-

273 1809 488 1851 boreorum
515 1818 677 1863 gentem
704 1810 843 1851 mitem
872 1818 912 1851 et
940 1811 1159 1852 innocuam
1184 1812 1400 1864 quotannis
1426 1813 1596 1854 libenter
1621 1813 1802 1854 invisisse
1828 1814 1972 1855 dicitur
1985 1829 1996 1864 ;
2024 1814 2081 1854 ibi
2109 1813 2306 1854 Pindarus

273 1881 440 1916 testatur
450 1888 534 1916 non
546 1875 687 1916 abesse
703 1877 877 1924 Musam,
895 1877 967 1916 sed
986 1875 1137 1928 ubique
1151 1877 1373 1927 puellarum
1389 1878 1534 1917 choros
1549 1890 1642 1917 cum
1658 1878 1828 1929 lyrarum
1844 1885 1884 1918 et
1898 1877 2084 1917 tibiarum
2105 1883 2306 1917 concentu

274 1937 475 1987 celebrari,
506 1939 639 1978 laurus
672 1938 849 1990 denique
880 1951 1023 1979 aureae
1057 1938 1185 1979 crines
1217 1939 1467 1990 epulantium
1500 1940 1641 1980 fronde
1674 1940 1885 1981 coronari⁷.
1943 1940 2143 1992 Apollinis
2171 1946 2307 1980 autem

275 1994 444 2041 ministri
463 2000 631 2041 huiusce
649 2000 796 2040 auxilio
811 2007 919 2040 trans
939 2000 1143 2052 regionem
1164 2003 1318 2050 Boreae
1337 2001 1497 2041 flatibus
1512 2010 1705 2051 vexatam,
1723 2010 1831 2042 trans
1851 2001 2141 2043 Scandinaviae
2160 2009 2308 2041 tractus

274 2071 451 2105 remotos
496 2064 656 2104 nivibus
698 2064 875 2113 obrutos,
916 2064 1139 2105 carminum
1176 2064 1413 2105 exaudimus
1452 2065 1680 2106 varietatem
1720 2065 2007 2112 suavissimam,
2047 2072 2169 2116 atque
2206 2063 2309 2104 inter

274 2126 504 2168 saltantium
538 2127 693 2175 choros,
724 2126 845 2167 etiarn
874 2127 1072 2177 absentes,
1101 2128 1209 2167 velut
1236 2127 1311 2179 ipsi
1340 2127 1530 2168 interesse
1556 2128 1751 2170 videmur.
1807 2131 1968 2170 Talium
2001 2136 2106 2169 certe
2134 2128 2308 2169 virorum

275 2188 451 2242 impulsu
476 2196 516 2230 et
539 2189 732 2229 instinctu
757 2190 855 2229 dum
880 2191 1002 2230 corda
1026 2197 1161 2230 nostra
1187 2190 1300 2241 quasi
1319 2191 1472 2230 fervore
1491 2204 1599 2231 novo
1619 2191 1871 2243 inspirantur,
1893 2191 2039 2240 statim,
2060 2192 2168 2231 velut
2194 2189 2310 2230 Veris

275 2253 463 2300 adventu,
488 2254 498 2273 ‘
510 2252 675 2292 solvitur
692 2251 793 2292 acris
813 2253 942 2292 hiems
954 2254 964 2271 ²
978 2267 989 2302 ;
1021 2255 1121 2293 ‘nec
1141 2260 1253 2304 prata
1272 2253 1383 2293 canis
1403 2253 1579 2294 albicant
1598 2255 1751 2307 pruinis
1763 2258 1772 2274 ’
1786 2271 1796 2304 ;
1829 2255 2092 2306 ‘iunctaeque
2109 2253 2309 2306 Nymphis

276 2315 438 2356 Gratiae
467 2317 657 2356 decentes
685 2317 840 2356 alterno
868 2323 1012 2357 terram
1041 2316 1227 2368 quatiunt
1255 2317 1412 2368 pedem.
1472 2318 1580 2369 Ergo
1610 2318 1807 2370 Apollinis
1838 2318 2063 2359 ministrum
2098 2317 2307 2358 Borealem

277 2380 412 2420 laurea
439 2386 576 2419 nostra
603 2379 726 2420 hodie
754 2379 899 2433 merito
926 2392 1179 2420 coronamus.

388 2441 508 2481 Duco
527 2442 580 2482 ad
599 2454 670 2481 vos
690 2442 941 2482 EDVARDUM
962 2441 1135 2482 GR1m⁹.

1098 2625 1154 2671 18
1181 2623 1323 2690 June
1366 2625 1492 2685 1894

388 2742 504 2797 (224)
526 2745 753 2783 Hospmzm
774 2749 968 2790 nostrum,
990 2748 1098 2782 trans
1117 2755 1315 2782 oceanum
1336 2741 1585 2782 Atlanticum
1600 2742 1653 2782 ad
1674 2741 1920 2782 Britanniam
1941 2755 2069 2793 nuper
2082 2743 2307 2792 advectum,

277 2807 415 2849 animo
435 2808 607 2848 fraterno
627 2806 750 2847 hodie
769 2806 940 2846 libenter
959 2806 1190 2846 salutamus.
1248 2806 1476 2845 Salutamus
1495 2804 1738 2856 reipublicae
1758 2804 1954 2844 maximae
1969 2804 2109 2855 civem,
2127 2806 2254 2845 virum
2270 2812 2310 2845 et

279 2868 469 2910 scientiae
488 2876 529 2910 et
549 2868 736 2908 historiae
756 2867 906 2908 navalis
926 2866 1221 2919 peritissimum,
1244 2868 1312 2919 qui
1333 2867 1373 2906 in
1397 2866 1614 2907 litterarum
1639 2866 1912 2906 monumentis
1935 2866 2076 2907 ordine
2099 2866 2310 2919 perspicuo

366 2960 380 2982 ¹
403 2959 534 2992 Ennius
548 2970 592 3002 ap
594 2959 693 2993 .Cic.
720 2959 816 2991 Tusc.
830 2960 842 2990 i
861 2961 910 2992 18.
1128 2957 1143 2977 ²
1164 2958 1312 2995 Tacitus,
1333 2958 1445 2991 Germ
1462 2968 1516 2999 41.
1732 2956 1746 2977 ³
1770 2958 2307 3001 Munich,1nnsbruck,Prague.

277 3003 293 3025 ⁴
322 3003 719 3079 Wrtschaftsgescthchte‚
744 3003 802 3044 187
827 3000 1132 3053 —1901.⁶
1155 3002 1260 3034 Arist.
1278 3002 1373 3034 Rhet.
1394 3001 1430 3033 iii
1447 3003 1477 3041 8,
1499 3012 1529 3033 2·
1677 3000 1691 3021 ⁶
1718 3012 1756 3043 13
1771 3002 1859 3043 June
1878 3003 1973 3044 1893.
2125 3000 2140 3022 ⁷
2162 3003 2215 3044 Py
2215 3002 2263 3034 th.
2287 3013 2309 3034 x

628 3047 775 3083 H‚orace
823 3057 911 3078 arm.
928 3046 975 3087 i4
955 3058 987 3087 4,
1012 3057 1038 3083 1,
1054 3059 1085 3086 4,
1106 3045 1161 3079 6f.
1343 3043 1357 3065 ⁹
1379 3045 1567 3088 Composer
1582 3044 1620 3077 of
1631 3045 1861 3087 Norwegische
1884 3046 2080 3078 Volkslicder
2093 3046 2170 3078 und
2188 3046 2305 3085 Τᾶηεε,

281 3058 423 3134 {nugs0
407 3092 438 3123 A
443 3102 482 3124 us
497 3089 596 3133 Ffeld
608 3091 685 3123 und
695 3090 842 3132 Ejfford
857 3090 1063 3132 Norwegian
1082 3088 1281 3129 Melodies',
1300 3094 1364 3121 etc.
1411 3089 1475 3132 Cp.
1493 3089 1648 3121 Muszcal
1662 3090 1781 3129 Times,
1802 3089 1898 3128 Feb„
1914 3090 1982 3122 and
2001 3091 2162 3132 Centmy,
2177 3089 2309 3128 March,

284 3137 379 3178 ¹894

1255 3219 1326 3245 111
