2704 3770
782 327 875 376 Sir
906 328 1091 391 Henry
1129 326 1741 390 Campbell-Bannerman.
1812 325 1961 373 Lord
1984 323 2156 388 Elgin.

472 478 512 512 et
530 471 669 512 litteris
691 472 881 520 excultus,
903 477 943 511 et
964 483 1095 511 rerum
1114 469 1336 510 divinarum
1358 468 1491 509 studio
1513 467 1809 508 accuratissimo
1828 466 1998 515 deditus,
2021 465 2090 518 qui
2115 465 2305 519 Episcopi
2333 467 2482 508 Dunel-

472 534 620 574 mensis
645 533 854 585 disciplina
879 533 974 574 olim
995 531 1202 580 imbutus¹,
1224 539 1263 572 et
1281 531 1455 571 amicitia
1474 531 1558 571 eius
1578 531 1656 571 iam
1676 545 1746 582 per
1764 543 1891 570 annos
1910 531 2088 581 quinque
2111 536 2150 569 et
2175 529 2312 581 viginti
2336 529 2480 581 dignus

472 596 727 646 existimatus,
749 596 791 636 in
809 598 900 636 loco
918 596 997 636 alio
1016 609 1064 636 ex
1082 595 1161 635 alio
1180 594 1305 646 gregis
1325 608 1442 634 curae
1462 607 1556 634 suae
1576 593 1715 634 crediti
1734 600 1868 645 pastor
1888 592 2015 633 fidelis
2030 591 2186 632 exstitit.
2245 593 2295 632 In
2313 591 2481 633 ecclesia

471 671 564 698 vero
597 658 731 699 Sancti
765 658 954 710 Cypriani
983 658 1024 697 in
1058 659 1251 697 honorem
1285 656 1489 697 nominata
1522 670 1648 708 nuper
1680 656 1883 696 laboribus
1916 655 2034 695 sacris
2068 656 2315 706 occupatus2,
2345 654 2479 696 Sancti

471 720 577 760 Petri
596 720 637 759 in
657 720 723 760 die
741 719 974 771 propediem
994 718 1299 759 consecrabitur.
1359 720 1408 757 In
1431 725 1634 769 posterum
1657 725 1791 758 autem
1814 717 1856 756 in
1876 718 1971 757 sede
1991 730 2062 756 sua
2080 723 2233 756 remota
2251 715 2337 756 sine
2355 715 2480 757 dubio

470 796 553 823 non
573 784 697 823 modo
716 782 851 823 Sancti
877 782 1077 834 Cypriani,
1098 780 1233 822 Sancti
1260 780 1383 829 Pauli,
1406 780 1541 820 Sancti
1567 780 1683 828 Petri,
1705 787 1798 820 ante
1823 781 1962 820 oculos
1987 778 2152 819 habebit
2177 779 2386 830 exemplar,
2407 778 2479 818 sed

469 844 588 884 etiarn
619 846 730 884 Illius
758 857 878 895 quem
908 845 1075 883 Sanctus
1105 844 1244 882 Petrus
1272 841 1357 893 ipse
1377 848 1596 893 ‘pastorem
1626 849 1666 881 et
1694 841 1927 893 episcopum
1955 840 2200 880 animarum'
2218 839 2480 892 omniumque

472 907 481 925 ‘
496 912 699 957 pastorum
719 905 960 957 principem'
979 903 1191 956 appellavit
1199 904 1221 942 ⁸.
1282 905 1442 943 Insulae
1461 903 1516 942 illi
1541 903 1780 954 longinquae
1803 902 2061 954 praepositus,
2083 903 2152 942 diu
2172 902 2234 952 (ut
2259 899 2480 953 speramus)

469 966 570 1006 inter
588 966 724 1006 omnia
742 965 860 1005 maris
879 964 1053 1016 pericula
1072 972 1179 1004 tutus
1199 964 1408 1016 navigabit.

578 1030 696 1069 Duco
720 1029 773 1068 ad
799 1041 868 1068 vos
897 1027 1023 1067 virum
1049 1028 1321 1075 reverendum,
1344 1029 1595 1068 GERARDUM
1620 1029 1778 1067 HEATH
1802 1029 1994 1076 LANDER,
2017 1026 2218 1067 Victoriae
2245 1025 2478 1078 episcopum

468 1089 730 1143 designatum.

1283 1169 1299 1199 1
1313 1168 1337 1199 2
1361 1151 1503 1218 June
1547 1164 1671 1213 1907

579 1245 838 1283 D1GN1581ME
857 1242 1032 1290 domine,
1056 1241 1231 1282 Domine
1251 1241 1508 1289 Cancellarie,
1530 1248 1569 1281 et
1588 1248 1673 1281 tota
1691 1240 1912 1282 Academia
1926 1256 1989 1280 :—

576 1304 690 1356 (444)
725 1306 859 1343 MORE
880 1303 1058 1355 antiquo,
1088 1316 1199 1343 more
1224 1302 1445 1343 identidem
1468 1310 1668 1351 renovato,
1699 1302 1917 1341 litterarum
1945 1300 2192 1341 Universitas
2218 1308 2362 1350 nostra,
2393 1301 2479 1343 sine

467 1368 549 1406 ullo
586 1365 756 1417 partium
789 1364 934 1413 studio,
969 1364 1072 1404 viros
1105 1365 1157 1404 de
1190 1364 1316 1416 patria
1350 1364 1453 1404 bene
1485 1364 1646 1404 meritos
1683 1364 1853 1404 libenter
1886 1364 2039 1403 salutat.
2098 1364 2323 1403 Salutamus
2355 1364 2477 1405 hodie

466 1428 637 1480 partium
674 1427 895 1467 liberalium
928 1427 970 1466 in
1004 1428 1152 1467 Senatu
1186 1426 1416 1466 Britannico
1449 1426 1588 1479 populi
1626 1426 1816 1478 suffragiis
1847 1427 1975 1466 electo
2008 1426 2227 1474 ductorem,
2261 1426 2477 1467 salutamus

465 1490 644 1531 eiusdem
666 1490 834 1529 Senatus
853 1496 1017 1541 patrem.
1077 1490 1127 1528 In
1147 1488 1368 1529 Caledonia
1388 1496 1514 1537 natus,
1537 1496 1576 1528 et
1597 1488 1855 1529 Universitati
1874 1487 2046 1540 primum
2067 1487 2314 1540 Glasguensi‚
2330 1488 2478 1530 deinde

466 1550 795 1604 Cantabrigiensi,
818 1550 1051 1602 adscriptus,
1077 1550 1172 1590 olim
1196 1550 1305 1602 regni
1328 1550 1450 1590 totius
1475 1550 1531 1590 rei
1557 1550 1696 1600 navali,
1720 1549 1868 1591 deinde
1895 1549 2116 1589 Hiberniae
2140 1549 2477 1592 administrandae

464 1614 640 1656 interfuit
652 1628 663 1664 ς
701 1612 891 1665 deinceps
922 1613 1040 1653 rebus
1068 1612 1220 1652 bellicis
1249 1614 1338 1665 plus
1362 1614 1488 1665 *quam
1516 1614 1639 1653 semel
1667 1612 1834 1664 praefuit
1846 1627 1858 1662 5
1895 1612 2081 1664 denique,
2111 1625 2307 1652 annorum
2335 1614 2476 1654 decem

463 1677 669 1718 intervallo
688 1675 933 1727 interposito,
955 1675 1224 1715 ministrorum
1244 1675 1496 1727 publicorum
1519 1675 1560 1715 in
1583 1675 1754 1716 concilio
1778 1675 1955 1716 minister
1977 1675 2127 1728 primus
2150 1675 2378 1716 nominatus
2403 1683 2474 1717 est.

465 1741 571 1791 Ergo
591 1736 822 1785 Caledonia,
844 1735 992 1776 abhinc
1010 1749 1138 1776 annos
1158 1738 1354 1776 ducentos
1373 1750 1465 1777 cum
1487 1737 1692 1777 Britannia
1710 1737 1896 1789 auspiciis
1919 1737 2089 1789 optimis,
2112 1737 2250 1789 populi
2271 1739 2476 1790 utriusque

465 1814 611 1854 magno
630 1813 722 1841 curn
742 1801 882 1848 fructu,
905 1799 1130 1848 coniuncta,
1152 1813 1279 1852 nuper
1298 1801 1433 1840 denuo
1453 1800 1676 1840 ministrum
1696 1800 1891 1852 insignem
1912 1814 2033 1852 regno
2053 1800 2125 1841 toti
2144 1801 2286 1841 dedit⁴.
2334 1801 2475 1842 Virum

464 1876 657 1915 sagacem,
679 1862 887 1910 urbanum,
909 1862 1093 1909 facetum,
1115 1860 1242 1901 virum
1261 1861 1302 1901 in
1322 1862 1440 1902 rebus
1460 1861 1629 1914 publicis
1648 1862 1970 1902 administrandis
1994 1862 2214 1902 identidem
2239 1869 2472 1914 spectatum,

462 1926 669 1965 alumnum
689 1937 807 1964 suum
826 1924 1082 1975 praeclarum,
1104 1924 1382 1964 Palmerstonii
1402 1924 1648 1965 Universitas
1668 1925 1787 1965 laude
1806 1925 1943 1965 debita
1961 1933 2136 1965 coronat.

572 1990 690 2028 Duco
709 1988 762 2028 ad
780 2000 850 2026 vos
865 1986 992 2026 virum
1007 1987 1229 2026 admodum
1245 1986 1532 2034 honorabilem,
1549 1986 1658 2038 regni
1673 1988 1794 2027 totius
1810 1987 2033 2027 ministrum
2048 1987 2231 2040 primum,
2249 1995 2472 2029 senatorem

462 2051 738 2103 conspicuum,
759 2049 935 2101 equitem
955 2049 1158 2097 illustrem,
1182 2050 1426 2088 HENR1CUM
1447 2050 1983 2090 CAMPBELL-BANNERMAN.

567 2124 682 2176 (445)
704 2124 845 2163 Indiae
870 2122 1118 2174 proconsulis
1143 2122 1332 2173 praeclari
1355 2122 1490 2171 filium,
1513 2122 1643 2174 ipsum
1670 2123 1875 2173 quondam
1904 2121 2044 2162 Indiae
2064 2124 2342 2174 proconsulem
2363 2136 2471 2175 prae-

460 2190 610 2228 clarum
636 2185 758 2226 hodie
783 2184 1051 2236 contemplati,
1078 2197 1160 2224 non
1183 2184 1337 2236 imperii
1366 2192 1520 2224 tanturn
1543 2184 1646 2224 illius
1672 2185 1926 2235 splendorem
1949 2184 2081 2224 statim
2107 2186 2370 2232 recordamur,
2398 2186 2470 2226 sed

459 2249 579 2289 etiam
599 2247 846 2288 coloniarum
861 2254 1083 2286 nostrarum
1099 2260 1168 2298 per
1182 2247 1320 2287 orbem
1336 2254 1526 2287 terrarum
1541 2255 1670 2287 totum
1686 2247 1950 2298 dispersarum
1966 2247 2470 2300 coronam,-—provinciam

458 2310 566 2350 illam
586 2310 833 2357 immensam,
856 2308 974 2349 etiam
995 2308 1170 2348 humeris
1190 2309 1385 2349 Atlanteis
1400 2310 1629 2361 graviorem,
1647 2322 1774 2360 nuper
1789 2309 1859 2348 viri
1879 2309 2059 2349 eiusdem
2079 2310 2172 2351 fidei
2192 2318 2232 2350 et
2250 2309 2471 2351 fortitudini

457 2373 792 2412 commendatam.
851 2372 947 2410 Non
971 2370 1088 2411 nobis
1112 2372 1262 2421 saltem,
1284 2385 1414 2412 rerum
1440 2372 1689 2424 publicarum
1712 2386 1736 2412 a
1761 2385 1854 2412 cura
1877 2373 2049 2421 remotis,
2071 2380 2386 2414 consentaneum
2409 2381 2470 2414 est

457 2436 508 2475 de
526 2434 767 2505 argumentis
786 2433 862 2472 illis
882 2432 1046 2484 magnis,
1063 2433 1166 2473 inter
1181 2434 1302 2485 Regis
1322 2435 1446 2474 nostri
1466 2435 1665 2475 ministros
1681 2442 1720 2474 et
1735 2435 1982 2475 coloniarum
1998 2444 2220 2476 nostrarum
2235 2450 2467 2489 magnarum

455 2497 558 2537 viros
591 2497 797 2549 primarios
829 2509 955 2547 nuper
987 2495 1208 2548 disputatis,
1244 2496 1364 2536 hodie
1398 2497 1585 2549 prolixius
1623 2497 1833 2548 disputare
1896 2499 2003 2538 Illud
2036 2512 2162 2538 unum
2195 2512 2410 2550 speramUS‚
2445 2512 2468 2539 e

455 2559 808 2601 deliberationibus
828 2560 948 2598 tantis
967 2558 1066 2598 nihil
1086 2572 1277 2611 umquam
1298 2573 1385 2600 esse
1405 2560 1608 2609 oriturum,
1631 2561 1741 2611 quod
1761 2573 1844 2599 non
1864 2559 1914 2600 sit
1933 2560 2159 2613 provinciae
2179 2562 2374 2602 maximae
2398 2560 2470 2601 viri

454 2623 619 2663 huiusce
652 2623 693 2662 in
727 2636 869 2662 manus
901 2621 1067 2661 traditae
1101 2629 1141 2661 et
1171 2621 1324 2661 nomini
1355 2622 1428 2662 toti
1458 2622 1688 2662 Britannico
1716 2623 1976 2674 profuturum.
2036 2622 2262 2664 Concilium
2290 2622 2389 2663 illud
2417 2622 2467 2663 sit

454 2691 690 2736 perpetuum
704 2698 715 2733 3
743 2697 892 2723 nomen
914 2682 1186 2722 Britannicum
1207 2682 1256 2722 sit
1276 2683 1572 2735 sempiternum.

563 2749 679 2787 Duco
707 2748 759 2787 ad
787 2760 858 2786 vos
886 2746 1014 2786 virum
1041 2746 1262 2786 admodum
1292 2746 1579 2796 honorabilem,
1610 2745 1779 2797 Collegii
1807 2747 1859 2785 de
1890 2745 2060 2785 Balliolo
2088 2745 2190 2786 inter
2218 2746 2466 2787 oxonienses

452 2811 671 2859 alumnum,
692 2811 921 2849 VICTOREM
940 2810 1251 2848 ALEXANDRUM
1273 2810 1659 2856 BRUCE‚COM1TEM
1680 2820 1736 2847 DE
1756 2808 1924 2847 Emm‘.

539 2880 551 2900 ¹
575 2881 622 2912 At
640 2880 760 2921 Ridley
778 2876 1103 2920 Ha11,1884.²
1126 2878 1225 2910 Vicar
1241 2877 1279 2910 of
1291 2878 1328 2911 St
1345 2878 1502 2920 Cyprian’
1505 2890 1531 2918 s,
1551 2879 1646 2921 Edge
1664 2877 2118 2920 Hill‚Liverpool,1905-7.
2248 2890 2259 2911 ι
2280 2879 2350 2911 Pet.
2367 2878 2389 2910 ii
2407 2887 2463 2919 253

452 2935 473 2955 v
489 2938 520 2964 4.
696 2923 709 2942 ⁴
733 2923 786 2956 Sir
810 2923 927 2964 Henry
949 2922 1140 2964 Campbell-
1131 2922 1354 2953 -Bannerman
1377 2923 1513 2955 became
1536 2923 1645 2954 Prime
1671 2921 1824 2953 Minister
1846 2931 1890 2952 on
1915 2930 1932 2961 5
1956 2921 2205 2963 Dec.19o5.in
2223 2921 2410 2954 succession
2429 2927 2465 2954 to

451 2967 589 2999 another
609 2967 757 2999 eminent
775 2967 962 3002 Scotsman,
982 2966 1037 2997 Mr
1053 2966 1096 2997 A.
1109 2965 1142 3007 J
1160 2965 1305 2998 Balfour.
1458 2966 1472 2986 ⁶
1495 2966 1584 2997 Lord
1611 2966 1675 3006 Elg
1677 2965 1722 3003 in,
1741 2975 1802 2996 son
1825 2964 1863 2996 of
1881 2964 1938 2996 the
1962 2964 2104 3014 Viceroy
2126 2964 2165 2996 of
2185 2965 2282 2997 India
2305 2965 2339 2997 in
2366 2963 2459 3004 1862,

450 3011 517 3042 and
539 3010 677 3042 himself
695 3010 837 3051 Viceroy
859 3009 894 3041 in
921 3011 1059 3051 1894-9,
1078 3018 1146 3039 was
1169 3008 1350 3050 appointed
1375 3009 1549 3050 Secretary
1562 3009 1600 3040 of
1619 3009 1713 3041 State
1735 3008 1786 3040 for
1808 3007 1864 3039 the
1887 3007 2045 3040 Colonies
2068 3008 2102 3040 in
2127 3017 2220 3050 1905,
2238 3008 2316 3047 and,
2333 3008 2368 3040 in
2391 3007 2464 3040 that

450 3054 611 3095 capacity,
631 3053 782 3094 presided
806 3063 885 3084 over
906 3052 963 3085 the
986 3051 1192 3084 Conference
1215 3051 1253 3083 of
1271 3051 1426 3084 Colonial
1451 3052 1624 3090 Premiers,
1639 3051 1747 3083 which
1770 3051 1878 3092 began
1901 3061 1945 3082 on
1965 3060 2002 3090 15
2019 3051 2115 3093 April
2136 3052 2201 3083 and
2210 3032 2331 3084 ended
2353 3061 2398 3083 on
2424 3059 2462 3092 14

451 3097 544 3138 May,
572 3105 664 3138 1907.
711 3096 795 3128 ‘We
820 3100 909 3127 want
932 3106 952 3127 a
974 3100 1170 3137 permanent
1195 3094 1353 3127 Council’
1379 3106 1446 3128 was
1467 3095 1524 3128 the
1549 3095 1661 3127 theme
1684 3094 1722 3127 os
1739 3094 1851 3126 letters
1878 3093 1963 3126 from
1986 3093 2040 3126 Sir
2058 3095 2172 3137 James
2195 3094 2295 3137 Blyth
2317 3094 2385 3126 and
2408 3094 2463 3127 Sir

451 3139 630 3172 Frederick
647 3139 785 3171 Pollock
802 3138 1002 3183 published
994 3149 1029 3171 m
1050 3139 1084 3170 T
1079 3138 1117 3170 lle
1138 3138 1247 3170 Times
1262 3148 1305 3169 on
1326 3140 1364 3170 18
1380 3139 1447 3170 and
1465 3149 1505 3171 20
1522 3139 1614 3180 May.

1420 3223 1494 3251 202
