2704 3770
473 322 529 372 T.
568 321 646 371 H.
682 319 918 370 Holdiclz.
987 318 1085 368 Sir
1124 317 1339 367 Thomas
1372 317 1582 366 Frazer.
1650 317 1704 366 S.
1742 318 1816 366 H.
1856 317 2093 367 Butclzer.

375 467 489 521 (451)
511 465 721 507 Societatis
749 465 1052 518 Geographicae
1080 463 1252 517 praesidi
1281 464 1449 503 emerito
1479 476 1600 502 nemo
1630 470 1761 515 potest
1790 462 2055 514 opportunius
2082 464 2297 504 succedere

265 543 388 584 quam
421 528 614 582 praesidis
646 527 770 580 ipsius
803 527 983 577 vicarius,
1016 527 1131 567 miles
1164 525 1415 573 fortissimus,
1448 524 1591 565 Indiae
1629 523 1752 564 totius
1789 526 2014 575 explorator
2051 525 2192 573 audax,
2228 525 2298 577 qui

266 592 497 647 praesertim
526 591 568 632 in
593 592 733 632 tellure
760 592 984 632 Russorum
1013 589 1182 643 imperio
1207 588 1469 637 contermina,
1499 587 1700 628 montium
1729 588 1944 628 arduorum
1971 587 2074 627 inter
2095 588 2295 639 ambages,

265 654 445 708 gentium
476 654 734 695 barbararum
765 652 869 694 inter
901 666 1021 702 arma,
1053 652 1191 693 animo
1223 651 1426 704 intrepido
1459 649 1631 702 regionis
1665 649 1935 699 difficillimae,
1969 648 2142 701 regionis
2174 662 2299 700 prope

265 717 559 767 inextricabilis,
581 718 682 757 fines
701 716 953 769 designavit1.
1013 717 1130 757 Idem
1150 715 1191 755 in
1212 714 1399 755 America
1419 713 1595 754 Australi
1614 713 1717 754 inter
1735 712 1979 765 respublicas
1999 713 2099 751 duas
2119 713 2299 752 confines

266 779 576 822 controversiam
609 792 795 832 magnam
825 780 878 820 de
905 779 1032 820 limite
1059 777 1268 819 communi
1296 784 1485 825 exortam,
1516 775 1656 828 populi
1687 775 1894 827 utriusque
1925 787 2008 814 non
2038 773 2124 813 sine
2153 787 2299 825 magno

265 844 496 891 commodo,
531 841 786 883 terminavit2.
847 842 888 882 Is
921 849 1056 882 autem
1090 840 1159 893 qui
1189 839 1445 881 scientiarum
1474 840 1618 879 doctor
1646 837 1770 878 hodie
1798 835 2082 885 nominabitur,
2112 835 2299 875 itinerum

265 917 430 946 suorum
455 904 565 945 libris
587 903 680 944 stilo
702 903 808 944 facili
827 911 867 944 et
886 904 1064 944 facundo
1083 902 1331 955 conscriptis,
1353 915 1437 942 non
1457 900 1658 941 immerito
1678 899 1798 941 etiam
1818 899 1980 939 laudem
1999 897 2217 938 litterarum
2241 906 2301 939 est

265 968 468 1022 adeptus⁸.

374 1032 496 1072 Duco
513 1031 567 1072 ad
585 1044 657 1072 vos
676 1030 854 1084 equitem
874 1030 1146 1080 fortissimum,
1167 1031 1366 1070 THOMAM
1388 1031 1702 1070 HUNGERFORD
1722 1029 1942 1068 Hormou.

373 1140 490 1194 (452)
529 1142 578 1181 In
617 1140 888 1182 Universitate
927 1140 1122 1181 Edinensi
1165 1140 1246 1180 iam
1284 1153 1355 1192 per
1391 1153 1521 1180 annos
1558 1139 1719 1192 triginta
1756 1138 1964 1179 materiam
2002 1137 2202 1178 medicam
2240 1145 2301 1178 est

263 1205 466 1256 professus
484 1203 543 1245 vir
561 1204 603 1244 in
622 1203 892 1245 remediorum
912 1206 951 1244 vi
970 1212 1010 1245 et
1029 1217 1104 1244 usu
1125 1203 1404 1256 investigando
1424 1203 1504 1243 iam
1524 1204 1681 1244 dudum
1702 1203 1949 1244 exercitatus.
1990 1201 2153 1241 Abhinc
2171 1215 2300 1242 annos

263 1267 354 1320 plus
391 1280 514 1320 quam
552 1266 815 1319 quadraginta
852 1268 905 1307 de
938 1267 1092 1320 magica
1129 1266 1196 1306 illa
1232 1266 1337 1314 faba,
1372 1266 1689 1319 physostigmate
1725 1278 1942 1314 venenoso,
1978 1262 2224 1316 disputavit⁴‚
2260 1271 2301 1303 et

263 1336 475 1381 propterea
510 1330 862 1382 Francogallorum
900 1331 952 1370 ab
987 1329 1179 1370 Instituto
1211 1330 1346 1369 laurea
1378 1328 1524 1381 insigni
1555 1335 1615 1369 est
1648 1335 1874 1369 coronatus.
1939 1326 2051 1377 Quid
2083 1325 2216 1367 dicam
2246 1326 2299 1366 de

264 1390 492 1443 pestilentia
528 1391 596 1432 illa
632 1405 703 1444 per
741 1391 904 1432 Indiam
941 1393 1149 1444 quondam
1186 1398 1401 1444 grassante,
1427 1391 1486 1431 ab
1519 1392 1598 1431 hoc
1631 1390 1715 1430 viro
1748 1403 1819 1442 per
1856 1388 2073 1429 triennium
2109 1389 2300 1428 audacter

264 1452 500 1506 investigata
510 1455 547 1495 ’θ’
603 1454 716 1505 Quid
736 1456 788 1495 de
807 1455 1053 1507 serpentium
1072 1467 1230 1495 veneno
1249 1455 1302 1494 ab
1322 1455 1467 1495 eodem
1487 1453 1639 1494 fortiter
1658 1453 1892 1504 explorato?
1948 1451 2060 1502 Quid
2080 1452 2131 1491 de
2146 1450 2300 1502 atropia

264 1523 305 1557 et
324 1518 589 1569 strophantho
601 1518 639 1557 ?⁸
695 1519 745 1558 In
769 1517 970 1558 medicina
996 1517 1116 1558 etiam
1140 1530 1296 1557 venena
1320 1529 1628 1567 nonnumquam
1651 1515 1843 1567 prodesse
1862 1527 1914 1554 ne
1933 1512 2108 1565 antiquis
2132 1513 2296 1565 quidem

263 1592 425 1632 prorsus
457 1579 652 1632 ignotum.
710 1580 870 1621 Talium
903 1587 1038 1621 autem
1071 1580 1245 1621 virorum
1278 1579 1425 1620 auxilio
1458 1579 1670 1632 disciplina
1702 1578 1781 1626 illa,
1816 1578 2045 1630 ‘quondam
2079 1589 2297 1629 paucarum

264 1643 431 1685 scientia
459 1644 674 1685 herbarum
686 1645 706 1694 ’‚
740 1644 804 1684 ‘in
833 1645 938 1685 hanc
966 1644 1146 1697 pervenit
1174 1651 1257 1684 tam
1287 1643 1549 1695 multiplicem
1578 1642 1863 1684 varietatem'⁷.
1900 1640 1903 1643 ⁴

374 1708 496 1748 Duco
535 1709 588 1749 ad
632 1720 704 1748 vos
747 1707 973 1748 medicinae
1016 1708 1284 1760 professorem
1326 1706 1519 1747 illustrem
1567 1705 1830 1753 Edinensem,
1870 1704 2047 1757 equitem
2085 1702 2296 1756 insignem,

264 1770 464 1810 Tuomm
494 1771 767 1811 Rmuannma
798 1772 980 1810 FRAZER.

373 1882 488 1936 (453)
522 1883 694 1924 Scholae
733 1882 1036 1924 Marlburiensis
1073 1884 1295 1932 alumnum,
1331 1882 1501 1935 Collegii
1534 1883 1707 1923 Sanctae
1740 1889 1780 1922 et
1814 1880 2054 1922 Individuae
2092 1880 2298 1921 Trinitatis

262 1945 432 1995 socium,
457 1945 585 1986 virum
611 1945 750 1986 litteris
774 1945 1079 1986 humanioribus
1102 1959 1238 1986 revera
1266 1947 1482 1991 excultum,
1509 1944 1683 1997 primum
1710 1943 1975 1989 Oxonienses‚
1998 1943 2147 1984 deinde
2177 1943 2300 1984 Edin-

261 2021 390 2058 enses‚
411 2007 483 2049 diu
501 2016 595 2048 sunt
613 2022 638 2048 a
657 2008 776 2048 nobis
796 2008 997 2049 mutuati⁸.
1057 2010 1246 2049 Eundem
1267 2021 1406 2060 nuper,
1429 2021 1513 2047 non
1533 2006 1619 2047 sine
1639 2019 1787 2058 magno
1806 2005 1936 2046 laudis
1962 2007 2134 2054 faenore,
2156 2007 2300 2048 Almae

263 2071 384 2112 Matri
412 2072 627 2121 redditum,
649 2079 689 2112 et
717 2071 911 2124 suffragiis
940 2071 1086 2112 nostris
1115 2071 1279 2112 Senatui
1309 2071 1543 2112 Britannico
1571 2069 1817 2121 adscriptum
1845 2083 1942 2118 esse,
1965 2069 2083 2109 nobis
2109 2069 2299 2110 omnibus

259 2137 514 2188 gratulamur.
572 2136 818 2176 Graecorum
838 2137 891 2176 de
910 2135 1084 2188 ingenio,
1106 2149 1191 2176 non
1211 2136 1336 2176 modo
1352 2134 1600 2177 Caledoniae
1616 2136 1657 2174 in
1672 2133 1856 2183 Athenis,
1875 2134 1947 2174 sed
1962 2133 2083 2173 etiam
2099 2133 2138 2172 in
2152 2134 2298 2186 Anglia

260 2212 376 2249 nova,
408 2198 450 2239 in
488 2198 746 2251 Cantabrigia
783 2213 897 2248 nova,
938 2207 1046 2240 trans
1084 2213 1284 2240 oceanum
1323 2199 1573 2239 Atlanticum
1611 2198 1778 2239 feliciter
1816 2197 2063 2250 disputavit⁹.
2125 2198 2297 2238 Homeri

259 2263 484 2316 Odysseam
499 2263 542 2303 in
556 2264 733 2315 linguam
748 2265 984 2316 popularem
1005 2277 1099 2304 cum
1115 2265 1269 2315 collega
1283 2263 1547 2303 disertissimo
1562 2262 1886 2314 interpretatus¹⁰,
1905 2261 2131 2301 Aristotelis
2146 2262 2198 2301 de
2213 2269 2297 2302 arte

259 2327 419 2379 poetica
440 2327 619 2367 libellum
641 2341 806 2368 aureum
827 2335 867 2368 et
886 2340 1071 2367 sermone
1091 2335 1229 2367 nostro
1252 2326 1419 2367 donavit
1442 2333 1481 2366 et
1505 2325 1844 2377 disputationibus
1867 2324 2011 2365 lucidis
2031 2323 2240 2377 explicavit
2248 2325 2298 2366 ¹¹3

262 2390 550 2431 Demosthenis
565 2390 741 2442 denique
754 2390 850 2430 olim
865 2390 926 2430 sui
939 2390 1140 2430 orationes
1153 2390 1336 2442 publicas
1349 2389 1537 2442 auspiciis
1549 2388 1712 2441 optimis
1728 2402 1856 2440 nuper
1868 2388 2039 2429 edidit¹².
2081 2389 2295 2429 Oratorum

261 2451 488 2493 Atticorum
513 2451 738 2504 interpretis
764 2452 1092 2504 eloquentissimi,
1114 2452 1233 2492 amici
1253 2454 1313 2492 sui
1338 2451 1710 2500 desideratissimi¹³,
1738 2451 1779 2490 in
1805 2451 1941 2491 locum
1967 2451 2135 2490 Senator
2160 2457 2297 2490 noster

259 2515 422 2563 electus,
453 2514 523 2556 diu
553 2514 616 2568 (ut
646 2514 869 2567 speramus)
901 2528 1058 2554 summa
1088 2515 1330 2566 eloquentia,
1364 2527 1522 2554 summa
1558 2512 1781 2566 prudentia,
1818 2512 2021 2553 Senatoris
2058 2511 2295 2553 Academici

260 2575 496 2630 dignitatem
525 2576 749 2617 sustinebit.

371 2641 490 2680 Duco
509 2641 563 2680 ad
582 2653 653 2680 vos
672 2638 919 2680 Academiae
940 2638 1195 2680 Britannicae
1215 2638 1371 2680 socium
1391 2637 1594 2687 eximium,
1618 2639 1865 2678 HENRICUM
1887 2638 2108 2678 Bu'ranR.

347 2728 361 2750 ¹
384 2729 522 2773 Asghan
544 2730 724 2773 Boundary
746 2728 973 2764 Commission
990 2728 1191 2772 (1884-86);
1216 2729 1339 2762 Indian
1362 2727 1518 2761 Frontier
1541 2728 1686 2770 Surveys
1703 2726 1827 2771 (1892-
1851 2726 1905 2770 8);
1929 2727 2064 2767 Asmar,
2084 2725 2206 2765 Pamir,
2225 2725 2294 2759 and

261 2774 508 2808 Perse-Beluch
524 2774 704 2817 Boundary
720 2773 962 2808 Commissions
981 2773 1173 2817 (1894-96).
1364 2772 1378 2793 ²
1401 2771 1700 2815 Argentine-Chile
1720 2773 1812 2804 Boun
1839 2782 1898 2815 ary
1914 2771 2151 2809 Commission‚
2173 2780 2253 2812 1902
2268 2770 2292 2802 f.

258 2817 274 2840 ⁸
297 2818 423 2851 Works
437 2828 482 2851 on
500 2818 608 2857 India,
629 2818 866 2860 Afghanistan‚
884 2818 955 2850 and-
969 2818 1080 2854 Tibet.
1098 2818 1164 2850 and
1181 2828 1225 2850 on
1241 2817 1299 2850 the
1316 2817 1502 2859 Argentine
1520 2815 1686 2859 Republic
1701 2816 1767 2848 and
1785 2815 1894 2849 Chile.
1991 2814 2006 2834 ⁴
2029 2815 2103 2847 The
2118 2814 2294 2856 discovery

259 2861 299 2895 of
309 2862 366 2895 the
381 2862 493 2895 action
508 2862 548 2895 of
557 2863 614 2895 the
632 2866 640 2880 ⁴
653 2862 779 2895 Ordeal
796 2862 888 2894 Bean
904 2861 944 2893 of
962 2861 1032 2895 Old
1048 2861 1194 2895 Calabar
1205 2862 1225 2899 ',
1243 2862 1277 2894 in
1294 2861 1505 2903 contracting
1519 2860 1577 2893 the
1593 2860 1687 2903 pupil
1704 2859 1743 2892 of
1753 2860 1812 2892 the
1828 2870 1889 2902 eye
1906 2857 2032 2901 (1886).
2177 2856 2191 2878 ⁶
2216 2858 2292 2890 Pre-

259 2905 370 2939 sident
385 2905 424 2939 of
435 2906 493 2939 the
510 2906 632 2939 Indian
649 2906 775 2948 Plague
791 2905 1030 2945 Commission‚
1053 2907 1280 2949 1898—1901.
1510 2902 1525 2924 ⁶
1549 2903 1681 2936 Author
1696 2903 1735 2936 of
1747 2903 1909 2936 Memoirs
1924 2913 1969 2935 on
1985 2903 2043 2935 the
2057 2902 2168 2935 action
2185 2901 2224 2934 of
2235 2901 2292 2934 the

259 2960 382 2983 venom
404 2949 444 2983 of
461 2955 622 2994 serpents,
645 2960 690 2982 on
713 2950 770 2982 the
792 2949 1035 2992 physiological
1058 2949 1125 2982 and
1148 2949 1356 2992 therapeutic
1375 2948 1487 2981 action
1508 2947 1546 2980 of
1565 2948 1710 2990 Αἰναρία
1729 2947 1797 2980 and
1813 2946 2072 2989 Strophanthus,
2091 2946 2158 2978 and
2173 2956 2218 2978 on
2235 2945 2293 2978 the

257 2994 469 3036 antagonism
484 2994 653 3027 exercised
668 2994 712 3035 by
729 3004 793 3026 one
809 2993 946 3036 remedy
960 3003 1005 3025 on
1020 2994 1171 3026 another.
1307 2991 1322 3015 ⁷
1345 2992 1486 3030 Seneca,
1503 2992 1572 3034 Ep.
1588 3000 1629 3035 95
1646 2992 1664 3031 ς
1684 3001 1734 3032 ¹5·
1866 2990 1881 3012 ⁸
1905 2991 1932 3022 F
1934 2990 2033 3023 ellow
2048 2990 2115 3022 and
2134 2990 2293 3022 Lecturer

258 3037 298 3070 of
317 3037 512 3081 University
527 3038 679 3081 College,
699 3037 840 3074 Oxford,
862 3035 1021 3078 1876-82‚
1038 3037 1208 3070 Professor
1231 3036 1269 3069 of
1288 3036 1400 3069 Greek
1424 3036 1459 3068 in
1482 3035 1539 3068 the
1564 3035 1757 3077 University
1772 3034 1811 3067 of
1830 3034 2039 3077 Edinburgh,
2064 3035 2290 3076 1882—1903.

258 3080 274 3101 ⁸
300 3082 353 3115 On
390 3083 486 3115 Some
514 3083 650 3124 Aspects
679 3080 720 3124 qs
741 3081 796 3114 tlte
827 3081 931 3113 Greek
964 3081 1100 3122 Genius,
1138 3082 1264 3124 1891-3
1278 3091 1288 3120 3
1318 3080 1386 3113 and
1415 3079 1587 3112 Harvard
1612 3079 1764 3112 Lectum
1792 3089 1835 3111 on
1868 3078 1969 3111 Greek
1998 3077 2158 3120 Subjects,
2195 3087 2290 3120 ¹904·

258 3123 303 3203 igi
315 3124 510 3213 ιξὲῐςὲςνῖξξ
527 3126 583 3159 Mr
599 3126 750 3158 Andrew
766 3123 889 3168 Lang).
1026 3123 1053 3145 ¹¹
1081 3127 1161 3170 1895
1179 3130 1243 3158 etc.
1375 3122 1404 3144 ¹²
1426 3123 1670 3160 Demosthenes,
1693 3124 1770 3156 1881
1783 3133 1793 3161 ς
1817 3127 1899 3162 text,
1915 3122 1939 3162 i,
1962 3132 2056 3166 ¹903·
2185 3119 2213 3143 ¹³
2237 3119 2291 3155 Sir

304 3180 322 3203 c
442 3180 461 3203 e
511 3193 520 3201 .

1250 3252 1326 3295 205
