2704 3770
706 322 856 372 Lord
881 323 936 371 A
941 324 1097 388 layna
1135 322 1380 387 Compton.
1449 285 1692 371 *Edward
1717 321 1963 370 Bernard
1999 321 2222 386 Tawney,

575 467 639 504 Tu
659 479 764 513 vero,
785 465 853 517 qui
878 467 985 505 velut
1011 466 1114 505 fidus
1140 465 1318 505 minister
1344 465 1510 505 Domini
1538 465 1596 504 tui
1622 464 1800 505 vocantis
1828 465 1934 504 iussa
1959 464 2000 503 in
2027 464 2198 504 statione
2223 471 2290 504 tua
2312 471 2472 515 paratus

467 528 712 579 exspectasti,
743 542 850 568 nunc
883 530 935 569 ad
968 528 1158 568 maiorem
1192 528 1393 580 dignitatis
1425 529 1590 579 gradum
1623 535 1792 575 evectus,
1825 526 2029 567 Ecclesiae
2059 526 2356 567 Torontonensi
2385 533 2472 566 esto

468 589 577 641 pacis
606 589 778 639 nuntius,
807 589 1046 630 concordiae
1075 590 1216 641 pignus
1245 597 1342 629 esto.

578 653 793 691 Praesento
821 651 934 691 vobis
962 651 1089 691 virum
1122 652 1343 691 admodum
1376 652 1637 691 reverendum
1666 652 1919 690 ARTHURUM
1954 651 2208 696 SWEATMAN‚
2240 649 2472 701 episcopum

470 715 829 753 Torontonensem.

1278 818 1339 851 20
1373 802 1502 850 Nov.
1547 804 1670 863 1879

579 917 670 969 (30)
711 918 913 956 MAGNUM
934 930 1028 957 sane
1048 925 1107 957 est
1126 917 1265 957 illustri
1286 919 1408 957 domo
1429 931 1515 958 esse
1535 925 1673 957 natum
1687 931 1698 965 ;
1726 917 1852 957 maius
1873 930 1958 957 sese
1978 916 2044 955 illa
2064 917 2189 956 domo
2209 916 2375 967 dignum
2395 916 2476 955 suis

472 981 583 1020 factis
603 979 867 1031 praestitisse:
897 980 1090 1019 momenti
1109 994 1192 1020 non
1217 980 1326 1031 parvi
1347 980 1526 1031 Collegio
1547 980 1728 1019 omnium
1750 980 1922 1019 maximo
1942 993 2029 1019 esse
2048 979 2263 1031 ascriptum
2277 994 2288 1028 3
2317 977 2476 1018 maioris

470 1049 615 1090 autem,
633 1055 726 1081 eum
742 1041 844 1080 vitae
860 1055 1017 1080 cursum
1040 1043 1213 1082 tenuisse
1233 1056 1280 1082 ex
1299 1056 1380 1093 quo
1400 1044 1534 1082 denuo
1554 1043 1810 1082 illustraretur
1830 1042 1965 1081 titulus
1985 1041 2069 1092 ipse
2089 1041 2130 1080 in
2151 1054 2232 1092 quo
2252 1040 2476 1092 Collegium

471 1105 570 1144 illud
588 1103 775 1155 gloriatur
798 1106 807 1124 ‘
819 1117 951 1143 veram
972 1104 1221 1144 nobilitatem
1241 1119 1327 1145 esse
1346 1105 1577 1145 virtutem'1.

580 1167 804 1206 Salutamus
828 1165 995 1217 Collegii
1015 1167 1184 1207 Sanctae
1211 1175 1250 1207 et
1272 1167 1509 1207 Individuae
1529 1167 1732 1207 Trinitatis
1752 1169 1960 1207 alumnum
1981 1181 2029 1207 ex
2043 1167 2109 1207 illa
2127 1174 2245 1219 gente
2264 1166 2478 1206 oriundum

472 1242 574 1280 quae
587 1230 792 1280 quondam
805 1229 885 1268 fere
897 1230 1040 1268 eodem
1054 1236 1234 1281 tempore
1247 1238 1286 1270 et
1300 1230 1504 1270 Ecclesiae
1519 1230 1763 1282 Anglicanae
1776 1231 2008 1282 episcopum
2021 1238 2060 1271 et
2074 1230 2235 1270 Senatui
2249 1229 2479 1269 Britannico

472 1291 694 1342 praesidem
722 1290 894 1330 donavit.
954 1292 1179 1332 Salutamus
1208 1292 1334 1332 filium
1357 1293 1653 1333 honoratissimi
1681 1293 1784 1332 illius
1815 1293 2061 1334 Marchionis
2087 1295 2139 1333 de
2166 1294 2476 1344 Northampton,

475 1352 624 1404 Regiae
663 1351 869 1392 Societatis
908 1352 1115 1402 Praesidis,
1150 1354 1293 1393 artium
1331 1362 1370 1394 et
1403 1354 1656 1394 scientiarum
1694 1355 1849 1406 patroni
1887 1355 2041 1407 egregii,
2076 1355 2146 1394 viri
2179 1356 2231 1394 de
2263 1354 2478 1394 litterarum

474 1413 676 1465 republica
696 1421 735 1453 et
754 1415 806 1453 de
832 1416 1037 1453 communi
1060 1414 1206 1454 civium
1232 1416 1413 1456 libertate
1437 1416 1588 1467 optime
1607 1415 1745 1456 meriti.
1805 1417 2029 1455 Salutamus
2058 1416 2233 1467 denique
2258 1415 2385 1454 virum
2411 1414 2479 1466 qui

475 1475 560 1527 ipse
587 1476 629 1515 in
662 1475 881 1515 Academia
914 1483 1058 1525 nostra,
1094 1478 1242 1517 abhinc
1274 1492 1402 1518 annos
1435 1478 1592 1530 triginta
1625 1479 1766 1518 studiis
1798 1479 2088 1519 mathematicis
2121 1479 2286 1519 feliciter
2316 1477 2481 1518 excultis

475 1539 667 1577 honorem
693 1537 794 1577 inter
823 1551 1001 1577 summos
1024 1539 1204 1590 adeptus,
1226 1539 1358 1579 statim
1385 1540 1426 1579 in
1452 1542 1527 1580 hae
1550 1540 1635 1592 ipsa
1655 1542 1781 1580 domo
1800 1540 1942 1580 artium
1962 1540 2190 1592 magistratu
2210 1554 2284 1580 suo
2309 1540 2393 1580 iure
2421 1548 2481 1580 est

476 1606 657 1647 ornatus;
697 1598 764 1650 qui
795 1599 897 1638 curis
927 1599 1045 1639 sacris
1079 1608 1219 1651 postea
1252 1601 1471 1651 dedicatus,
1507 1602 1698 1642 ecclesiae
1731 1602 1978 1654 Anglicanae
2011 1602 2172 1642 Senatui
2205 1602 2245 1641 in
2279 1601 2483 1654 provincia

476 1662 751 1702 Cantuariensi
771 1662 984 1713 quotannis
1004 1671 1226 1703 convocato
1241 1678 1369 1704 annos
1385 1665 1659 1716 septendecim
1674 1679 1756 1705 non
1777 1665 1862 1705 sine
1882 1667 1999 1706 laude
2014 1666 2183 1718 plurima
2197 1673 2256 1706 est
2270 1666 2463 1717 ascriptus
2470 1680 2482 1715 3

478 1723 556 1774 qui,
578 1724 618 1763 in
644 1723 812 1763 consilio
839 1725 974 1763 dando
1003 1725 1344 1776 prudentissimus,
1366 1726 1407 1765 in
1428 1727 1595 1778 negotiis
1616 1727 1734 1767 sacris
1754 1727 1951 1767 obeundis
1977 1728 2209 1777 indefessus,
2231 1741 2358 1779 nuper
2381 1727 2483 1768 inter

476 1786 656 1825 omnium
684 1785 1014 1837 approbationem
1043 1787 1233 1827 ecclesiae
1262 1788 1479 1828 cathedrali
1507 1789 1782 1840 Wigorniensi,
1806 1789 1929 1841 ipsius
1950 1790 2128 1841 Reginae
2150 1789 2271 1837 iussu,
2292 1797 2351 1830 est
2376 1802 2485 1840 prae·
2537 1797 2539 1799 ’

476 1855 640 1898 positus.

591 1911 690 1948 Mox
713 1908 840 1959 igitur,
865 1908 907 1947 in
933 1908 1175 1959 provinciam
1204 1924 1316 1950 suam
1342 1913 1554 1963 profectus,
1577 1925 1659 1952 non
1685 1913 1821 1961 modo,
1843 1925 1967 1964 prope
1987 1913 2160 1952 confinia
2178 1912 2348 1964 regionis
2367 1912 2482 1963 illius,

476 1971 603 2022 gentis
632 1984 726 2011 suae
755 1971 954 2010 cunabula
981 1971 1145 2022 antiqua
1173 1973 1342 2013 libenter
1370 1974 1523 2022 inviset,
1549 1976 1620 2014 sed
1647 1977 1796 2026 templo
1822 1988 1984 2026 quoque
2009 1975 2075 2024 illi,
2104 1975 2174 2015 ubi
2200 1977 2288 2015 Rex
2315 1975 2484 2027 Angliae

478 2037 652 2074 Ioannes
671 2036 752 2073 fato
772 2035 947 2085 quodam
971 2034 1093 2074 ‘inter
1112 2043 1271 2075 sanctos
1285 2036 1293 2052 '
1313 2044 1372 2076 est
1391 2039 1579 2088 sepultus,
1602 2038 1670 2077 ubi
1686 2037 1833 2077 dormit
1854 2038 2042 2089 Princeps
2058 2038 2123 2078 ille
2144 2039 2336 2078 Arthurus
2357 2045 2484 2078 morte

478 2096 688 2135 immatura
716 2102 954 2146 peremptus,
984 2095 1053 2135 diu
1080 2095 1140 2148 (ut
1169 2100 1390 2149 speramus)
1419 2112 1602 2152 praeesse
1630 2106 1750 2150 atque
1779 2100 1880 2139 adeo
1909 2100 2099 2150 prodesse
2127 2099 2326 2150 gaudebit.
2383 2101 2484 2139 Vale

479 2157 605 2209 igitur,
633 2159 784 2208 templo
812 2157 867 2196 illi
895 2157 936 2196 in
966 2158 1155 2198 Sabrinae
1185 2160 1359 2210 margine
1388 2161 1519 2211 posito
1548 2161 1738 2213 plurimos
1767 2175 1838 2213 per
1864 2175 1992 2201 annos
2021 2170 2059 2202 et
2088 2163 2264 2202 decanus
2293 2169 2332 2201 et
2361 2164 2484 2202 decus

480 2227 590 2269 esto;
631 2219 664 2258 ‘i
693 2220 815 2259 decus
844 2219 857 2258 i
885 2227 1066 2259 nostrum
1079 2222 1099 2269 ’,
1131 2221 1310 2261 felicibus
1343 2225 1473 2263 ‘utere
1502 2223 1641 2263 fatis’2.

590 2283 804 2321 Praesento
850 2281 963 2321 vobis
1011 2283 1348 2323 Archidiaconum
1389 2287 1666 2335 venerabilem,
1709 2288 1930 2328 Dominum
1968 2289 2257 2338 honorabilem,
2297 2290 2485 2328 ALWYNE

482 2344 703 2392 COMPTON,
734 2343 925 2383 ecclesiae
954 2343 1237 2395 Wigorniensis
1267 2347 1477 2387 Decanum
1506 2348 1768 2400 designatum.

1309 2509 1341 2554 4
1375 2494 1493 2543 Dec.
1535 2497 1661 2557 1879

591 2606 676 2659 (31)
714 2608 866 2646 V1RUM
898 2614 937 2647 et
965 2609 1017 2647 de
1046 2609 1262 2661 Geologiae
1295 2611 1459 2651 scientia
1487 2619 1526 2652 et
1554 2613 1605 2652 de
1637 2613 1854 2653 Academia
1886 2620 2020 2653 nostra
2053 2614 2156 2653 bene
2187 2612 2383 2661 meritum,
2418 2611 2488 2664 qui

484 2668 586 2709 inter
605 2671 788 2709 alumnos
809 2676 966 2709 nostros
986 2671 1143 2711 fratrem
1164 2686 1342 2713 summos
1362 2675 1533 2714 honores
1557 2675 1821 2715 Academicos
1846 2677 2037 2727 adeptum
2061 2676 2210 2724 iactat³,
2231 2676 2333 2715 inter
2351 2676 2488 2715 affines

485 2745 577 2771 suos
611 2745 799 2783 magnum
830 2731 941 2770 illum
974 2733 1113 2773 Indiae
1147 2738 1427 2786 proconsulem
1458 2750 1578 2788 quem
1611 2752 1736 2789 nuper
1763 2739 1966 2778 amisimus
1995 2738 2206 2787 numerat⁴,
2237 2737 2306 2790 qui
2334 2737 2418 2789 ipse
2445 2738 2487 2777 in

486 2794 630 2832 Schola
650 2794 776 2844 Regia
795 2807 897 2844 quae
919 2795 1175 2834 Metallorum
1191 2805 1444 2848 nuncupatur
1463 2800 1634 2838 honores
1654 2799 1842 2839 omnibus
1861 2800 2035 2840 numeris
2054 2800 2259 2839 absolutos
2280 2800 2485 2850 quondam

485 2854 737 2904 percucurrit,
768 2855 888 2894 hodie
922 2855 1078 2895 civitate
1109 2865 1244 2897 nostra
1274 2860 1482 2908 donamus,
1518 2868 1654 2900 nostro
1692 2861 1864 2912 suffragii
1896 2861 1978 2900 iure
2019 2874 2216 2900 ornamus.
2289 2861 2412 2900 ‘Saxa
2449 2867 2488 2900 et

488 2914 743 2954 solitudines’
765 2915 826 2965 (ut
845 2915 974 2968 aiunt)
997 2918 1106 2957 ‘voci
1131 2921 1416 2970 respondent'⁵
1429 2935 1439 2968 3
1467 2935 1604 2969 nosne,
1627 2921 1667 2960 in
1693 2921 1886 2961 hodierna
1910 2921 2139 2973 praesertim
2165 2921 2341 2964 senaculi
2365 2921 2490 2961 nostri

486 2974 712 3023 solitudine,
742 2976 898 3016 illorum
928 2979 1066 3018 laudes
1095 2986 1225 3019 tacere
1253 2994 1475 3032 possumuS,
1508 2982 1652 3034 quibus
1681 2982 1766 3034 ipsa
1794 2996 1886 3022 saxa
1914 2990 2024 3022 muta
2052 2983 2323 3033 eloquuntur?

586 3116 592 3122 ι
802 3074 813 3093 ¹
838 3076 900 3117 Cp.
921 3076 1074 3117 Juvenal,
1102 3077 1158 3108 viii
1183 3089 1232 3110 20.
1849 3081 1863 3101 ²
1884 3082 2001 3124 virgil,
2025 3083 2109 3113 Aen.
2133 3081 2166 3113 vi
2191 3081 2264 3122 546.

586 3116 600 3135 ὅ
622 3116 660 3149 C.
682 3117 729 3148 H.
746 3117 904 3160 Tawney,
925 3119 1043 3152 Senior
1058 3120 1194 3157 Classic‚
1215 3121 1308 3154 1860.
1440 3123 1454 3143 ⁴
1477 3124 1566 3155 Lord
1585 3124 1775 3157 Lawrence.
1915 3124 1929 3144 ⁶
1951 3125 2079 3165 Cicero,
2092 3129 2157 3166 pro
2172 3124 2332 3164 Archia§
2352 3134 2401 3166 ¹9·

1463 3208 1513 3232 20
