2704 3770
287 294 358 344 H
354 294 509 345 .R.H
505 333 516 345 .
553 294 741 344 Prince
783 294 971 360 George
1011 294 1299 351 Frederzkk,
1337 294 1490 344 Duke
1531 297 1594 360 of
1635 297 1784 347 York.
1858 298 2013 348 Alex.
2050 298 2313 350 Peckover‚

285 442 568 495 seposuimus1.
627 443 680 482 Et
712 448 842 482 vestra
870 449 910 483 et
942 450 1078 483 nostra
1107 443 1325 483 commoda
1350 450 1444 483 sunt
1472 442 1725 495 aliquatenus
1751 444 2007 493 communia3
2033 453 2185 487 vestrae
2213 455 2316 488 artes

261 505 384 551 ,dum
417 504 562 557 vigent,
592 504 713 545 etiam
744 513 903 546 nosmet
933 506 1008 558 ipsi
1041 519 1229 558 prospera
1260 506 1420 546 fortuna
1452 506 1612 556 utimur,
1640 509 1784 547 florent
1807 507 2061 559 praediorum
2089 516 2316 551 nostrorum

284 566 445 618 reditus,
476 567 620 608 florent
657 567 838 619 Collegia
870 575 1019 618 nostra,
1046 569 1161 609 floret
1194 575 1278 608 tota
1313 568 1570 610 Universitas.
1632 569 1744 609 Nihil
1774 569 1892 622 igitur
1921 570 2162 622 auspicatius
2195 573 2317 614 hodie

283 631 435 683 precari
457 644 671 683 possumus
700 644 822 683 quam
848 638 903 681 ut,
931 638 1085 672 vestrae
1118 631 1328 671 Societatis
1356 631 1514 681 auxilio,
1546 632 1696 684 patriae
1722 632 1844 672 totius
1872 633 1925 672 ad
1954 634 2137 683 fructum,
2168 635 2315 676 civium

283 693 467 734 omnium
486 693 528 734 in
547 706 676 742 usum,
698 693 850 734 telluris
869 707 1036 734 munera
1055 693 1191 734 divina
1209 693 1339 734 indies
1362 694 1557 746 ampliora
1575 694 1689 735 vobis
1713 696 1932 735 reddantur
1943 710 1955 745 3
1984 703 2108 747 utque
2135 705 2314 738 nostrum

283 770 447 810 quoque
465 757 508 798 in
526 759 722 810 populum
742 757 971 799 universum
992 759 1243 799 descendant
1264 757 1567 799 benedictiones
1587 758 1678 798 illae
1703 758 1893 810 antiquae
1908 760 2181 799 2-benedz’ctus
2207 766 2249 800 tu
2273 763 2315 801 in

281 821 435 860 civitate
451 826 490 861 et
505 821 714 861 benedictus
733 822 776 861 in
797 834 892 872 agro
904 835 921 869 ;
948 822 1160 862 benedictus
1174 821 1336 873 fructus
1355 827 1481 861 terrae
1500 827 1589 861 tuae
1602 821 1834 872 fructusque
1856 822 2114 862 iumentorum
2134 827 2288 863 tuorum
2301 841 2316 870 ‚-

281 884 467 926 benacum·
473 898 605 937 greges
622 891 886 926 armentorum
906 891 1061 926 tuorum
1080 886 1282 936 oviumque
1299 891 1461 926 tuarum
1467 887 1490 926 ².

388 949 525 1000 Atque
547 950 648 989 haec
670 943 1011 1000 quidem'ominis
1040 963 1161 990 causa
1188 951 1364 1001 praefati,
1386 950 1587 1002 pergimus
1616 949 1807 1001 deinceps
1832 950 1949 991 titulo
1974 957 2112 991 nostro
2141 951 2313 1002 primum

279 1009 476 1063 Principis
494 1010 621 1051 nostri
639 1010 777 1061 filium,
800 1011 996 1064 Principis
1015 1011 1110 1052 novi
1129 1019 1294 1064 patrem,
1317 1026 1470 1062 ornare,
1491 1012 1640 1053 deinde
1658 1020 1833 1053 vestrum
1854 1012 2036 1053 omnium
2056 1013 2097 1053 in
2118 1015 2313 1054 honorem

277 1072 400 1113 etiam
425 1074 525 1114 alios
553 1074 751 1114 decorare.
813 1075 910 1115 Non
939 1088 1082 1115 omnes
1108 1088 1214 1124 sane,
1244 1088 1347 1126 quos
1376 1077 1574 1124 volumus,
1601 1075 1724 1116 hodie
1752 1075 1939 1116 laudibus
1969 1076 2113 1116 nostris
2141 1077 2314 1117 adficere

276 1148 517 1188 possumus3
545 1137 629 1186 sed,
650 1137 758 1177 velut
778 1138 819 1176 in
839 1136 1018 1189 frugibus
1037 1137 1261 1178 vendendis
1281 1146 1438 1179 vosmet
1457 1138 1533 1190 ipsi
1556 1152 1604 1179 ex
1626 1151 1769 1179 acervo
1796 1151 1942 1190 magno
1964 1152 2086 1190 grana
2112 1141 2311 1191 quaedam

277 1211 400 1240 aurea
428 1198 681 1251 emptoribus
715 1200 928 1240 ostendere
962 1199 1109 1250 soletis,
1141 1213 1224 1240 non
1258 1200 1371 1240 aliter
1403 1208 1536 1241 vestro
1567 1215 1615 1241 ex
1645 1200 1787 1242 ordine
1815 1200 2064 1253 amplissimo
2094 1203 2311 1242 nonnullos

276 1262 392 1315 quasi
419 1263 591 1316 exempli
619 1277 749 1314 causa,
777 1263 1028 1306 Cancellario
1057 1271 1206 1314 nostro,
1234 1263 1412 1305 Praesidi
1437 1273 1578 1314 vestro,
1600 1264 1912 1316 praesentamus,
1935 1265 2139 1318 fidemque
2168 1266 2311 1306 damus

276 1325 399 1367 etiam
417 1332 573 1367 ceteros
592 1340 680 1367 esse
700 1327 834 1367 bonae
853 1326 965 1379 frugi.

383 1481 628 1534 Dignissime
647 1481 823 1531 domine,
847 1483 1024 1523 Domine
1046 1481 1304 1531 Cancellarie‚
1327 1489 1367 1522 et
1387 1488 1472 1523 tota
1492 1482 1733 1523 Academia:

384 1555 499 1609 (225)
547 1556 683 1606 QUAM
722 1555 893 1597 libenter
930 1556 1112 1609 Reginae
1150 1563 1310 1596 nostrae
1347 1556 1650 1608 augustissimae
1688 1563 1728 1597 et
1771 1556 1965 1608 Principis
2003 1556 2168 1605 Alberti‚
2210 1556 2306 1596 olim

277 1619 517 1661 Cancellarii
535 1620 671 1670 nostri,
690 1628 879 1672 nepotem
896 1620 1141 1661 Academiae
1156 1619 1279 1660 totius
1299 1619 1464 1660 nomine
1479 1634 1589 1660 nunc
1608 1619 1780 1672 primum
1802 1621 2029 1659 salutamus.
2080 1621 2308 1660 Salutamus

275 1682 413 1723 denuo
441 1689 596 1735 patrem
622 1682 719 1732 eius,
741 1683 968 1735 Principem
996 1690 1178 1723 nostrum
1198 1682 1519 1732 illustrissimum,
1541 1695 1662 1734 quem
1682 1681 1831 1722 abhinc
1856 1695 1985 1722 annos
2003 1682 2163 1734 triginta
2190 1681 2308 1721 titulo

273 1745 420 1786 eodem
451 1751 638 1785 ornatum
667 1744 862 1785 vidimus³
873 1760 885 1795 3
923 1746 1141 1786 salutamus
1175 1753 1354 1795 matrem,
1387 1744 1570 1785 omnium
1601 1758 1801 1785 consensu
1835 1744 2154 1796 pulcherrimam,
2183 1758 2305 1796 quam

273 1806 397 1848 hodie
415 1808 538 1848 etiam
557 1807 685 1859 ipsam
705 1809 847 1848 adesse
867 1808 1126 1848 vehementer
1144 1809 1347 1848 laetamur.
1408 1809 1635 1848 Salutamus
1658 1807 1897 1859 Principem,
1918 1807 1987 1859 qui
2010 1820 2135 1859 prope
2154 1821 2203 1847 ex
2221 1807 2307 1859 ipsa

270 1870 441 1923 pueritia
459 1870 650 1912 scientiae
670 1871 800 1912 navali
824 1871 1114 1923 perdiscendae
1138 1885 1226 1912 sese
1252 1879 1412 1913 strenue
1437 1871 1663 1920 dedicavit;
1692 1870 1761 1922 qui
1789 1870 1911 1910 maria
1935 1884 2080 1922 magna
2105 1884 2303 1918 emensus,

269 1932 449 1974 colonias
486 1941 653 1983 nostras,
693 1941 781 1974 toto
819 1934 917 1975 orbe
954 1948 978 1974 a
1015 1934 1134 1975 nobis
1167 1934 1325 1983 divisas,
1361 1941 1448 1975 toto
1481 1935 1604 1974 corde
1641 1933 1759 1973 nobis
1797 1932 2044 1982 coniunctas,
2081 1933 2191 1985 regni
2229 1933 2304 1973 sibi

268 1996 487 2050 aliquando
506 1999 673 2039 fortasse
693 1998 882 2039 destinati
902 1999 1086 2039 nondum
1107 1997 1303 2047 conscius,
1326 1997 1482 2047 invisit3
1511 1997 1581 2050 qui
1600 1997 1840 2048 populorum
1862 2010 2097 2048 magnorum
2118 1995 2305 2036 historiae

267 2059 484 2110 studiosus,
511 2059 667 2113 imperii
694 2059 915 2101 Britannici
943 2061 1109 2113 gloriam
1139 2062 1322 2101 navalem
1352 2060 1428 2101 sibi
1456 2059 1701 2100 carissimam
1731 2072 1818 2099 esse
1847 2058 2069 2100 identidem
2098 2058 2300 2099 indicavit.

267 2124 409 2175 Nuper
428 2123 626 2165 Kalendis
646 2123 786 2171 Iuniis,
808 2124 907 2164 dum
927 2123 1199 2165 misericordia
1217 2123 1334 2164 solita
1352 2136 1573 2175 pauperum
1594 2121 1884 2174 aegrotantium
1911 2121 2027 2162 saluti
2053 2122 2300 2171 consulebat,

266 2186 403 2228 classis
441 2187 695 2229 Britannicae
732 2187 939 2228 victoriam
972 2187 1122 2228 abhinc
1154 2200 1284 2228 annos
1318 2193 1482 2227 centum
1516 2186 1663 2226 eodem
1696 2184 1792 2224 anni
1825 2184 1892 2225 die
1925 2191 2166 2236 reportatam
2199 2185 2302 2225 inter

267 2249 450 2291 omnium
464 2251 627 2301 plausus
642 2251 774 2302 palam
791 2250 1150 2291 commemoravit⁴.
1203 2251 1320 2291 Idem
1335 2249 1485 2290 abhinc
1497 2262 1649 2288 annum
1666 2260 1790 2299 prope
1803 2261 1930 2287 unum
1947 2247 2072 2297 (iuvat
2084 2247 2300 2299 recordari)

265 2313 370 2354 inter
397 2325 535 2366 regum
563 2314 872 2367 principumque
899 2314 1195 2367 gratulationes,
1224 2313 1326 2354 inter
1354 2312 1501 2353 civium
1530 2310 1794 2352 exultantium
1822 2310 2143 2360 acclamationes,
2175 2310 2300 2350 Ducis

265 2375 384 2428 primi
409 2375 749 2428 Cantabrigiensis
769 2376 923 2429 neptim
943 2377 996 2416 ab
1016 2376 1206 2417 omnibus
1229 2375 1416 2417 dilectam
1441 2374 1545 2415 vitae
1568 2373 1690 2414 totius
1709 2380 1938 2414 consortem
1958 2373 2100 2414 duxit⁵.
2159 2373 2299 2414 Hodie

265 2451 372 2488 vero,
392 2438 542 2491 gaudio
561 2452 668 2480 novo
688 2439 792 2489 elati,
814 2441 1008 2480 laetamur
1027 2439 1138 2491 regni
1157 2439 1258 2479 tanti
1277 2438 1435 2479 heredis
1455 2438 1647 2478 heredem
1667 2437 1750 2478 filio
1770 2436 1935 2477 feliciter
1954 2449 2041 2477 esse
2060 2444 2236 2484 auctum,
2258 2445 2298 2477 et

265 2509 392 2542 matre
411 2503 519 2543 salva
536 2516 664 2555 genus
684 2503 836 2555 regium
857 2516 986 2555 usque
1004 2504 1057 2543 ad
1077 2502 1238 2543 tertium
1257 2503 1424 2554 gradum
1445 2515 1632 2554 prospere
1652 2514 1740 2541 esse
1759 2500 2069 2540 continuatumss.

375 2565 495 2605 Duco
512 2566 566 2606 ad
584 2577 656 2605 vos
677 2566 921 2606 PRmclPEM
943 2566 1179 2606 GEORGmM
1201 2565 1504 2613 FREDERICUM,
1528 2565 1688 2603 DUCEM
1711 2564 2040 2603 EBORAeENsnm.

373 2714 489 2770 (226)
517 2715 674 2757 Primus
700 2716 882 2757 omnium
910 2716 1163 2769 Principibus
1187 2717 1331 2758 nostris
1357 2716 1525 2768 assurgit
1548 2715 1670 2757 hodie
1696 2716 1877 2768 Reginae
1896 2715 2020 2768 ipsius
2039 2715 2080 2755 in
2100 2715 2293 2756 comitatu

263 2778 584 2830 Cantabrigiensi
617 2779 781 2831 legatus,
808 2779 922 2819 cuius
951 2793 974 2820 e
1003 2779 1220 2820 maioribus
1250 2793 1366 2828 unus,
1399 2786 1580 2830 tempore
1609 2779 1916 2820 Cromwelliano
1950 2778 2090 2818 militia
2119 2778 2291 2827 functus,

262 2840 372 2893 pacis
397 2847 501 2881 artes
526 2854 550 2881 a
576 2854 618 2882 se
638 2848 779 2893 postea
803 2844 999 2893 praelatas
1022 2842 1191 2894 posteris
1216 2842 1297 2882 suis
1317 2841 1483 2882 feliciter
1502 2842 1743 2882 excolendas
1763 2841 1957 2882 tradidit⁷.
2014 2842 2118 2892 Ipse,
2140 2839 2293 2880 liberali

261 2904 455 2957 imprimis
474 2904 636 2957 ingenio
659 2906 873 2958 praeditus,
895 2920 1023 2959 nuper
1048 2906 1088 2946 in
1116 2906 1216 2947 urbe
1242 2913 1377 2946 nostra
1406 2904 1543 2945 salutis
1566 2906 1718 2957 templo
1744 2903 2063 2944 administrando
2089 2902 2292 2954 dignitatis

348 3008 360 3029 ¹
384 3009 528 3044 Scheme
543 3010 593 3045 sor
611 3012 866 3045 Examinations
882 3012 916 3045 in
933 3011 1160 3055 Agricultural
1177 3011 1316 3045 Science
1331 3010 1503 3054 approved
1521 3020 1541 3054 9
1557 3010 1647 3043 Nov.
1672 3010 1710 3042 18
1736 3020 1767 3052 3.
1924 3006 1938 3028 ²
1953 3009 2052 3042 Deut.
2073 3007 2176 3041 xxviii
2192 3018 2290 3050 3—4.

261 3051 275 3072 ³
299 3063 317 3095 3
332 3054 420 3096 June
440 3054 534 3096 1864·
789 3055 804 3075 ⁴
826 3057 918 3088 Lord
936 3055 1074 3089 Howe’s
1090 3056 1217 3098 victory
1233 3066 1312 3088 over
1326 3055 1384 3087 the
1401 3054 1532 3087 French
1548 3054 1625 3087 sseet
1640 3058 1674 3086 at
1727 3054 1835 3094 shant,
1856 3052 1906 3086 off
1924 3053 2032 3092 Brest‚
2056 3063 2067 3084 r
2085 3052 2175 3095 June
2194 3062 2206 3084 1
2234 3062 2289 3096 94.

260 3095 274 3116 ⁶
296 3097 317 3129 6
331 3097 412 3140 July
431 3098 525 3141 1893.
681 3098 696 3120 ⁶
720 3109 760 3141 23
774 3100 863 3142 June
882 3101 975 3143 1894.
1133 3100 1147 3123 ⁷
1172 3099 1332 3132 Edmund
1350 3098 1534 3138 Peckover‚
1553 3098 1630 3131 who
1647 3098 1762 3130 served
1779 3097 1813 3131 in
1830 3096 2040 3130 Cromwell's
2055 3106 2160 3139 army,
2184 3107 2196 3128 1
2225 3095 2290 3137 46-

264 3149 317 3182 55,
336 3142 403 3174 and
420 3141 579 3175 obtained
596 3142 647 3175 his
662 3143 837 3186 discharge
855 3155 898 3175 on
910 3143 1044 3186 joining
1060 3144 1116 3176 the
1134 3144 1268 3186 Society
1284 3143 1322 3175 os
1335 3143 1362 3175 F
1365 3142 1487 3175 riends.

370 3225 456 3254 S-S.
1218 3229 1291 3267 113
2131 3224 2174 3265 15
