2704 3770
942 337 1005 387 P.
1051 337 1102 386 T
1094 338 1436 403 schazkowsky.
1508 339 1561 388 A
1568 340 1709 405 rrzgro
1743 339 1903 389 Boito.

490 522 492 524 ,
537 480 647 531 Quid
665 488 800 521 autern
820 480 1061 522 Schillerus?

887 555 898 574 ‘
912 551 992 591 vita
1019 552 1068 592 sit
1096 552 1137 592 in
1166 554 1329 603 statuis;
1366 554 1512 606 spirare
1540 557 1725 607 poemata
1752 555 1931 607 possint;

964 605 1095 658 ipsum
1123 607 1302 648 animum
1330 610 1446 648 callet
1476 609 1633 649 Musica
1661 611 1746 650 sola
1772 610 1933 661 loqui’1.

538 680 657 720 Duco
675 680 728 720 ad
747 693 817 721 vos
839 682 1185 721 MAXIMILIANUM
1206 682 1371 720 BRucn.

534 805 646 855 (217)
667 807 888 845 Russorum
917 819 964 846 ex
992 805 1159 858 imperio
1187 806 1384 846 immenso
1413 808 1535 846 hodie
1562 808 1615 846 ad
1641 821 1714 847 nos
1740 809 1894 848 delatus
1918 815 1977 847 est
1999 807 2070 847 viri
2088 806 2258 854 illustris,
2280 806 2434 847 Rubin-

425 866 566 916 steinii‚
603 867 821 920 discipulus
854 869 1029 921 insignis,
1061 869 1130 921 qui
1162 883 1293 921 neque
1327 869 1483 909 Italiam
1516 883 1647 921 neque
1685 870 1912 910 Helvetiam
1945 870 2230 922 inexploratam
2262 869 2431 921 reliquit,

425 931 497 969 sed
515 930 664 981 patriae
684 930 860 970 carmina
878 931 1084 983 popularia
1103 939 1195 972 ante
1214 931 1349 972 omnia
1368 931 1514 972 dilexit.
1574 932 1729 984 Ingenii
1748 933 1946 973 Slavonici
1968 940 2007 974 et
2031 934 2213 973 ardorem
2237 931 2432 972 fervidum

424 999 463 1031 et
495 994 726 1044 languorem
760 994 986 1034 subtristem
1020 1007 1140 1046 quam
1174 994 1339 1035 feliciter
1367 994 1666 1047 interpretatur!
1724 995 1971 1036 Musicorum
2006 997 2216 1036 modorum
2249 994 2291 1034 in
2323 1007 2432 1046 argu-

425 1055 570 1095 mentis
588 1056 724 1096 animo
743 1057 1017 1108 concipiendis
1037 1071 1158 1109 quam
1177 1059 1334 1108 amplus
1353 1060 1434 1097 est!
1463 1058 1506 1097 in
1524 1058 1698 1098 numeris
1714 1058 1968 1099 modulandis
1987 1072 2108 1109 quam
2127 1057 2337 1098 distinctus
2353 1059 2360 1097 !
2389 1056 2431 1096 in

425 1118 660 1158 flexionibus
679 1119 877 1159 variandis
897 1134 1016 1171 quam
1037 1120 1212 1160 subtilis!
1242 1120 1283 1159 in
1303 1121 1526 1160 orchestrae
1547 1121 1606 1172 (ut
1630 1120 1757 1171 aiunt)
1777 1121 1953 1172 partibus
1975 1121 2077 1160 inter
2098 1133 2140 1160 se
2164 1119 2326 1159 diversis
2351 1132 2432 1159 una

423 1181 714 1232 componendis
739 1195 860 1233 quam
881 1183 1113 1234 splendidus
1129 1183 1157 1222 2²
1211 1182 1369 1222 Talium
1389 1182 1560 1222 virorum
1579 1183 1715 1223 animo
1733 1191 1844 1235 grato
1857 1183 2098 1223 admiramur
2115 1182 2318 1234 ingenium
2333 1181 2432 1222 illud

424 1242 538 1282 facile
566 1250 606 1283 et
633 1251 873 1294 promptum,
895 1246 1016 1295 quod,
1038 1246 1145 1285 velut
1172 1244 1257 1296 ipsa
1285 1258 1414 1284 rerum
1443 1252 1593 1292 natura,
1614 1247 1722 1285 nulla
1750 1245 1983 1286 necessitate
2010 1252 2193 1285 coactum
2219 1245 2291 1284 sed
2319 1243 2432 1295 quasi

423 1318 494 1345 sua
519 1313 661 1357 sponte
683 1307 991 1357 pulcherrimum
1018 1307 1195 1359 quidque
1220 1307 1262 1346 in
1290 1307 1450 1347 luminis
1475 1320 1563 1347 oras
1589 1307 1802 1359 quotannis
1829 1307 2035 1348 submittit.
2094 1306 2317 1347 Audiamus
2340 1308 2431 1346 Pro-

422 1375 592 1419 pertium
607 1384 671 1409 :—

858 1439 1041 1491 ‘auspice
1069 1447 1167 1491 quot
1195 1439 1391 1479 submittit
1419 1441 1564 1479 humus
1592 1441 1765 1480 formosa
1792 1441 1967 1480 colores:

934 1501 974 1533 et
1002 1493 1165 1534 veniunt
1193 1495 1364 1533 hederae
1393 1501 1535 1544 sponte
1563 1507 1634 1533 sua
1662 1494 1803 1534 melius
1816 1494 1852 1532 ’³.

532 1567 663 1607 Etiam
683 1575 841 1608 nosmet
859 1568 935 1619 ipsi
953 1568 1074 1609 hodie
1094 1569 1214 1608 fronti
1233 1576 1315 1608 tarn
1334 1567 1439 1607 felici
1452 1569 1623 1608 hederae
1635 1575 1793 1609 nostrae
1808 1569 1997 1608 corollam
2013 1574 2156 1619 sponte
2170 1566 2427 1619 imponimus.

531 1630 649 1669 Duco
667 1631 719 1669 ad
739 1643 809 1669 vos
830 1631 1011 1670 PETRUM
1032 1631 1385 1670 Tsannzowsxv.

529 1755 644 1808 (218)
675 1757 813 1797 Italiae
835 1757 937 1797 inter
955 1758 1101 1797 decora
1119 1757 1287 1797 libenter
1305 1757 1559 1797 nominamus
1579 1764 1709 1797 vatem
1728 1757 1927 1805 eximium,
1949 1757 2018 1809 qui
2038 1758 2245 1797 Musarum
2265 1769 2429 1797 munere

420 1817 569 1868 duplici
602 1819 785 1865 donatus,
813 1832 902 1858 non.
930 1820 1053 1859 modo
1083 1819 1124 1858 in
1149 1826 1232 1858 arte
1262 1819 1414 1859 musica
1446 1820 1518 1859 sed
1547 1819 1666 1859 etiam
1694 1818 1735 1858 in
1763 1818 2004 1858 carminibus
2031 1817 2254 1858 condendis
2281 1819 2428 1858 famam

419 1878 614 1931 insignem
638 1888 696 1920 est
719 1882 916 1932 adeptus⁴.
978 1881 1059 1931 Qui
1084 1894 1155 1932 pro
1181 1881 1306 1932 patria
1332 1881 1425 1921 olim
1453 1882 1602 1921 fortiter
1620 1881 1819 1933 pugnavit,
1840 1881 1948 1921 idem
1971 1881 2122 1921 musica
2146 1881 2187 1920 in
2205 1888 2288 1920 arte
2307 1880 2426 1920 etiam

419 1949 638 1982 exterarum
657 1943 834 1994 gentium
854 1944 1013 1996 ingenia
1032 1943 1249 1995 conspicua
1267 1957 1315 1984 ea
1333 1957 1413 1995 qua
1434 1957 1505 1995 par
1523 1951 1582 1983 est
1601 1944 1817 1984 reverentia
1835 1943 2022 1995 respicit⁵.
2080 1944 2203 1992 Quod
2227 1944 2279 1983 ad
2307 1956 2428 1994 opera

419 2006 618 2055 praeclara
636 2005 688 2044 ab
707 2005 794 2056 ipso
814 2006 1038 2057 conscripta
1057 2005 1207 2054 attinet,
1229 2005 1414 2045 fatebitur
1432 2007 1595 2045 fortasse
1614 2005 1781 2045 nimium
1800 2005 1870 2045 diu
1888 2005 1929 2044 in
1948 2004 2099 2044 scriniis
2124 2004 2204 2043 suis
2229 2004 2426 2044 inclusum

419 2066 592 2106 tenuisse
619 2067 822 2107 Neronem
836 2082 847 2117 ς
881 2075 940 2108 est
966 2068 1097 2116 etiarn,
1123 2067 1164 2106 ni
1193 2069 1314 2116 fallor,
1345 2067 1533 2118 ‘scriptus
1546 2067 1566 2116 '‚
1595 2069 1789 2108 ‘necdum
1819 2067 1952 2107 finitus
1978 2067 2201 2107 Orestes'⁶:
2233 2074 2424 2118 quantam

419 2134 554 2166 autem
578 2142 626 2167 ex
652 2136 820 2180 utroque
848 2131 1009 2169 laudem
1038 2130 1254 2180 aliquando
1276 2131 1491 2181 adepturus
1515 2130 1575 2178 sit,
1597 2143 1761 2181 operum
1784 2130 1957 2182 priorum
1984 2144 2031 2170 ex
2053 2129 2187 2170 omine
2214 2129 2307 2169 licet
2334 2142 2427 2169 con·

419 2190 587 2229 fidenter
617 2191 806 2242 augurari.
866 2194 1111 2242 Argumenta
1144 2206 1247 2239 vero,
1276 2205 1300 2231 a
1332 2197 1451 2242 poeta
1482 2199 1564 2231 tam
1593 2192 1737 2232 eximio
1769 2195 1821 2233 de
1855 2195 2058 2242 Hamleto,
2088 2194 2140 2232 de
2169 2193 2342 2241 Othello,
2372 2193 2424 2232 de

420 2252 605 2291 Falstafio
642 2252 816 2303 denique
854 2253 1087 2304 conscripta,
1118 2253 1292 2293 numeris
1321 2253 1481 2293 musicis
1513 2254 1565 2293 ab
1597 2254 1681 2294 aliis
1714 2255 1867 2306 egregie
1895 2254 2123 2295 consociata
2151 2254 2271 2293 sunt⁷.
2332 2255 2425 2305 Ipse

420 2312 752 2364 Mephistophelis
772 2327 981 2365 personam
997 2316 1085 2366 plus
1106 2328 1226 2365 quam
1246 2317 1369 2355 semel
1388 2315 1541 2367 egregie
1559 2323 1618 2355 est
1637 2315 1923 2367 interpretatus,
1939 2316 1979 2355 in
2002 2315 2130 2355 Musis
2148 2315 2327 2356 colendis
2342 2328 2423 2355 non

417 2374 516 2414 alios
535 2374 721 2424 imitatus,
744 2377 815 2416 sed
835 2376 984 2427 ubique
1004 2376 1065 2415 sui
1083 2376 1229 2428 ingenii
1250 2384 1381 2417 motus
1399 2377 1578 2428 proprios
1598 2386 1766 2418 secutus.
1825 2379 1958 2418 Nemo
1977 2385 2082 2418 certe
2100 2383 2243 2428 poetae
2265 2377 2426 2417 maximi

418 2437 656 2486 Germanici,
680 2438 1014 2489 Mephistophelis
1034 2439 1233 2490 scriptoris
1253 2440 1507 2488 celeberrimi,
1530 2440 1683 2481 monito
1701 2441 1757 2480 illi
1776 2441 1916 2481 melius
1935 2441 2221 2492 obtemperavit
2235 2456 2299 2481 :—

982 2507 1138 2559 ‘ipsum
1166 2516 1328 2559 pectore
1355 2510 1521 2560 prodeat
1549 2516 1760 2558 necessest,

1007 2561 1204 2613 quidquid
1230 2570 1392 2614 pectora
1419 2577 1650 2614 permovere
1678 2571 1806 2604 sumet
1820 2565 1858 2604 '⁸.
2193 2618 2194 2621 Ἴ

524 2637 706 2675 Fortasse
735 2635 855 2676 etiam
885 2635 983 2675 alios
1012 2649 1085 2676 suo
1115 2643 1294 2688 tempore
1322 2636 1617 2677 laudabimus⁹z
1650 2636 1772 2677 hodie
1801 2639 2008 2677 Musarum
2037 2650 2203 2677 numero
2230 2635 2420 2686 contenti,

414 2698 506 2737 artis
537 2698 717 2739 Musicae
745 2699 975 2750 praesertim
1003 2699 1105 2738 inter
1132 2699 1344 2750 praeconia
1371 2712 1516 2739 novem
1544 2699 1717 2740 virorum
1746 2698 1954 2739 illustrium
1983 2700 2121 2739 laudes
2151 2698 2419 2739 terminamus.

524 2763 642 2801 Duco
661 2764 713 2802 ad
733 2775 802 2802 vos
821 2764 993 2802 ARR1G0
1014 2764 1158 2802 Borro.

498 2939 510 2960 ¹
534 2941 573 2972 B.
591 2941 638 2973 H.
659 2941 835 2983 Kennedy‚
852 2941 999 2973 Between
1031 2942 1163 2981 Whiles,
1183 2953 1216 2985 p.
1234 2943 1287 2981 81,
1305 2942 1486 2974 translated
1508 2942 1593 2973 from
1616 2941 1785 2974 Schiller's
1808 2942 1956 2984 epigram
1973 2952 2017 2974 on
2047 2942 2288 2974 Tonkunst:—‘
2303 2941 2419 2974 Leben

412 2983 524 3015 athme
537 2984 592 3016 die
612 2985 770 3017 bildende
794 2985 914 3024 Kunst,
934 2985 1029 3017 Geist
1051 2985 1152 3017 fordr’
1175 2986 1230 3018 ich
1252 2996 1330 3017 vom
1354 2985 1509 3023 Dichter;
1530 2983 1535 3027 Ι
1555 2985 1647 3017 Aber
1669 2985 1724 3017 die
1745 2985 1841 3018 Seele
1861 2985 1986 3027 spricht
2002 2996 2065 3017 nur
2088 2985 2308 3027 Polyhymnia
2326 2995 2384 3017 aus
2395 2984 2413 3017 ‘.

410 3024 426 3045 ²
448 3027 489 3058 E.
507 3027 716 3059 Dannreuter
732 3028 766 3059 in
781 3027 919 3060 Grove's
934 3029 1026 3060 Dict.
1043 3029 1096 3061 ed.
1121 3039 1148 3060 1.
1251 3027 1265 3048 ⁸
1288 3028 1488 3071 Propertius,
1507 3029 1518 3059 i
1536 3037 1566 3066 α,
1583 3038 1603 3071 9
1619 3028 1641 3059 f.
1743 3026 1757 3047 ⁴¹
1779 3029 1814 3059 Il
1828 3029 1909 3060 libro
1923 3029 1977 3060 dei
1999 3028 2091 3060 Versi
2103 3033 2166 3060 etc.
2276 3027 2290 3047 ⁵
2312 3028 2416 3067 Bach,

410 3070 477 3101 and
493 3080 561 3111 esp.
582 3071 782 3109 Beethoven,
801 3071 1051 3111 Mendelssohn,
1069 3072 1136 3103 and
1151 3072 1310 3114 Wagner.
1423 3071 1437 3092 ⁶
1456 3071 1611 3113 Juvenal,
1628 3071 1639 3102 i
1655 3071 1685 3103 6.
1806 3069 1819 3092 ⁷
1842 3072 1972 3103 Amleto
1988 3072 2051 3110 (for
2068 3072 2095 3103 F
2097 3070 2213 3112 accio),
2237 3071 2339 3103 Otello
2353 3071 2420 3103 and

412 3113 568 3154 Falstaflo
585 3112 649 3155 (for
662 3114 793 3151 Verdi).
998 3112 1012 3134 Β
1036 3115 1082 3147 Η,
1104 3116 1149 3146 Α.
1163 3115 1194 3157 J.
1216 3116 1350 3151 Munro,
1374 3115 1407 3146 T
1403 3115 1607 3147 ranslations
1623 3113 1746 3156 (1884),
1764 3125 1819 3146 no.
1840 3125 1867 3152 1,
1886 3115 1968 3146 from
1992 3116 2106 3152 Faust,
2125 3115 2202 3146 Part
2220 3123 2262 3152 11,
2279 3115 2347 3147 Act
2369 3114 2417 3152 iii,

410 3159 419 3173 ⁴
432 3157 532 3188 Denn
549 3166 584 3188 es
599 3167 689 3188 musz
706 3167 770 3189 von
789 3158 920 3189 Herzen
937 3157 1056 3199 gehen,
1076 3158 1157 3189 Was
1173 3158 1232 3190 auf
1246 3159 1378 3190 Herzen
1395 3158 1521 3190 wirken
1536 3157 1599 3190 soll
1611 3158 1629 3188 ’.
1771 3157 1784 3178 ⁹
1807 3168 1866 3200 eg.
1881 3158 1994 3199 Grieg,
2010 3168 2064 3190 no.
2086 3168 2147 3200 2²3
2166 3157 2271 3199 infra.

1376 3231 1451 3268 108
