2704 3770
721 326 946 376 Wz'lliam
978 328 1125 392 Boyd
1157 328 1444 392 Carpenter.
1522 329 1729 379 Clzarles
1763 331 1818 378 E
1818 330 1908 379 [ἰοί
1941 331 2158 382 Norton.

433 480 562 521 nacta,
592 481 632 513 et
668 481 776 513 extra
808 487 968 514 omnem
1007 477 1189 515 fortunae
1225 477 1353 516 aleam
1390 475 1468 516 iam
1507 475 1547 515 in
1585 483 1672 516 tuto
1709 477 1913 525 collocata,
1948 476 2186 527 posteritatis
2224 478 2439 520 memoriae

431 542 646 586 perpetuae
682 538 893 576 tradentur.
958 539 1091 577 Tanto
1129 538 1236 578 enim
1274 538 1314 578 in
1353 551 1473 589 opere
1510 538 1681 590 (Latinis
1720 538 1848 578 verbis
1885 551 1984 589 pace
2022 539 2139 579 huius
2177 539 2360 591 dixerim)
2399 549 2439 582 et

432 598 702 639 monumentis
730 599 805 639 illis
833 606 872 640 et
899 599 975 639 sibi
1002 599 1077 651 ipsi

921 676 1071 726 ‘exegit
1100 682 1406 715 monumentum
1434 689 1524 715 aere
1551 675 1815 726 perennius...

943 729 1054 780 quod
1082 742 1164 769 non
1192 729 1320 769 imber
1347 730 1448 769 edax
1466 741 1558 769 non
1586 729 1735 781 Aquilo
1762 730 1962 781 impotens

942 782 1067 833 possit
1095 784 1250 823 diruere
1276 790 1345 823 aut
1372 783 1670 824 innumerabilis

941 849 1136 876 annorum
1165 837 1283 877 series
1296 838 1335 877 '¹.

538 910 666 950 Vobis
685 918 894 962 praesento
914 913 1149 952 GEORGIUM
1169 913 1399 951 STEPHENS.

1241 1068 1297 1113 19
1322 1051 1462 1118 sune
1505 1053 1631 1112 1884

539 1161 626 1215 (85)
664 1162 927 1203 COM1TATUM
958 1162 1174 1203 maximum
1208 1163 1503 1203 Eboracensem
1533 1162 1658 1202 nostis
1692 1176 1844 1211 omnes,
1874 1176 1995 1214 quam
2025 1164 2103 1203 late
2136 1169 2279 1215 pateat,
2307 1176 2437 1204 rerum

429 1233 592 1265 naturae
630 1223 922 1276 pulchritudine
959 1237 1080 1276 quam
1117 1224 1223 1264 varia
1260 1226 1439 1274 excellat,
1469 1224 1663 1264 maiorum
1697 1231 1921 1264 nostrorum
1960 1223 2041 1264 sive
2078 1224 2319 1265 fortitudinis
2357 1224 2439 1265 sive

429 1286 584 1338 pietatis
613 1293 711 1337 quot
740 1286 1010 1326 monumentis
1036 1286 1233 1338 glorietur.

891 1362 900 1380 ‘
915 1361 1035 1400 Adde
1063 1367 1122 1400 tot
1150 1359 1323 1412 egregias
1351 1360 1480 1409 urbes,
1511 1373 1757 1412 operumque
1785 1359 1974 1407 laborem,

914 1421 973 1453 tot
1001 1421 1189 1465 congesta
1217 1428 1339 1453 manu
1367 1413 1585 1465 praeruptis
1614 1414 1763 1465 oppida
1791 1413 1903 1461 saxis,

914 1468 1159 1519 fluminaque
1186 1468 1372 1519 antiquos
1401 1467 1710 1508 subterlabentia
1738 1480 1872 1507 muros
1885 1466 1923 1506 ²⁹.

429 1541 537 1582 Talis
575 1548 708 1581 autem
746 1548 959 1593 tantaeque
991 1541 1160 1593 regionis
1194 1549 1324 1593 partes
1361 1541 1450 1582 illae
1487 1555 1590 1593 quae
1629 1543 1680 1581 ad
1718 1554 1904 1581 occasum
1943 1540 2036 1580 solis
2073 1547 2113 1580 et
2150 1541 2440 1593 septentriones

430 1612 620 1657 spectant,
642 1604 792 1644 alumni
820 1604 955 1653 nostri,
977 1618 1098 1656 quem
1127 1605 1315 1644 reducem
1345 1606 1571 1653 salutamus,
1598 1604 1710 1656 quasi
1738 1605 1885 1644 tutelae
1913 1616 2045 1643 sacrae
2073 1603 2306 1656 propediem
2334 1617 2441 1644 com-

430 1667 733 1706 mendabuntur.
808 1666 945 1706 Nostis
985 1666 1059 1718 ipsi
1101 1666 1227 1718 qualis
1265 1667 1317 1706 ab
1358 1666 1519 1718 incepto
1556 1665 1789 1718 processerit
1802 1680 1813 1714 3
1860 1665 1955 1704 olim
2002 1665 2104 1705 inter
2149 1665 2300 1705 amicos
2346 1679 2439 1707 suos

429 1729 693 1769 Academicos
712 1730 927 1769 litterarum
947 1743 1082 1769 amore
1101 1737 1140 1769 et
1159 1729 1282 1769 animi
1301 1729 1562 1780 generositate
1577 1729 1740 1781 insignis
1757 1743 1764 1775 ;
1792 1736 1932 1781 postea
1950 1728 2052 1769 inter
2070 1742 2210 1770 omnes
2230 1729 2438 1770 hominum

429 1791 598 1839 ordines,
621 1791 702 1831 sive
721 1804 939 1843 pauperum
960 1791 1000 1830 in
1025 1791 1209 1840 tabernis,
1232 1791 1313 1831 sive
1339 1804 1475 1843 regum
1498 1805 1622 1843 prope
1645 1798 1780 1840 turres,
1802 1791 1843 1830 in
1866 1791 2068 1831 laboribus
2095 1790 2213 1830 sacris
2240 1798 2439 1843 spectatus

429 1853 707 1904 probatusque.
766 1852 920 1893 Saeculi
950 1852 1065 1904 primi
1098 1852 1312 1893 Christiani
1341 1854 1448 1892 velut
1478 1852 1691 1904 imaginem
1721 1853 1837 1892 huius
1868 1852 1908 1891 in
1940 1851 2128 1892 Narcisso
2160 1852 2438 1892 adumbratam

429 1914 580 1954 vidistis
593 1929 604 1964 3
636 1914 767 1966 ipsum
794 1928 919 1966 nuper
947 1914 988 1953 in
1018 1914 1260 1954 Academiae
1290 1916 1442 1966 templo
1472 1914 1699 1965 eloquentia
1730 1913 1844 1953 solita
1873 1913 2170 1953 contionantem
2199 1907 2289 1965 plus
2316 1927 2437 1965 quam

429 1978 553 2016 semel
567 1975 783 2016 audivistis.
828 1977 862 2015 E
877 1974 1131 2015 contionibus
1143 1982 1277 2015 autem
1294 1975 1510 2015 Hulseanis
1526 1975 1600 2015 illis
1616 1977 1749 2015 locur'n
1763 1988 1888 2014 unum
1901 1975 2021 2014 hodie
2037 1973 2133 2014 libet
2145 1975 2352 2024 recordari,
2369 1975 2439 2016 ubi

427 2037 601 2077 iudicem
630 2051 819 2089 magnum
842 2039 977 2077 laudat
1005 2036 1218 2084 dicentem,
1238 2050 1287 2076 eo
1311 2037 1434 2088 magis
1464 2050 1664 2088 quemque
1688 2036 1789 2076 inter
1818 2036 2029 2075 Britannos
2052 2037 2212 2087 pollere,
2238 2049 2319 2088 quo
2347 2036 2436 2088 quis

429 2099 619 2147 doctrina,
651 2099 888 2151 eloquentia,
920 2099 1061 2138 virtute
1089 2098 1229 2138 ceteris
1257 2100 1478 2138 antecellat.
1535 2098 1706 2138 Addidit
1733 2097 1818 2149 ipse
1846 2097 2115 2149 eloquentiam
2145 2098 2230 2138 sine
2255 2099 2437 2139 doctrina

429 2176 515 2202 esse
547 2162 707 2201 inanem
740 2163 943 2212 quandam
976 2161 1132 2212 linguae
1169 2161 1456 2201 volubilitatem
1469 2175 1480 2210 5
1523 2160 1792 2212 eloquentiam
1827 2174 1918 2200 cum
1953 2160 2134 2200 doctrina
2167 2161 2433 2211 coniunctam,

428 2224 580 2264 virtutis
610 2238 703 2264 vero
733 2231 944 2275 expertem,
977 2223 1090 2274 quasi
1120 2225 1296 2263 fucatum
1329 2237 1415 2263 esse
1445 2223 1606 2263 dicendi
1643 2223 1837 2273 nitorem3
1875 2237 2006 2263 veram
2045 2224 2312 2275 eloquentiam
2351 2224 2436 2265 sine

429 2286 571 2326 virtute
583 2299 668 2326 esse
683 2286 863 2326 nullam&
910 2287 1118 2325 Habemus
1132 2285 1262 2333 hodie,
1280 2285 1524 2334 Academici,
1539 2285 1656 2325 trium
1676 2285 1831 2324 illarum
1851 2299 1980 2325 rerum
2000 2286 2285 2337 praestantium
2297 2286 2338 2326 in
2353 2300 2435 2327 uno

429 2349 730 2388 coniunctarum
777 2349 977 2398 exemplar
989 2362 1000 2396 3
1046 2354 1294 2399 praesentem
1335 2347 1516 2387 videmus
1557 2347 1683 2387 virum
1727 2348 1994 2398 eloquentem,
2033 2348 2210 2396 doctum,
2249 2348 2432 2400 probum,

429 2410 661 2462 episcopum
692 2409 966 2461 Riponensem
995 2408 1256 2460 designatum,
1287 2410 1534 2449 WILELMUM
1565 2410 1686 2448 BovD
1716 2409 1988 2450 CARPENTER.

535 2514 623 2567 (86)
653 2513 790 2554 Hodie
812 2527 836 2553 a
862 2512 1041 2565 Collegio
1064 2513 1249 2563 antiquo⁴
1268 2526 1411 2564 magna
1436 2513 1689 2552 alumnorum
1714 2525 1875 2552 suorum
1895 2512 2117 2564 frequentia
2141 2526 2270 2553 annus
2291 2513 2344 2554 ab
2366 2514 2434 2554 illo

428 2576 726 2617 trecentesimus
765 2575 994 2623 celebratur,
1026 2574 1067 2614 in
1106 2589 1186 2627 quo
1220 2576 1463 2614 Academiae
1501 2574 1542 2613 in
1580 2575 1666 2614 solo
1703 2574 1885 2625 deposita
1922 2582 1982 2614 est
2013 2576 2125 2626 glans
2162 2575 2229 2614 illa
2260 2588 2435 2627 qucrnea

427 2639 642 2691 aliquando
667 2638 709 2677 in
737 2638 919 2677 arborem
946 2650 1108 2676 evasura
1136 2644 1175 2676 et
1198 2649 1281 2676 non
1310 2644 1465 2676 tantum
1489 2636 1750 2676 Academiam
1779 2635 1905 2687 ipsam
1934 2649 2134 2676 ramorum
2163 2636 2313 2677 luxurie
2341 2650 2434 2677 mox

427 2700 729 2741 obumbratura⁵
748 2700 819 2739 sed
838 2698 957 2739 etiam
977 2706 1083 2738 trans
1102 2711 1250 2750 aequor
1265 2697 1510 2737 Atlanticum
1530 2697 1718 2749 progenie
1737 2710 1841 2737 nova
1858 2696 2082 2748 gloriatura.
2129 2699 2164 2737 E
2180 2697 2434 2749 Cantabrigia

426 2770 559 2803 autem
579 2760 903 2809 Transatlantica‚
918 2774 1000 2800 non
1021 2759 1183 2799 nomine
1203 2767 1356 2799 tantum
1373 2761 1444 2800 sed
1464 2759 1549 2811 ipsa
1568 2759 1718 2810 origine
1738 2765 1778 2798 et
1797 2765 1927 2798 vetere
1946 2758 2107 2810 hospitii
2122 2758 2206 2799 iure
2220 2759 2431 2799 nobiscum

427 2824 649 2873 coniuncta,
681 2823 761 2864 diei
790 2831 870 2863 tam
897 2822 1013 2863 fausti
1041 2822 1160 2870 testis,
1187 2822 1411 2874 nuperrime
1442 2822 1559 2862 nobis
1587 2824 1738 2873 legatus
1766 2820 1929 2872 insignis
1957 2822 2148 2861 advectus
2176 2830 2244 2861 est.
2304 2823 2432 2862 Adest

427 2901 530 2926 unus
549 2901 571 2927 e
591 2885 877 2938 professoribus
896 2885 971 2924 illis
991 2886 1058 2937 qui
1079 2884 1355 2936 Cantabrigiae
1378 2884 1481 2923 illius
1507 2897 1655 2924 nomen
1679 2883 1865 2923 illustrius
1889 2884 2158 2933 reddiderunt,
2179 2884 2341 2924 nuntius
2366 2884 2431 2924 ille

429 2948 519 2988 felix
533 2961 664 2998 quem,
679 2948 948 2998 eloquentiam
968 2946 1052 2986 eius
1067 2947 1293 2986 hesternam
1313 2946 1571 2994 recordatus⁶,
1587 2944 1732 2985 Horati
1746 2944 1875 2985 verbis
1890 2945 2039 2997 alloqui
2052 2946 2203 2985 ausim:
2227 2946 2429 2995 ‘Mercuri‚

514 3047 526 3068 ¹
550 3049 693 3086 Horace,
714 3050 826 3081 Carm.
843 3049 879 3081 iii
896 3059 946 3090 30,
970 3059 982 3080 1
996 3049 1019 3080 f.
1159 3047 1172 3067 ²
1194 3048 1312 3090 Virgil,
1330 3048 1441 3090 Georg.
1458 3048 1481 3079 ii
1502 3056 1571 3089 155.
1720 3046 1734 3067 3
1756 3058 1791 3090 p.
1811 3056 1883 3089 145.
2028 3047 2042 3067 ⁴
2065 3048 2264 3080 Emmanuel
2280 3048 2430 3091 College.

428 3091 442 3111 ⁶
466 3091 605 3124 Fuller’s
625 3092 829 3133 Cambridge,
849 3093 923 3134 278.
1085 3090 1099 3111 ⁸
1123 3091 1253 3134 Speech
1269 3091 1306 3123 of
1321 3092 1359 3123 18
1371 3091 1470 3133 June,
1489 3091 1523 3123 in
1542 3091 1834 3123 Commemoration
1849 3090 1889 3133 qf
1896 3091 1949 3123 tlte
1965 3091 2065 3132 300th
2081 3092 2318 3133 Anniversary
2332 3091 2373 3134 ‘ff
2378 3091 2432 3123 the

428 3136 636 3167 Foundation
652 3135 691 3176 ff
700 3135 907 3167 Emmanuel
916 3135 1047 3176 College,
1066 3145 1123 3176 pp.
1143 3144 1280 3175 15—22,
1298 3134 1455 3167 followed
1471 3134 1515 3176 by
1530 3145 1550 3166 a
1566 3135 1688 3167 second
1705 3134 1835 3176 Speech
1852 3145 1895 3165 on
1915 3144 1953 3175 19
1966 3135 2064 3176 June,
2083 3135 2125 3166 z'b.
2142 3145 2199 3177 pp.
2222 3136 2361 3176 28—31.

1404 3206 1455 3255 46
