2704 3770
662 329 721 396 J.
761 329 826 380 R.
871 328 1100 378 Corm’slz.
1169 327 1375 377 H.J.H.
1413 327 1567 377 Duke
1611 329 1661 377 T
1654 330 1738 378 saz‘
1776 330 1879 381 Tse.

264 477 464 530 episcopis
484 476 664 528 quinque
684 475 825 517 merito
844 483 905 516 est
919 476 1080 516 electus.
1139 475 1268 514 Adest
1285 473 1455 526 Collegii
1471 474 1779 514 Pembrochiani
1799 476 2000 524 scholaris,
2016 476 2072 515 vir
2091 484 2130 517 et
2145 478 2290 518 divinis

263 546 304 580 et
322 538 627 580 humanioribus
646 538 785 579 litteris
805 539 996 587 excultus,
1018 537 1060 577 in
1079 536 1285 578 laboribus
1304 538 1426 576 sacris
1446 536 1487 575 in
1502 536 1649 588 Anglia
1664 537 1965 588 septentrionali
1985 537 2054 577 diu
2075 547 2287 590 spectatuS,

262 611 304 644 et
328 603 482 644 insulae
504 602 728 644 Australiae
751 604 804 644 ad
826 601 1074 655 provinciam
1100 602 1328 640 Australem
1352 613 1478 652 nuper
1505 607 1680 640 vocatus.
1741 599 1966 652 Collegium
1987 614 2080 641 vero
2100 602 2289 641 eximium

260 664 372 714 illud,
399 665 579 718 Reginae
608 665 763 706 Elissae
791 673 971 717 tempore
1002 665 1170 704 ‘domus
1198 662 1364 715 antiqua
1390 670 1430 703 et
1458 662 1662 715 religiosa'
1681 675 1706 701 a
1734 661 1893 714 Regina
1918 661 2005 714 ipsa
2031 665 2288 714 appellatum,

262 727 434 780 Collegii
452 727 690 780 episcopalis
708 728 875 780 gloriam
895 727 1017 768 etiam
1040 726 1082 766 in
1102 727 1263 766 saeculo
1282 733 1421 765 nostro
1441 726 1531 777 plus
1550 738 1673 777 quam
1694 725 1819 764 semel
1838 724 2054 764 renovavit.
2114 725 2288 775 Etenim,

261 789 516 842 episcopatus
545 803 710 830 munere
729 797 904 839 ornatus,
927 802 976 829 ex
999 788 1173 828 alumnis
1199 787 1285 828 eius
1311 801 1416 827 unus
1439 788 1492 828 ad
1517 786 1706 839 Angliam
1730 785 2095 838 septentrionalem,
2116 788 2215 827 alter
2239 789 2292 828 ad

261 852 357 893 solis
382 852 546 893 orientis
572 853 776 905 regionem
803 853 912 892 haud
938 852 993 892 ita
1018 851 1174 904 pridem
1202 851 1346 891 missus
1370 850 1462 899 est¹‚
1483 850 1621 891 tertius
1645 849 1822 902 denique
1845 851 1898 890 ad
1918 852 2087 890 Austros
2106 851 2293 903 auspiciis

260 914 426 967 optimis
449 915 685 968 propediem
712 915 996 967 proficiscetur.
1057 916 1167 955 Dum
1197 915 1304 955 orbis
1331 922 1523 955 terrarum
1549 914 1590 954 in
1617 921 1677 954 tot
1702 913 1882 966 partibus
1905 921 1946 954 et
1969 915 2043 954 hos
2063 922 2103 954 et
2122 914 2222 955 alios
2245 929 2293 955 ex

260 978 434 1019 alumnis
470 978 616 1019 nostris
645 979 850 1018 laboribus
885 978 1006 1019 sacris
1039 978 1216 1018 intentos
1254 979 1586 1030 contemplamur,
1621 978 1771 1030 Vergili
1808 978 1940 1018 verbis
1978 978 2050 1028 usi,
2086 992 2169 1019 non
2207 978 2293 1019 sine

260 1040 448 1093 superbia
467 1043 641 1093 quadam
662 1043 884 1082 exclamare
899 1055 1113 1094 possumus
1129 1046 1205 1082 :—‘
1221 1042 1337 1092 Quae
1352 1042 1461 1094 regio
1482 1042 1523 1082 in
1543 1043 1655 1083 terris
1677 1042 1803 1082 nostri
1823 1056 1906 1083 non
1927 1044 2047 1094 plena
2066 1043 2214 1083 laboris
2230 1044 2275 1083 !’²

369 1103 489 1144 Duco
526 1105 579 1143 ad
616 1117 688 1144 vos
725 1096 855 1144 virum
892 1105 1168 1154 reverendum,
1209 1106 1467 1144 ARTHUR'UM
1507 1106 1690 1145 NUTTER
1728 1106 1924 1154 THOMAS,
1966 1105 2202 1158 episcopum
2240 1107 2293 1146 de

257 1164 458 1208 Adelaide
486 1167 596 1207 haud
624 1166 680 1207 ita
707 1166 865 1219 pridem
894 1168 1079 1208 electum.

1091 1315 1107 1347 1
1121 1313 1146 1361 5
1184 1299 1298 1348 Feb.
1347 1303 1472 1360 1906

368 1417 484 1469 (432)
514 1418 721 1459 Commu
745 1417 953 1457 Sidneiani
976 1431 1025 1457 ex
1046 1417 1231 1468 alumnis,
1252 1417 1545 1470 archiepiscopi
1565 1418 1750 1459 nomine³
1769 1419 1879 1459 haud
1899 1419 1954 1459 ita
1973 1420 2128 1471 pridem
2149 1421 2290 1470 ornati,

259 1479 456 1520 laetamur
479 1481 648 1520 alterurn
675 1493 803 1532 nuper
828 1480 1064 1532 episcopum
1092 1494 1180 1521 esse
1206 1488 1498 1520 consecratum.
1556 1482 1685 1520 Adest
1705 1481 1763 1520 vir
1785 1495 1809 1520 a
1828 1482 2022 1522 comitatu
2045 1482 2293 1523 Devoniensi

259 1541 465 1591 oriundus,
487 1541 557 1594 qui
577 1542 747 1594 Collegii
767 1542 872 1582 illius
892 1550 932 1582 et
951 1542 1084 1582 socius
1104 1550 1144 1583 et
1168 1544 1346 1583 decanus
1369 1550 1409 1584 et
1431 1550 1667 1595 praeceptor
1690 1543 1787 1582 olim
1813 1544 2128 1596 acceptissimus,
2151 1553 2293 1597 postea

257 1618 329 1658 per
359 1618 489 1645 annos
522 1605 716 1658 plurimos
748 1606 790 1645 in
828 1606 1036 1647 Cornubia
1072 1607 1304 1658 praesertim
1342 1606 1547 1647 laboribus
1585 1606 1705 1647 sacris
1743 1620 1826 1647 non
1865 1608 1952 1648 sine
1984 1610 2104 1649 laude
2137 1609 2290 1650 institit.

260 1669 378 1709 Idem
408 1669 602 1710 ecclesiae
634 1669 854 1709 cathedrali
891 1671 928 1708 T
930 1669 1138 1710 turonensi
1175 1669 1452 1711 aedificandae
1489 1670 1705 1722 plurimum
1745 1671 1894 1723 profuit
1906 1687 1918 1722 3
1960 1672 2063 1712 inter
2101 1673 2293 1714 ecclesiae

258 1731 478 1773 canonicos
506 1732 656 1785 primos
685 1732 849 1772 honoris
878 1746 998 1773 causa
1028 1741 1088 1773 est
1116 1734 1351 1786 adscriptus,
1383 1742 1423 1775 et
1449 1734 1722 1775 archidiaconi
1753 1749 1919 1776 munere
1947 1737 2090 1777 merito
2116 1745 2291 1778 ornatus.

260 1796 373 1836 Inter
408 1796 576 1837 nomina
607 1804 743 1837 autem
775 1797 828 1837 ab
862 1797 1053 1848 episcopo
1086 1799 1217 1850 primo
1251 1798 1497 1838 Truronensi
1531 1800 1819 1839 canonicorum
1854 1800 2048 1841 sedilibus
2081 1800 2291 1853 assignata,

259 1859 397 1900 Sancti
416 1860 609 1900 Germani
628 1873 779 1900 nomen
799 1874 925 1912 prope
945 1860 1118 1912 primum
1139 1861 1298 1910 exstitit,
1320 1861 1390 1913 qui
1410 1861 1506 1902 olim
1526 1862 1579 1902 ab
1599 1864 1769 1903 ecclesia
1789 1863 2020 1904 Britannica
2039 1865 2101 1904 bis
2120 1878 2143 1904 e
2164 1865 2295 1905 Gallia

259 1923 455 1972 vocatus⁴‚
477 1922 685 1964 doctrinae
705 1924 844 1963 sedem
868 1923 1055 1964 eximiam
1079 1925 1169 1976 plus
1192 1938 1315 1976 quam
1341 1939 1465 1965 unam
1491 1925 1594 1966 inter
1619 1926 1833 1968 Britannos
1860 1928 2091 1969 condidisse
2116 1928 2291 1969 dicitur⁶.

259 1986 476 2026 Laetamur
500 1986 693 2038 episcopo
719 1999 826 2026 novo
853 1986 990 2027 Sancti
1014 1988 1205 2028 Germani
1231 2001 1382 2028 nomen
1404 2002 1428 2028 a
1447 1989 1537 2029 vico
1557 2003 1645 2030 esse
1665 1992 1817 2040 datum,
1840 1992 1910 2032 ubi
1933 1992 2125 2032 ecelesiae
2151 1992 2294 2032 veteris

257 2046 300 2088 in
318 2047 466 2088 tabulis
484 2048 766 2100 episcoporum
787 2049 1129 2090 Cornubiensium
1150 2050 1368 2090 duodecim
1389 2051 1553 2091 nomina
1577 2051 1767 2104 inscripta
1790 2054 1914 2093 sunt⁶.
1973 2055 2174 2094 Alumnus
2200 2068 2294 2095 vero

257 2119 404 2162 noster,
439 2113 670 2154 Britanniae
702 2113 944 2154 occidentali
976 2127 1047 2166 per
1079 2113 1201 2154 vitam
1235 2127 1360 2166 prope
1389 2122 1516 2155 totam
1550 2115 1723 2165 deditus,
1755 2115 1796 2156 in
1826 2116 2019 2169 episcopo
2047 2117 2295 2158 Truronensi

257 2173 490 2216 adiuvando
517 2176 638 2216 etiarn
665 2176 707 2216 in
736 2183 943 2228 posterum
969 2175 1042 2216 erit
1066 2175 1153 2217 sine
1178 2177 1305 2218 dubio
1328 2179 1413 2218 ‘vel
1436 2177 1660 2218 occidentis
1689 2191 1818 2230 usque
1843 2180 1897 2219 ad
1925 2179 2113 2219 ultimum
2139 2181 2296 2220 sinum'

257 2251 416 2292 semper
435 2246 595 2292 paratus
615 2239 833 2292 progredi⁷.
895 2268 898 2272 -

369 2303 490 2343 Duco
521 2304 574 2343 ad
606 2317 678 2343 vos
711 2303 839 2343 virum
872 2304 1096 2344 admodum
1130 2305 1407 2354 reverendum,
1444 2307 1653 2346 IOANNEM
1689 2308 1878 2347 RUNDLE
1911 2308 2124 2357 CORNISH,
2158 2308 2295 2349 Sancti

260 2364 453 2405 Germani
481 2365 717 2418 episcopum
746 2373 1037 2406 consecratum.

1080 2539 1144 2585 24
1178 2524 1311 2590 May
1351 2541 1369 2573 1
1380 2529 1478 2586 906

369 2642 486 2696 (433)
520 2644 695 2683 IMPERH
724 2642 902 2684 Sinensis
931 2641 1034 2683 inter
1066 2643 1218 2694 legatos
1252 2642 1439 2696 insignes,
1473 2645 1732 2697 Imperatoris
1763 2646 2051 2687 consobrinum
2085 2648 2290 2700 illustrem,

259 2707 387 2748 virum
410 2721 556 2760 genere
581 2708 747 2759 antiquo
774 2714 813 2747 et
837 2706 963 2747 nobili
986 2706 1213 2756 oriundum,
1237 2707 1317 2759 qui,
1340 2709 1448 2748 velut
1471 2709 1570 2748 alter
1588 2709 1843 2758 Anacharsis,
1863 2711 2045 2762 gentium
2069 2720 2291 2753 exterarum

258 2769 450 2811 institutis
470 2770 724 2822 explorandis
747 2769 989 2822 designatus,
1010 2770 1063 2809 ad
1086 2769 1202 2809 litora
1227 2777 1364 2810 nostra
1392 2784 1520 2823 nuper
1542 2771 1708 2812 feliciter
1733 2774 1926 2813 advectus
1953 2781 2023 2823 est,
2045 2775 2292 2815 Academiae

259 2833 382 2874 totius
415 2832 581 2873 nomine
613 2846 661 2872 ea
687 2845 767 2884 qua
795 2845 867 2884 par
894 2837 955 2872 est
983 2832 1237 2872 observantia
1266 2832 1452 2873 iubemus
1482 2835 1642 2874 salvere.
1700 2835 1864 2876 Abhinc
1892 2850 2022 2877 annos
2051 2838 2140 2889 plus
2169 2851 2291 2889 quam

259 2902 481 2944 sexcentos,
512 2908 594 2946 quo
622 2902 804 2946 tempore
833 2894 1105 2947 Collegiorum
1133 2902 1362 2936 nostrorum
1392 2896 1575 2936 omnium
1604 2896 1929 2949 antiquissimum
1959 2899 2169 2940 conditum
2198 2899 2290 2950 est⁸‚

347 2999 359 3021 ¹
382 3001 457 3034 The
474 3000 601 3043 Bishop
617 2999 656 3032 of
667 2999 859 3032 Wakefield
876 3001 946 3040 (no.
968 2998 1055 3041 168),
1076 2999 1144 3033 and
1156 3000 1213 3033 the
1230 3000 1358 3044 Bishop
1374 3001 1413 3034 of
1420 3001 1532 3046 Japan
1549 3001 1618 3045 (no.
1635 3001 1703 3045 96).
1787 3002 1802 3023 ²
1823 3006 1911 3036 Aen.
1929 3004 1940 3036 i
1957 3004 2031 3046 560.
2124 3003 2138 3025 ⁸
2163 3006 2292 3039 Robert

259 3044 433 3087 Machray,
450 3045 556 3084 D.D.,
577 3043 666 3077 First
682 3043 897 3086 Archbishop
912 3043 951 3076 of
964 3043 1122 3086 Rupert’s
1140 3043 1249 3083 Land,
1270 3047 1366 3088 1893.
1511 3045 1526 3066 ⁴
1550 3045 1604 3079 On
1624 3047 1680 3079 the
1696 3052 1764 3079 two
1781 3048 1875 3081 visits
1891 3049 1930 3080 of
1942 3049 2141 3089 Germanus,
2163 3050 2292 3093 Bishop

259 3089 299 3122 os
310 3089 462 3122 Auxerre
479 3087 693 3132 (418-448),
711 3098 767 3121 see
783 3088 898 3120 Baeda
914 3088 1006 3120 Hist.
1028 3088 1119 3120 Eccl.
1136 3088 1147 3121 i
1167 3098 1205 3131 17
1222 3089 1289 3121 and
1307 3100 1360 3122 αι.
1454 3088 1469 3111 ⁶
1493 3089 1567 3122 The
1583 3090 1729 3133 colleges
1746 3092 1784 3123 of
1796 3092 2008 3126 Llancarvan
2024 3094 2091 3126 and
2108 3093 2295 3136 Llanilltyd

259 3133 358 3174 (Rice
376 3133 475 3171 Rees,
491 3133 602 3175 Essay
615 3143 658 3165 on
674 3132 728 3164 the
750 3132 855 3164 Wlslz
871 3133 1002 3171 Saints,
1026 3131 1119 3175 1836,
1140 3143 1174 3175 p.
1198 3132 1286 3175 122).
1440 3132 1455 3154 ⁶
1478 3134 1580 3167 From
1596 3145 1623 3167 c.
1646 3145 1728 3168 1000
1743 3140 1779 3168 to
1793 3147 1820 3170 c.
1844 3146 1937 3170 1100.
2103 3136 2117 3159 ⁷
2141 3138 2291 3177 Horace,

259 3177 412 3220 Epodesi
432 3187 482 3219 13.
625 3175 639 3196 ⁸
663 3175 866 3209 Peterhouse
881 3175 1042 3217 founded,
1065 3177 1159 3218 1284.

1244 3259 1317 3298 197
