2704 3770
374 329 469 377 Sz'r
502 328 572 376 W.
601 329 662 377 L.
690 329 885 378 Buller.
958 330 1003 378 I.
1029 330 1280 394 Bywater.
1352 331 1421 379 A.
1455 331 1516 379 B.
1553 331 1825 380 Davz'dson.
1908 331 1983 379 W.
2017 331 2082 380 L.
2100 332 2371 380 'Newmam

479 474 593 525 (331)
631 473 825 515 Coloniae
857 483 1014 514 nostrae
1047 474 1344 523 remotissimae,
1379 476 1519 515 Novae
1556 475 1804 523 Zealandiae,
1838 474 1939 515 inter
1976 476 2122 516 decora
2158 475 2376 528 conspicua

369 544 609 585 numeratus,
644 537 757 576 adest
793 536 915 577 hodie
946 536 1003 576 vir
1034 536 1204 588 regionis
1240 536 1344 577 illius
1376 537 1651 589 indigenarum
1689 538 1846 590 linguae
1879 538 2072 590 imprimis
2103 538 2264 591 peritus,
2297 538 2374 587 cui,

369 606 529 650 propter
548 598 687 639 merita
706 599 790 639 eius
809 598 972 651 egregia,
993 599 1139 650 gratiae
1159 612 1445 650 saepenumero
1464 600 1623 651 publice
1643 607 1736 639 sunt
1754 608 1875 640 actae.
1935 601 2062 640 Adest
2084 600 2141 639 vir
2162 600 2230 652 qui
2256 600 2376 641 etiam

369 660 539 712 regionis
576 661 679 701 illius
715 661 854 701 avibus
892 674 1047 700 summa
1084 674 1176 701 cura
1213 661 1485 701 describendis
1521 669 1642 713 atque
1677 670 1760 703 arte
1796 663 1940 703 eximia
1976 662 2238 715 depingendis
2275 676 2377 714 opus

371 737 559 775 magnum
587 722 814 763 dedicavit¹.
874 723 1081 772 Quantum
1113 731 1246 763 autern
1277 723 1499 763 liberalitati
1530 724 1614 764 eius
1647 724 1764 764 etiam
1799 732 1934 765 nostra
1966 724 2187 765 Academia
2218 724 2375 773 debeat,

371 785 503 826 Musei
530 785 654 826 nostri
678 785 858 837 parietes,
879 785 1011 825 avium
1040 793 1079 825 et
1107 785 1338 825 animalium
1361 793 1429 826 aut
1455 800 1614 837 prorsus
1639 795 1707 827 aut
1730 801 1853 840 prope
1876 787 2160 828 extinctorum²
2186 787 2377 840 exemplis

369 849 507 896 ornati,
528 848 622 888 satis
649 850 752 889 clare
777 851 1003 900 loquuntur.
1063 850 1167 900 Ergo
1195 861 1315 899 quem
1344 848 1429 900 ipsa
1459 849 1622 900 Regina,
1653 863 1774 902 quem
1803 858 1843 891 et
1872 850 2000 890 Gallia
2028 858 2068 890 et
2096 850 2311 890 Germania
2338 857 2378 890 et

370 912 485 951 Italia
504 910 722 951 honoribus
743 913 1054 959 cumulaverunt,
1075 911 1249 950 eundem
1269 910 1388 950 etiam
1409 919 1567 951 nosmet
1586 911 1671 963 ipsi,
1693 920 1753 952 tot
1772 926 1981 953 munerum
2005 926 2088 953 non
2110 912 2375 961 immemores,

368 972 497 1012 laudis
517 980 675 1012 nostrae
694 972 919 1012 diademate
939 973 1185 1012 decoramus.

477 1035 596 1074 Duco
614 1035 667 1074 ad
687 1047 755 1074 vos
773 1034 902 1086 gentis
927 1035 1015 1085 plus
1042 1047 1162 1084 quam
1186 1033 1303 1073 unius
1322 1034 1498 1086 equitem
1518 1034 1680 1074 honoris
1699 1048 1819 1075 causa
1838 1034 2099 1084 nominatum,
2120 1036 2375 1076 WALTERUM

371 1098 528 1136 LAWRY
548 1098 734 1136 BULLER.

477 1211 591 1265 (332)
625 1212 863 1252 Litterarum
889 1213 1130 1252 Graecarum
1156 1212 1257 1252 inter
1280 1213 1530 1254 Oxonienses
1553 1215 1815 1265 professorem
1838 1215 2033 1267 insignem
2059 1216 2180 1257 hodie
2208 1215 2377 1256 libenter

368 1275 552 1315 iubemus
572 1275 731 1314 salvere.
790 1273 898 1314 Olim
925 1273 1119 1313 Heracliti
1142 1274 1336 1325 reliquias,
1359 1275 1427 1326 qui
1454 1276 1507 1315 ob
1533 1276 1708 1327 linguam
1731 1277 1944 1317 obscuram
1969 1279 2096 1318 clarus
2121 1285 2214 1326 erat,
2236 1277 2376 1317 ordine

368 1337 503 1377 lucido
536 1335 731 1387 disposuit
744 1349 755 1382 3
792 1342 931 1386 postea
960 1336 1012 1374 ab
1045 1336 1264 1375 Academia
1295 1336 1542 1377 Berolinensi
1572 1337 1791 1378 honorifice
1823 1338 2021 1386 invitatus,
2058 1338 2247 1379 Prisciani
2275 1338 2378 1390 Lydi

371 1398 645 1450 Metaphrasin
682 1397 723 1437 in
756 1399 1079 1449 Theophrastum
1112 1406 1151 1438 et
1189 1398 1369 1439 eiusdem
1406 1400 1700 1451 problematum
1737 1402 1954 1443 solutiones
1987 1402 2114 1443 edidit
2126 1417 2137 1452 3
2175 1415 2302 1453 nuper
2338 1408 2379 1441 et

368 1461 591 1502 Aristotelis
616 1460 759 1500 Ethica
782 1460 1055 1500 Nicomachea
1079 1468 1119 1501 et
1144 1461 1367 1502 Aristotelis
1392 1463 1553 1502 Poetica
1578 1464 1872 1505 accuratissime
1898 1465 2105 1506 recensuit.
2164 1466 2215 1505 In
2240 1463 2378 1504 litteris

369 1525 531 1565 Graecis
551 1524 813 1573 recensendis,
831 1524 1014 1564 novimus
1034 1531 1185 1575 quanto
1204 1524 1351 1576 ingenii
1370 1526 1564 1575 acumine,
1580 1534 1729 1577 quanta
1747 1528 1975 1577 subtilitate,
1993 1535 2142 1580 quanta
2155 1527 2379 1582 eruditione

369 1587 570 1641 praeditus
600 1586 674 1635 sit;
711 1586 894 1626 novimus
925 1587 1044 1627 etiam
1078 1595 1229 1638 quanto
1258 1588 1447 1628 librorum
1475 1589 1665 1629 rariorum
1693 1604 1828 1631 amore
1856 1598 1995 1643 captus
2023 1590 2086 1632 sit.
2142 1590 2308 1632 Utinam
2336 1588 2378 1629 in

368 1658 570 1702 posterum
598 1648 650 1688 ab
678 1648 766 1699 ipso
791 1648 1026 1688 eruditionis
1055 1656 1188 1688 tantae
1217 1650 1365 1689 fruetus
1388 1649 1429 1689 in
1451 1663 1579 1691 annos
1602 1651 1778 1703 singulos
1807 1651 1939 1692 minus
1967 1665 2073 1692 raros
2101 1651 2375 1704 percipiamus.

371 1712 536 1752 Interim
556 1711 597 1750 in
617 1711 724 1751 libris
745 1711 906 1751 Graecis
926 1711 1219 1752 accuratissime
1238 1713 1405 1752 edendis
1425 1726 1528 1753 unus
1547 1714 1664 1754 nobis
1684 1723 1744 1755 est
1763 1715 1885 1756 instar
1903 1715 2071 1756 aliorum
2095 1714 2382 1767 plurimorum;

370 1775 517 1816 etenim
551 1774 591 1813 in
630 1775 738 1813 hunc
770 1774 1020 1825 potissimum
1053 1775 1247 1825 quadrare
1273 1775 1458 1816 videntur
1484 1777 1604 1817 verba
1636 1777 1702 1817 illa
1737 1779 1930 1820 Heracliti
1945 1780 2030 1819 :-—‹‘›
2063 1778 2114 1820 εἷς
2143 1778 2279 1830 μύριοι,
2316 1778 2380 1817 ἐὰν

368 1837 522 1888 ἄριστος
549 1835 604 1888 '5³-

480 1901 598 1939 Duco
617 1899 670 1939 ad
689 1911 759 1938 vos
780 1899 1047 1938 Professorem
1070 1900 1292 1938 BYWATER.

477 2015 590 2068 (333)
629 2016 854 2070 Salutamus
891 2013 1080 2064 deinceps
1118 2013 1274 2068 linguae
1314 2015 1524 2069 Hebraeae
1562 2015 1603 2054 in
1642 2016 1821 2067 Collegio
1859 2018 1978 2057 Novo
2015 2017 2116 2057 inter
2153 2017 2378 2058 Edinenses

370 2080 632 2131 professorem
669 2076 875 2127 insignem,
911 2089 1036 2115 unum
1074 2089 1122 2116 ex
1149 2076 1215 2116 ‘eis
1253 2076 1397 2127 quibus
1435 2078 1589 2117 Veteris
1627 2079 1874 2119 Testamenti
1911 2079 1952 2119 in
1989 2080 2165 2131 linguam
2202 2088 2379 2131 nostram

370 2140 590 2181 accuratius
618 2137 814 2178 reddendi
842 2151 936 2177 cura
968 2137 1064 2177 olim
1097 2139 1285 2177 mandata
1316 2146 1384 2178 est.
1444 2139 1722 2180 Eruditionem
1751 2140 1836 2181 eius
1864 2149 2058 2181 testantur
2086 2140 2378 2181 Grammaticae

372 2202 584 2242 Hebraeae
616 2199 809 2252 principia
840 2201 929 2250 plus
958 2212 1078 2250 quam
1107 2200 1230 2239 semel
1258 2199 1366 2239 edita
1379 2215 1390 2250 ;
1427 2207 1620 2240 testantur
1647 2202 1802 2242 Veteris
1831 2202 2079 2242 Testamenti
2107 2216 2155 2242 ex
2182 2202 2310 2254 poetis
2338 2210 2378 2258 et

369 2263 572 2316 prophetis
609 2261 792 2301 nonnulli
824 2260 1118 2301 commentariis
1146 2260 1307 2312 optimis
1337 2262 1561 2312 instructi⁴;
1598 2270 1763 2302 testatur
1795 2264 1970 2316 denique
1998 2264 2104 2305 Novi
2131 2264 2379 2306 Testamenti

369 2328 422 2367 ad
438 2318 648 2366 Hebraeos
663 2325 830 2376 epistola
844 2325 1063 2364 luculenter
1077 2324 1280 2375 explicata.
1330 2324 1427 2364 Viro
1441 2325 1482 2364 in
1497 2324 1565 2364 tali
1581 2333 1879 2377 praeceptorem
1894 2327 2135 2367 admiramur
2149 2335 2379 2379 promptum

370 2397 409 2430 et
435 2390 605 2428 alacrem
618 2402 629 2436 ;
662 2386 879 2426 litterarum
909 2399 1106 2425 sacrarum
1136 2385 1389 2437 interpretem
1419 2386 1650 2437 sapientem,
1682 2395 1855 2437 cautum,
1886 2397 2139 2438 accuratum3
2180 2391 2307 2429 virum
2335 2389 2377 2429 in

370 2449 591 2492 Caledonia
609 2456 692 2488 tota
714 2448 816 2488 inter
837 2447 1054 2499 sapientiae
1072 2447 1224 2487 lumina
1245 2447 1324 2487 iam
1345 2447 1499 2500 pridem
1522 2456 1783 2488 numeratum.
1843 2450 1954 2499 Quot
1973 2450 2177 2502 discipulis
2195 2450 2377 2491 stimulos

369 2522 408 2553 et
449 2514 577 2552 calcar
613 2510 791 2551 addidit!
848 2509 1046 2560 Quotiens
1083 2509 1238 2550 Veteris
1275 2509 1524 2550 Testamenti
1560 2510 1680 2549 verba
1716 2510 1782 2550 illa
1819 2524 1892 2551 suo
1929 2513 2112 2564 exemplo
2149 2511 2376 2552 illustravit:

369 2578 613 2629 Sapientiam
642 2577 754 2615 verba
782 2580 876 2613 sunt
899 2575 995 2613 sicut
1020 2575 1178 2621 stimuli,
1209 2579 1248 2612 et
1270 2575 1387 2624 quasi
1410 2574 1514 2613 clavi
1530 2575 1687 2624 penitus
1714 2573 1873 2624 infixi⁶l

478 2640 595 2678 Duco
614 2638 666 2677 ad
685 2649 756 2676 vos
776 2636 1044 2675 Professorem
1065 2634 1322 2684 Edinensem,
1344 2637 1562 2675 ANDREAM
1585 2637 1732 2675 BRUCE
1752 2636 1988 2676 DAvmsoN.

476 2742 588 2795 (334)
616 2740 745 2792 Surgit
767 2740 957 2791 deinceps
979 2739 1148 2791 Collegii
1172 2739 1380 2780 Balliolani
1403 2740 1545 2788 socius,
1568 2739 1636 2791 qui
1659 2739 1863 2779 historiam
1882 2740 2088 2792 antiquam
2107 2741 2209 2782 inter
2228 2740 2376 2782 Oxoni-

367 2821 481 2848 enses
513 2806 717 2857 quondam
745 2805 955 2856 professus,
986 2811 1125 2854 postea
1157 2803 1380 2843 Aristotelis
1408 2803 1449 2842 in
1478 2802 1587 2842 libris
1614 2802 1785 2853 politicis
1814 2803 2043 2854 praesertim
2071 2803 2376 2855 interpretandis

368 2870 548 2910 omnium
574 2881 771 2908 consensu
794 2869 967 2919 palmam
991 2867 1089 2906 tulit.
1149 2867 1236 2906 Iam
1258 2879 1328 2917 per
1349 2878 1477 2905 annos
1500 2864 1691 2905 tredecim
1716 2864 1850 2916 peritis
1874 2873 1969 2905 nota
1997 2873 2089 2905 sunt
2117 2866 2247 2917 operis
2272 2865 2375 2906 illius

367 2930 555 2984 praeclari
573 2929 776 2970 volumina
795 2930 887 2976 duo,
909 2927 1200 2979 prolegomenis
1219 2926 1471 2978 amplissimis
1494 2933 1534 2966 et
1556 2925 1851 2966 commentariis
1873 2926 2147 2967 eruditissimis
2170 2927 2371 2968 instructa.

368 2996 417 3034 In
437 3002 606 3044 utroque
626 2994 693 3044 (ne
713 2994 825 3043 plura
844 2990 1220 3043 commemoremus)
1241 2989 1433 3041 quicquid
1452 2989 1553 3029 inter
1567 2989 1790 3029 Aristotelis
1805 2989 1971 3029 Politica
1986 2997 2025 3030 et
2039 2990 2187 3031 litteras
2202 2992 2374 3032 Graecas

451 3098 463 3119 ¹
489 3100 625 3140 History
639 3098 680 3141 ⁰f
687 3099 740 3130 the
755 3098 860 3129 Bim's
874 3097 914 3139 of
922 3099 1006 3129 New
1022 3097 1180 3128 Zealand.
1330 3095 1343 3115 ²
1364 3097 1437 3128 The
1455 3097 1536 3127 Moa
1552 3096 1617 3128 and
1634 3096 1690 3128 the
1704 3096 1871 3138 Elephant
1888 3097 1976 3130 Seal.
2123 3095 2138 3117 ⁸
2159 3098 2188 3130 F
2188 3108 2293 3140 ragm.
2313 3108 2373 3140 113

367 3145 420 3176 ed.
438 3144 598 3186 Bywater.
713 3142 727 3161 ⁴
737 3141 805 3183 Job
815 3152 830 3178 ‚⁴
854 3141 997 3178 Ezekiel,
1014 3141 1167 3177 Nahum,
1185 3139 1382 3178 Habakkuk,
1402 3139 1604 3180 Zephanialz.
1727 3138 1741 3159 ⁶
1763 3140 1853 3173 Eccl.
1870 3140 1915 3172 xii
1934 3150 1983 3173 11.

1341 3212 1415 3261 156
