<?xml version="1.0" encoding="UTF-8"?>
<!DOCTYPE html PUBLIC "-//W3C//DTD XHTML 1.0 Transitional//EN"
    "http://www.w3.org/TR/xhtml1/DTD/xhtml1-transitional.dtd">
<html xmlns="http://www.w3.org/1999/xhtml" xml:lang="en" lang="en">
 <head>
  <title>
</title>
<meta http-equiv="Content-Type" content="text/html;charset=utf-8" />
  <meta name='ocr-system' content='tesseract 3.04.00' />
  <meta name='ocr-capabilities' content='ocr_page ocr_carea ocr_par ocr_line ocrx_word'/>
</head>
<body>
  <div class='ocr_page' id='page_1' title='image "./orationesetepist00sanduoft/orationesetepist00sanduoft_0149.png"; bbox 0 0 2704 3770; ppageno 0'>
   <div class='ocr_carea' id='block_1_1' title="bbox 1030 311 1518 361">
    <p class='ocr_par' dir='ltr' id='par_1_1' title="bbox 1030 311 1518 361">
     <span class='ocr_line' id='line_1_1' title="bbox 1030 311 1518 361; baseline 0.002 -2"><span class='ocrx_word' id='word_1_1' title='bbox 1030 311 1259 359; x_wconf 80' lang='lat' dir='ltr'>Herbert</span> <span class='ocrx_word' id='word_1_2' title='bbox 1293 311 1518 361; x_wconf 84' lang='lat' dir='ltr'>Matlzer.</span> 
     </span>
    </p>
   </div>
   <div class='ocr_carea' id='block_1_2' title="bbox 260 456 2293 636">
    <p class='ocr_par' dir='ltr' id='par_1_2' title="bbox 260 456 2293 636">
     <span class='ocr_line' id='line_1_2' title="bbox 263 456 2293 510; baseline -0 -11"><span class='ocrx_word' id='word_1_3' title='bbox 263 470 502 510; x_wconf 88' lang='lat' dir='ltr'>compressa,</span> <span class='ocrx_word' id='word_1_4' title='bbox 538 457 717 498; x_wconf 90' lang='lat' dir='ltr'>ductoris</span> <span class='ocrx_word' id='word_1_5' title='bbox 754 465 890 498; x_wconf 89' lang='lat' dir='ltr'>tamen</span> <span class='ocrx_word' id='word_1_6' title='bbox 927 456 1084 510; x_wconf 91' lang='lat' dir='ltr'>providi</span> <span class='ocrx_word' id='word_1_7' title='bbox 1121 463 1214 498; x_wconf 89' lang='lat' dir='ltr'>vota</span> <span class='ocrx_word' id='word_1_8' title='bbox 1247 470 1330 497; x_wconf 91' lang='lat' dir='ltr'>non</span> <span class='ocrx_word' id='word_1_9' title='bbox 1369 456 1517 506; x_wconf 89' lang='lat' dir='ltr'>fefellit,</span> <span class='ocrx_word' id='word_1_10' title='bbox 1553 458 1636 506; x_wconf 88' lang='lat' dir='ltr'>sed,</span> <span class='ocrx_word' id='word_1_11' title='bbox 1673 456 1813 497; x_wconf 87' lang='lat' dir='ltr'>mobili</span> <span class='ocrx_word' id='word_1_12' title='bbox 1845 456 1888 496; x_wconf 91' lang='lat' dir='ltr'>in</span> <span class='ocrx_word' id='word_1_13' title='bbox 1920 456 2046 508; x_wconf 89' lang='lat' dir='ltr'>glacie</span> <span class='ocrx_word' id='word_1_14' title='bbox 2076 458 2293 498; x_wconf 91' lang='lat' dir='ltr'>immobilis</span> 
     </span>
     <span class='ocr_line' id='line_1_3' title="bbox 260 518 2292 570; baseline -0.001 -10"><span class='ocrx_word' id='word_1_15' title='bbox 260 519 486 569; x_wconf 46' lang='lat' dir='ltr'>,inhaerens</span> <span class='ocrx_word' id='word_1_16' title='bbox 520 520 574 560; x_wconf 83' lang='lat' dir='ltr'>ad</span> <span class='ocrx_word' id='word_1_17' title='bbox 611 519 798 560; x_wconf 86' lang='lat' dir='ltr'>ulteriora</span> <span class='ocrx_word' id='word_1_18' title='bbox 834 519 983 560; x_wconf 89' lang='lat' dir='ltr'>sensim</span> <span class='ocrx_word' id='word_1_19' title='bbox 1016 520 1149 560; x_wconf 89' lang='lat' dir='ltr'>delata</span> <span class='ocrx_word' id='word_1_20' title='bbox 1181 520 1271 559; x_wconf 86' lang='lat' dir='ltr'>est?</span> <span class='ocrx_word' id='word_1_21' title='bbox 1327 520 1484 559; x_wconf 89' lang='lat' dir='ltr'>Navem</span> <span class='ocrx_word' id='word_1_22' title='bbox 1515 519 1634 567; x_wconf 89' lang='lat' dir='ltr'>illam,</span> <span class='ocrx_word' id='word_1_23' title='bbox 1672 518 1864 569; x_wconf 88' lang='lat' dir='ltr'>navisque</span> <span class='ocrx_word' id='word_1_24' title='bbox 1898 519 2123 567; x_wconf 79' lang='lat' dir='ltr'>rectorem1,</span> <span class='ocrx_word' id='word_1_25' title='bbox 2160 518 2292 570; x_wconf 90' lang='lat' dir='ltr'>ipsum</span> 
     </span>
     <span class='ocr_line' id='line_1_4' title="bbox 263 581 1108 636; baseline -0.001 -13"><span class='ocrx_word' id='word_1_26' title='bbox 263 581 485 636; x_wconf 86' lang='lat' dir='ltr'>Vergilium</span> <span class='ocrx_word' id='word_1_27' title='bbox 514 582 759 635; x_wconf 88' lang='lat' dir='ltr'>praedixisse</span> <span class='ocrx_word' id='word_1_28' title='bbox 787 582 1026 624; x_wconf 89' lang='lat' dir='ltr'>crediderim</span> <span class='ocrx_word' id='word_1_29' title='bbox 1043 597 1108 622; x_wconf 92' lang='lat'>:—</span> 
     </span>
    </p>
   </div>
   <div class='ocr_carea' id='block_1_3' title="bbox 705 665 1862 762">
    <p class='ocr_par' dir='ltr' id='par_1_3' title="bbox 705 665 1862 762">
     <span class='ocr_line' id='line_1_5' title="bbox 705 665 1862 719; baseline -0.002 -13"><span class='ocrx_word' id='word_1_30' title='bbox 705 668 715 687; x_wconf 91' lang='lat'>‘</span> <span class='ocrx_word' id='word_1_31' title='bbox 728 667 828 707; x_wconf 88' lang='lat' dir='ltr'>alter</span> <span class='ocrx_word' id='word_1_32' title='bbox 855 665 929 707; x_wconf 90' lang='lat' dir='ltr'>erit</span> <span class='ocrx_word' id='word_1_33' title='bbox 955 673 1042 706; x_wconf 89' lang='lat' dir='ltr'>tum</span> <span class='ocrx_word' id='word_1_34' title='bbox 1070 665 1225 719; x_wconf 88' lang='lat' dir='ltr'>Tiphys</span> <span class='ocrx_word' id='word_1_35' title='bbox 1253 672 1294 707; x_wconf 91' lang='lat' dir='ltr'>et</span> <span class='ocrx_word' id='word_1_36' title='bbox 1321 667 1445 707; x_wconf 89' lang='lat' dir='ltr'>altera</span> <span class='ocrx_word' id='word_1_37' title='bbox 1473 679 1578 718; x_wconf 88' lang='lat' dir='ltr'>quae</span> <span class='ocrx_word' id='word_1_38' title='bbox 1606 666 1727 706; x_wconf 91' lang='lat' dir='ltr'>vehat</span> <span class='ocrx_word' id='word_1_39' title='bbox 1752 666 1862 717; x_wconf 90' lang='lat' dir='ltr'>Argo</span> 
     </span>
     <span class='ocr_line' id='line_1_6' title="bbox 728 719 1134 762; baseline 0 -1"><span class='ocrx_word' id='word_1_40' title='bbox 728 722 908 762; x_wconf 90' lang='lat' dir='ltr'>delectos</span> <span class='ocrx_word' id='word_1_41' title='bbox 936 722 1079 762; x_wconf 86' lang='lat' dir='ltr'>heroas</span> <span class='ocrx_word' id='word_1_42' title='bbox 1092 719 1134 761; x_wconf 80' lang='lat'>&#39;⁹.</span> 
     </span>
    </p>
   </div>
   <div class='ocr_carea' id='block_1_4' title="bbox 266 800 2298 1109">
    <p class='ocr_par' dir='ltr' id='par_1_4' title="bbox 266 800 2298 1109">
     <span class='ocr_line' id='line_1_7' title="bbox 377 800 2298 857; baseline -0.002 -13"><span class='ocrx_word' id='word_1_43' title='bbox 377 803 479 855; x_wconf 89' lang='lat' dir='ltr'>Quis</span> <span class='ocrx_word' id='word_1_44' title='bbox 497 811 634 846; x_wconf 90' lang='lat' dir='ltr'>autem</span> <span class='ocrx_word' id='word_1_45' title='bbox 653 818 726 856; x_wconf 93' lang='lat' dir='ltr'>pro</span> <span class='ocrx_word' id='word_1_46' title='bbox 745 804 801 845; x_wconf 92' lang='lat' dir='ltr'>rei</span> <span class='ocrx_word' id='word_1_47' title='bbox 821 804 1014 857; x_wconf 87' lang='lat' dir='ltr'>dignitate</span> <span class='ocrx_word' id='word_1_48' title='bbox 1034 805 1197 845; x_wconf 89' lang='lat' dir='ltr'>laudare</span> <span class='ocrx_word' id='word_1_49' title='bbox 1216 804 1362 856; x_wconf 90' lang='lat' dir='ltr'>poterit</span> <span class='ocrx_word' id='word_1_50' title='bbox 1380 817 1452 856; x_wconf 90' lang='lat' dir='ltr'>par</span> <span class='ocrx_word' id='word_1_51' title='bbox 1470 803 1607 845; x_wconf 90' lang='lat' dir='ltr'>nobile</span> <span class='ocrx_word' id='word_1_52' title='bbox 1627 803 1727 843; x_wconf 93' lang='lat' dir='ltr'>illud</span> <span class='ocrx_word' id='word_1_53' title='bbox 1746 802 1971 851; x_wconf 80' lang='lat' dir='ltr'>comitum³‚</span> <span class='ocrx_word' id='word_1_54' title='bbox 1993 801 2073 853; x_wconf 92' lang='lat' dir='ltr'>qui,</span> <span class='ocrx_word' id='word_1_55' title='bbox 2096 814 2196 841; x_wconf 86' lang='lat' dir='ltr'>nave</span> <span class='ocrx_word' id='word_1_56' title='bbox 2211 800 2298 852; x_wconf 90' lang='lat' dir='ltr'>ipsa</span> 
     </span>
     <span class='ocr_line' id='line_1_8' title="bbox 266 864 2297 921; baseline -0.002 -13"><span class='ocrx_word' id='word_1_57' title='bbox 266 867 414 916; x_wconf 85' lang='lat' dir='ltr'>relicta,</span> <span class='ocrx_word' id='word_1_58' title='bbox 427 868 568 920; x_wconf 92' lang='lat' dir='ltr'>glaciei</span> <span class='ocrx_word' id='word_1_59' title='bbox 581 868 820 921; x_wconf 86' lang='lat' dir='ltr'>asperrimae</span> <span class='ocrx_word' id='word_1_60' title='bbox 838 882 909 921; x_wconf 94' lang='lat' dir='ltr'>per</span> <span class='ocrx_word' id='word_1_61' title='bbox 928 868 1164 909; x_wconf 90' lang='lat' dir='ltr'>solitudines</span> <span class='ocrx_word' id='word_1_62' title='bbox 1184 867 1401 908; x_wconf 90' lang='lat' dir='ltr'>immensas</span> <span class='ocrx_word' id='word_1_63' title='bbox 1420 868 1610 908; x_wconf 85' lang='lat' dir='ltr'>audacter</span> <span class='ocrx_word' id='word_1_64' title='bbox 1628 865 1835 918; x_wconf 88' lang='lat' dir='ltr'>progressi,</span> <span class='ocrx_word' id='word_1_65' title='bbox 1852 865 1894 905; x_wconf 90' lang='lat' dir='ltr'>in</span> <span class='ocrx_word' id='word_1_66' title='bbox 1914 864 2116 917; x_wconf 89' lang='lat' dir='ltr'>regionem</span> <span class='ocrx_word' id='word_1_67' title='bbox 2132 865 2297 904; x_wconf 88' lang='lat' dir='ltr'>tandem</span> 
     </span>
     <span class='ocr_line' id='line_1_9' title="bbox 266 925 2298 982; baseline -0.003 -11"><span class='ocrx_word' id='word_1_68' title='bbox 266 937 532 982; x_wconf 88' lang='lat' dir='ltr'>pervenerunt</span> <span class='ocrx_word' id='word_1_69' title='bbox 559 930 667 972; x_wconf 91' lang='lat' dir='ltr'>orbis</span> <span class='ocrx_word' id='word_1_70' title='bbox 695 938 887 972; x_wconf 88' lang='lat' dir='ltr'>terrarum</span> <span class='ocrx_word' id='word_1_71' title='bbox 916 930 1052 971; x_wconf 90' lang='lat' dir='ltr'>vertici</span> <span class='ocrx_word' id='word_1_72' title='bbox 1080 930 1381 982; x_wconf 89' lang='lat' dir='ltr'>septentrionali</span> <span class='ocrx_word' id='word_1_73' title='bbox 1409 929 1644 982; x_wconf 89' lang='lat' dir='ltr'>proximam,</span> <span class='ocrx_word' id='word_1_74' title='bbox 1672 941 1754 980; x_wconf 93' lang='lat' dir='ltr'>quo</span> <span class='ocrx_word' id='word_1_75' title='bbox 1783 942 1831 968; x_wconf 91' lang='lat' dir='ltr'>ex</span> <span class='ocrx_word' id='word_1_76' title='bbox 1858 927 1946 980; x_wconf 89' lang='lat' dir='ltr'>ipsa</span> <span class='ocrx_word' id='word_1_77' title='bbox 1974 926 2115 967; x_wconf 91' lang='lat' dir='ltr'>mundi</span> <span class='ocrx_word' id='word_1_78' title='bbox 2148 925 2298 978; x_wconf 89' lang='lat' dir='ltr'>origine</span> 
     </span>
     <span class='ocr_line' id='line_1_10' title="bbox 266 990 2297 1046; baseline -0.001 -13"><span class='ocrx_word' id='word_1_79' title='bbox 266 994 377 1034; x_wconf 90' lang='lat' dir='ltr'>nulla</span> <span class='ocrx_word' id='word_1_80' title='bbox 395 993 606 1034; x_wconf 91' lang='lat' dir='ltr'>hominum</span> <span class='ocrx_word' id='word_1_81' title='bbox 625 993 790 1046; x_wconf 89' lang='lat' dir='ltr'>vestigia</span> <span class='ocrx_word' id='word_1_82' title='bbox 811 993 919 1046; x_wconf 92' lang='lat' dir='ltr'>prius</span> <span class='ocrx_word' id='word_1_83' title='bbox 943 1007 1136 1046; x_wconf 90' lang='lat' dir='ltr'>umquam</span> <span class='ocrx_word' id='word_1_84' title='bbox 1162 993 1514 1045; x_wconf 77' lang='lat' dir='ltr'>penetraverant⁴P</span> <span class='ocrx_word' id='word_1_85' title='bbox 1571 991 1703 1032; x_wconf 90' lang='lat' dir='ltr'>Etiam</span> <span class='ocrx_word' id='word_1_86' title='bbox 1729 991 1853 1032; x_wconf 85' lang='lat' dir='ltr'>arctoi</span> <span class='ocrx_word' id='word_1_87' title='bbox 1877 990 2007 1043; x_wconf 89' lang='lat' dir='ltr'>pelagi</span> <span class='ocrx_word' id='word_1_88' title='bbox 2026 998 2112 1031; x_wconf 91' lang='lat' dir='ltr'>tum</span> <span class='ocrx_word' id='word_1_89' title='bbox 2132 991 2297 1031; x_wconf 91' lang='lat' dir='ltr'>demum</span> 
     </span>
     <span class='ocr_line' id='line_1_11' title="bbox 267 1055 1479 1109; baseline 0 -12"><span class='ocrx_word' id='word_1_90' title='bbox 267 1055 455 1108; x_wconf 87' lang='lat' dir='ltr'>patefacti</span> <span class='ocrx_word' id='word_1_91' title='bbox 474 1057 526 1097; x_wconf 90' lang='lat' dir='ltr'>de</span> <span class='ocrx_word' id='word_1_92' title='bbox 546 1056 680 1097; x_wconf 86' lang='lat' dir='ltr'>navita</span> <span class='ocrx_word' id='word_1_93' title='bbox 698 1056 828 1109; x_wconf 88' lang='lat' dir='ltr'>primo</span> <span class='ocrx_word' id='word_1_94' title='bbox 849 1056 995 1097; x_wconf 89' lang='lat' dir='ltr'>Horati</span> <span class='ocrx_word' id='word_1_95' title='bbox 1015 1057 1136 1097; x_wconf 87' lang='lat' dir='ltr'>verba</span> <span class='ocrx_word' id='word_1_96' title='bbox 1155 1057 1247 1097; x_wconf 89' lang='lat' dir='ltr'>licet</span> <span class='ocrx_word' id='word_1_97' title='bbox 1267 1070 1479 1109; x_wconf 89' lang='lat' dir='ltr'>usurpare:</span> 
     </span>
    </p>
   </div>
   <div class='ocr_carea' id='block_1_5' title="bbox 868 1140 1687 1303">
    <p class='ocr_par' dir='ltr' id='par_1_5' title="bbox 868 1140 1687 1303">
     <span class='ocr_line' id='line_1_12' title="bbox 923 1140 1484 1193; baseline -0.002 -12"><span class='ocrx_word' id='word_1_98' title='bbox 923 1141 1002 1182; x_wconf 90' lang='lat' dir='ltr'>‘illi</span> <span class='ocrx_word' id='word_1_99' title='bbox 1030 1141 1152 1182; x_wconf 91' lang='lat' dir='ltr'>robur</span> <span class='ocrx_word' id='word_1_100' title='bbox 1178 1148 1219 1182; x_wconf 90' lang='lat' dir='ltr'>et</span> <span class='ocrx_word' id='word_1_101' title='bbox 1246 1154 1314 1182; x_wconf 89' lang='lat' dir='ltr'>aes</span> <span class='ocrx_word' id='word_1_102' title='bbox 1342 1140 1484 1193; x_wconf 87' lang='lat' dir='ltr'>triplex</span> 
     </span>
     <span class='ocr_line' id='line_1_13' title="bbox 868 1194 1687 1248; baseline -0.002 -12"><span class='ocrx_word' id='word_1_103' title='bbox 868 1195 973 1237; x_wconf 91' lang='lat' dir='ltr'>circa</span> <span class='ocrx_word' id='word_1_104' title='bbox 1000 1203 1141 1248; x_wconf 90' lang='lat' dir='ltr'>pectus</span> <span class='ocrx_word' id='word_1_105' title='bbox 1170 1202 1253 1236; x_wconf 88' lang='lat' dir='ltr'>erat</span> <span class='ocrx_word' id='word_1_106' title='bbox 1281 1195 1350 1248; x_wconf 93' lang='lat' dir='ltr'>qui</span> <span class='ocrx_word' id='word_1_107' title='bbox 1378 1195 1556 1248; x_wconf 90' lang='lat' dir='ltr'>fragilem</span> <span class='ocrx_word' id='word_1_108' title='bbox 1585 1194 1687 1235; x_wconf 88' lang='lat' dir='ltr'>truci</span> 
     </span>
     <span class='ocr_line' id='line_1_14' title="bbox 949 1249 1529 1303; baseline -0.003 -11"><span class='ocrx_word' id='word_1_109' title='bbox 949 1250 1151 1292; x_wconf 92' lang='lat' dir='ltr'>commisit</span> <span class='ocrx_word' id='word_1_110' title='bbox 1180 1252 1322 1303; x_wconf 88' lang='lat' dir='ltr'>pelago</span> <span class='ocrx_word' id='word_1_111' title='bbox 1351 1249 1529 1290; x_wconf 80' lang='lat' dir='ltr'>ratem&#39;⁵.</span> 
     </span>
    </p>
   </div>
   <div class='ocr_carea' id='block_1_6' title="bbox 268 1327 2302 1447">
    <p class='ocr_par' dir='ltr' id='par_1_6' title="bbox 268 1327 2302 1447">
     <span class='ocr_line' id='line_1_15' title="bbox 378 1327 2302 1384; baseline -0.002 -14"><span class='ocrx_word' id='word_1_112' title='bbox 378 1329 539 1371; x_wconf 88' lang='lat' dir='ltr'>Talium</span> <span class='ocrx_word' id='word_1_113' title='bbox 567 1330 740 1372; x_wconf 89' lang='lat' dir='ltr'>virorum</span> <span class='ocrx_word' id='word_1_114' title='bbox 768 1333 953 1384; x_wconf 89' lang='lat' dir='ltr'>exemplo</span> <span class='ocrx_word' id='word_1_115' title='bbox 981 1332 1178 1373; x_wconf 89' lang='lat' dir='ltr'>admoniti</span> <span class='ocrx_word' id='word_1_116' title='bbox 1211 1331 1403 1373; x_wconf 88' lang='lat' dir='ltr'>discimus</span> <span class='ocrx_word' id='word_1_117' title='bbox 1434 1331 1533 1371; x_wconf 91' lang='lat' dir='ltr'>nihil</span> <span class='ocrx_word' id='word_1_118' title='bbox 1564 1344 1766 1383; x_wconf 90' lang='lat' dir='ltr'>magnum,</span> <span class='ocrx_word' id='word_1_119' title='bbox 1794 1329 1893 1370; x_wconf 91' lang='lat' dir='ltr'>nihil</span> <span class='ocrx_word' id='word_1_120' title='bbox 1923 1328 2194 1378; x_wconf 88' lang='lat' dir='ltr'>memorabile,</span> <span class='ocrx_word' id='word_1_121' title='bbox 2226 1327 2302 1368; x_wconf 90' lang='lat' dir='ltr'>nisi</span> 
     </span>
     <span class='ocr_line' id='line_1_16' title="bbox 268 1391 2301 1447; baseline -0.001 -15"><span class='ocrx_word' id='word_1_122' title='bbox 268 1392 406 1433; x_wconf 87' lang='lat' dir='ltr'>labore</span> <span class='ocrx_word' id='word_1_123' title='bbox 424 1394 547 1446; x_wconf 91' lang='lat' dir='ltr'>longo</span> <span class='ocrx_word' id='word_1_124' title='bbox 565 1407 741 1446; x_wconf 85' lang='lat' dir='ltr'>curaque</span> <span class='ocrx_word' id='word_1_125' title='bbox 759 1394 916 1435; x_wconf 87' lang='lat' dir='ltr'>infinita</span> <span class='ocrx_word' id='word_1_126' title='bbox 933 1408 1052 1447; x_wconf 90' lang='lat' dir='ltr'>posse</span> <span class='ocrx_word' id='word_1_127' title='bbox 1071 1394 1219 1447; x_wconf 90' lang='lat' dir='ltr'>perfici.</span> <span class='ocrx_word' id='word_1_128' title='bbox 1277 1394 1438 1434; x_wconf 87' lang='lat' dir='ltr'>Talium</span> <span class='ocrx_word' id='word_1_129' title='bbox 1461 1393 1635 1434; x_wconf 87' lang='lat' dir='ltr'>virorum</span> <span class='ocrx_word' id='word_1_130' title='bbox 1657 1392 1699 1432; x_wconf 93' lang='lat' dir='ltr'>in</span> <span class='ocrx_word' id='word_1_131' title='bbox 1722 1392 1820 1433; x_wconf 94' lang='lat' dir='ltr'>orbe</span> <span class='ocrx_word' id='word_1_132' title='bbox 1842 1399 2032 1432; x_wconf 87' lang='lat' dir='ltr'>terrarum</span> <span class='ocrx_word' id='word_1_133' title='bbox 2056 1391 2301 1443; x_wconf 91' lang='lat' dir='ltr'>explorando</span> 
     </span>
    </p>
   </div>
   <div class='ocr_carea' id='block_1_7' title="bbox 270 1452 2303 1559">
    <p class='ocr_par' dir='ltr' id='par_1_7' title="bbox 270 1452 2303 1559">
     <span class='ocr_line' id='line_1_17' title="bbox 270 1452 2303 1509; baseline -0.001 -14"><span class='ocrx_word' id='word_1_134' title='bbox 270 1454 522 1507; x_wconf 87' lang='lat' dir='ltr'>providentia</span> <span class='ocrx_word' id='word_1_135' title='bbox 549 1463 589 1496; x_wconf 88' lang='lat' dir='ltr'>et</span> <span class='ocrx_word' id='word_1_136' title='bbox 619 1456 852 1498; x_wconf 89' lang='lat' dir='ltr'>fortitudine</span> <span class='ocrx_word' id='word_1_137' title='bbox 884 1457 1005 1498; x_wconf 90' lang='lat' dir='ltr'>verba</span> <span class='ocrx_word' id='word_1_138' title='bbox 1034 1462 1179 1509; x_wconf 74' lang='lat' dir='ltr'>poetae</span> <span class='ocrx_word' id='word_1_139' title='bbox 1208 1456 1385 1497; x_wconf 89' lang='lat' dir='ltr'>Romani</span> <span class='ocrx_word' id='word_1_140' title='bbox 1417 1457 1549 1497; x_wconf 88' lang='lat' dir='ltr'>futura</span> <span class='ocrx_word' id='word_1_141' title='bbox 1576 1454 1828 1496; x_wconf 87' lang='lat' dir='ltr'>vaticinantis</span> <span class='ocrx_word' id='word_1_142' title='bbox 1861 1455 1997 1495; x_wconf 91' lang='lat' dir='ltr'>denuo</span> <span class='ocrx_word' id='word_1_143' title='bbox 2027 1467 2119 1494; x_wconf 89' lang='lat' dir='ltr'>vera</span> <span class='ocrx_word' id='word_1_144' title='bbox 2147 1452 2303 1493; x_wconf 89' lang='lat' dir='ltr'>reddita</span> 
     </span>
     <span class='ocr_line' id='line_1_18' title="bbox 272 1524 446 1559; baseline 0.006 -1"><span class='ocrx_word' id='word_1_145' title='bbox 272 1524 366 1558; x_wconf 88' lang='lat' dir='ltr'>sunt</span> <span class='ocrx_word' id='word_1_146' title='bbox 381 1533 446 1559; x_wconf 91' lang='lat'>:—</span> 
     </span>
    </p>
   </div>
   <div class='ocr_carea' id='block_1_8' title="bbox 901 1589 1651 1850">
    <p class='ocr_par' dir='ltr' id='par_1_8' title="bbox 901 1589 1651 1850">
     <span class='ocr_line' id='line_1_19' title="bbox 901 1589 1542 1631; baseline -0.003 0"><span class='ocrx_word' id='word_1_147' title='bbox 901 1593 911 1612; x_wconf 92' lang='lat'>‘</span> <span class='ocrx_word' id='word_1_148' title='bbox 925 1590 1088 1631; x_wconf 91' lang='lat' dir='ltr'>venient</span> <span class='ocrx_word' id='word_1_149' title='bbox 1115 1590 1230 1631; x_wconf 84' lang='lat' dir='ltr'>annis</span> <span class='ocrx_word' id='word_1_150' title='bbox 1259 1592 1419 1631; x_wconf 86' lang='lat' dir='ltr'>saecula</span> <span class='ocrx_word' id='word_1_151' title='bbox 1447 1589 1542 1630; x_wconf 91' lang='lat' dir='ltr'>seris</span> 
     </span>
     <span class='ocr_line' id='line_1_20' title="bbox 926 1645 1622 1698; baseline -0.003 -12"><span class='ocrx_word' id='word_1_152' title='bbox 926 1645 1072 1698; x_wconf 91' lang='lat' dir='ltr'>quibus</span> <span class='ocrx_word' id='word_1_153' title='bbox 1101 1659 1276 1686; x_wconf 88' lang='lat' dir='ltr'>oceanus</span> <span class='ocrx_word' id='word_1_154' title='bbox 1304 1645 1463 1685; x_wconf 91' lang='lat' dir='ltr'>vincula</span> <span class='ocrx_word' id='word_1_155' title='bbox 1491 1659 1622 1685; x_wconf 88' lang='lat' dir='ltr'>rerum</span> 
     </span>
     <span class='ocr_line' id='line_1_21' title="bbox 926 1700 1588 1752; baseline -0.002 -13"><span class='ocrx_word' id='word_1_156' title='bbox 926 1701 1032 1741; x_wconf 89' lang='lat' dir='ltr'>laxet</span> <span class='ocrx_word' id='word_1_157' title='bbox 1060 1707 1100 1741; x_wconf 91' lang='lat' dir='ltr'>et</span> <span class='ocrx_word' id='word_1_158' title='bbox 1128 1700 1269 1752; x_wconf 90' lang='lat' dir='ltr'>ingens</span> <span class='ocrx_word' id='word_1_159' title='bbox 1297 1707 1431 1752; x_wconf 89' lang='lat' dir='ltr'>pateat</span> <span class='ocrx_word' id='word_1_160' title='bbox 1459 1701 1588 1749; x_wconf 91' lang='lat' dir='ltr'>tellus,</span> 
     </span>
     <span class='ocr_line' id='line_1_22' title="bbox 925 1754 1651 1807; baseline 0 -13"><span class='ocrx_word' id='word_1_161' title='bbox 925 1756 1160 1807; x_wconf 90' lang='lat' dir='ltr'>Tethysque</span> <span class='ocrx_word' id='word_1_162' title='bbox 1188 1768 1315 1795; x_wconf 89' lang='lat' dir='ltr'>novos</span> <span class='ocrx_word' id='word_1_163' title='bbox 1344 1756 1505 1806; x_wconf 89' lang='lat' dir='ltr'>detegat</span> <span class='ocrx_word' id='word_1_164' title='bbox 1533 1754 1651 1794; x_wconf 89' lang='lat' dir='ltr'>orbes</span> 
     </span>
     <span class='ocr_line' id='line_1_23' title="bbox 926 1809 1601 1850; baseline -0.001 -1"><span class='ocrx_word' id='word_1_165' title='bbox 926 1823 1002 1850; x_wconf 89' lang='lat' dir='ltr'>nec</span> <span class='ocrx_word' id='word_1_166' title='bbox 1031 1809 1081 1849; x_wconf 90' lang='lat' dir='ltr'>sit</span> <span class='ocrx_word' id='word_1_167' title='bbox 1110 1809 1220 1850; x_wconf 89' lang='lat' dir='ltr'>terris</span> <span class='ocrx_word' id='word_1_168' title='bbox 1249 1809 1390 1850; x_wconf 87' lang='lat' dir='ltr'>ultima</span> <span class='ocrx_word' id='word_1_169' title='bbox 1418 1809 1601 1849; x_wconf 80' lang='lat' dir='ltr'>Thule’⁸.</span> 
     </span>
    </p>
   </div>
   <div class='ocr_carea' id='block_1_9' title="bbox 384 1894 1124 1944">
    <p class='ocr_par' dir='ltr' id='par_1_9' title="bbox 384 1894 1124 1944">
     <span class='ocr_line' id='line_1_24' title="bbox 384 1894 1124 1944; baseline 0.001 -11"><span class='ocrx_word' id='word_1_170' title='bbox 384 1894 504 1935; x_wconf 89' lang='lat' dir='ltr'>Duco</span> <span class='ocrx_word' id='word_1_171' title='bbox 522 1895 576 1936; x_wconf 89' lang='lat' dir='ltr'>ad</span> <span class='ocrx_word' id='word_1_172' title='bbox 594 1908 665 1936; x_wconf 90' lang='lat' dir='ltr'>vos</span> <span class='ocrx_word' id='word_1_173' title='bbox 686 1896 899 1944; x_wconf 71' lang='lat' dir='ltr'>FRmTJoF</span> <span class='ocrx_word' id='word_1_174' title='bbox 928 1896 1124 1936; x_wconf 83' lang='lat' dir='ltr'><strong>NANSEN.</strong></span> 
     </span>
    </p>
   </div>
   <div class='ocr_carea' id='block_1_10' title="bbox 1082 2058 1471 2125">
    <p class='ocr_par' dir='ltr' id='par_1_10' title="bbox 1082 2058 1471 2125">
     <span class='ocr_line' id='line_1_25' title="bbox 1082 2058 1471 2125; baseline 0 -19"><span class='ocrx_word' id='word_1_175' title='bbox 1082 2074 1141 2108; x_wconf 92' lang='lat'>10</span> <span class='ocrx_word' id='word_1_176' title='bbox 1165 2058 1308 2125; x_wconf 81' lang='lat' dir='ltr'>June</span> <span class='ocrx_word' id='word_1_177' title='bbox 1349 2060 1471 2120; x_wconf 87' lang='lat'>1897</span> 
     </span>
    </p>
   </div>
   <div class='ocr_carea' id='block_1_11' title="bbox 274 2182 2311 2806">
    <p class='ocr_par' dir='ltr' id='par_1_11' title="bbox 274 2182 2311 2806">
     <span class='ocr_line' id='line_1_26' title="bbox 384 2182 2308 2238; baseline -0.001 -14"><span class='ocrx_word' id='word_1_178' title='bbox 384 2183 500 2238; x_wconf 86' lang='lat'><em>(262)</em></span> <span class='ocrx_word' id='word_1_179' title='bbox 520 2185 784 2226; x_wconf 74' lang='lat' dir='ltr'>Occmmms</span> <span class='ocrx_word' id='word_1_180' title='bbox 813 2185 855 2226; x_wconf 91' lang='lat' dir='ltr'>in</span> <span class='ocrx_word' id='word_1_181' title='bbox 884 2185 974 2226; x_wconf 89' lang='lat' dir='ltr'>sinu</span> <span class='ocrx_word' id='word_1_182' title='bbox 1003 2193 1169 2235; x_wconf 92' lang='lat' dir='ltr'>remoto,</span> <span class='ocrx_word' id='word_1_183' title='bbox 1198 2186 1418 2226; x_wconf 87' lang='lat' dir='ltr'>insularum</span> <span class='ocrx_word' id='word_1_184' title='bbox 1447 2192 1672 2226; x_wconf 86' lang='lat' dir='ltr'>nostrarum</span> <span class='ocrx_word' id='word_1_185' title='bbox 1701 2183 1815 2236; x_wconf 89' lang='lat' dir='ltr'>quasi</span> <span class='ocrx_word' id='word_1_186' title='bbox 1841 2183 1883 2223; x_wconf 91' lang='lat' dir='ltr'>in</span> <span class='ocrx_word' id='word_1_187' title='bbox 1911 2183 1999 2235; x_wconf 92' lang='lat' dir='ltr'>ipso</span> <span class='ocrx_word' id='word_1_188' title='bbox 2028 2182 2177 2232; x_wconf 87' lang='lat' dir='ltr'>limine,</span> <span class='ocrx_word' id='word_1_189' title='bbox 2206 2182 2308 2223; x_wconf 90' lang='lat' dir='ltr'>iacet</span> 
     </span>
     <span class='ocr_line' id='line_1_27' title="bbox 274 2247 2308 2302; baseline 0 -14"><span class='ocrx_word' id='word_1_190' title='bbox 274 2247 405 2289; x_wconf 89' lang='lat' dir='ltr'>insula</span> <span class='ocrx_word' id='word_1_191' title='bbox 422 2262 447 2289; x_wconf 86' lang='lat' dir='ltr'>a</span> <span class='ocrx_word' id='word_1_192' title='bbox 467 2247 759 2300; x_wconf 92' lang='lat' dir='ltr'>Christophoro</span> <span class='ocrx_word' id='word_1_193' title='bbox 780 2249 984 2290; x_wconf 92' lang='lat' dir='ltr'>Columbo</span> <span class='ocrx_word' id='word_1_194' title='bbox 1004 2249 1152 2289; x_wconf 89' lang='lat' dir='ltr'>abhinc</span> <span class='ocrx_word' id='word_1_195' title='bbox 1172 2263 1300 2290; x_wconf 87' lang='lat' dir='ltr'>annos</span> <span class='ocrx_word' id='word_1_196' title='bbox 1316 2249 1630 2302; x_wconf 89' lang='lat' dir='ltr'>quadringentos</span> <span class='ocrx_word' id='word_1_197' title='bbox 1645 2248 1819 2300; x_wconf 90' lang='lat' dir='ltr'>primum</span> <span class='ocrx_word' id='word_1_198' title='bbox 1839 2249 2008 2297; x_wconf 86' lang='lat' dir='ltr'>detecta,</span> <span class='ocrx_word' id='word_1_199' title='bbox 2030 2255 2167 2291; x_wconf 79' lang='lat' dir='ltr'>etnon</span> <span class='ocrx_word' id='word_1_200' title='bbox 2184 2249 2308 2288; x_wconf 88' lang='lat' dir='ltr'>modo</span> 
     </span>
     <span class='ocr_line' id='line_1_28' title="bbox 276 2311 2309 2365; baseline 0 -14"><span class='ocrx_word' id='word_1_201' title='bbox 276 2311 388 2352; x_wconf 87' lang='lat' dir='ltr'>navis</span> <span class='ocrx_word' id='word_1_202' title='bbox 421 2325 516 2351; x_wconf 89' lang='lat' dir='ltr'>suae</span> <span class='ocrx_word' id='word_1_203' title='bbox 549 2325 598 2351; x_wconf 93' lang='lat' dir='ltr'>ex</span> <span class='ocrx_word' id='word_1_204' title='bbox 630 2311 807 2359; x_wconf 89' lang='lat' dir='ltr'>nomine,</span> <span class='ocrx_word' id='word_1_205' title='bbox 842 2313 914 2352; x_wconf 91' lang='lat' dir='ltr'>sed</span> <span class='ocrx_word' id='word_1_206' title='bbox 947 2312 1068 2352; x_wconf 88' lang='lat' dir='ltr'>etiam</span> <span class='ocrx_word' id='word_1_207' title='bbox 1102 2312 1295 2353; x_wconf 88' lang='lat' dir='ltr'>ecclesiae</span> <span class='ocrx_word' id='word_1_208' title='bbox 1325 2312 1565 2353; x_wconf 88' lang='lat' dir='ltr'>cathedralis</span> <span class='ocrx_word' id='word_1_209' title='bbox 1599 2312 1852 2365; x_wconf 90' lang='lat' dir='ltr'>Hispalensis</span> <span class='ocrx_word' id='word_1_210' title='bbox 1883 2326 1906 2353; x_wconf 94' lang='lat' dir='ltr'>e</span> <span class='ocrx_word' id='word_1_211' title='bbox 1936 2313 2084 2352; x_wconf 89' lang='lat' dir='ltr'>sacello</span> <span class='ocrx_word' id='word_1_212' title='bbox 2116 2313 2309 2364; x_wconf 89' lang='lat' dir='ltr'>quodam,</span> 
     </span>
     <span class='ocr_line' id='line_1_29' title="bbox 277 2374 2306 2428; baseline 0 -14"><span class='ocrx_word' id='word_1_213' title='bbox 277 2375 424 2415; x_wconf 86' lang='lat' dir='ltr'>Sancta</span> <span class='ocrx_word' id='word_1_214' title='bbox 442 2375 587 2415; x_wconf 76' lang='lat' dir='ltr'>Maria</span> <span class='ocrx_word' id='word_1_215' title='bbox 607 2376 798 2426; x_wconf 81' lang='lat' dir='ltr'>Antiqua,</span> <span class='ocrx_word' id='word_1_216' title='bbox 819 2377 883 2415; x_wconf 91' lang='lat' dir='ltr'>vel</span> <span class='ocrx_word' id='word_1_217' title='bbox 903 2374 964 2428; x_wconf 90' lang='lat' dir='ltr'>(ut</span> <span class='ocrx_word' id='word_1_218' title='bbox 985 2375 1212 2427; x_wconf 87' lang='lat' dir='ltr'>Hispanico</span> <span class='ocrx_word' id='word_1_219' title='bbox 1231 2375 1396 2416; x_wconf 91' lang='lat' dir='ltr'>nomine</span> <span class='ocrx_word' id='word_1_220' title='bbox 1415 2375 1596 2416; x_wconf 90' lang='lat' dir='ltr'>breviore</span> <span class='ocrx_word' id='word_1_221' title='bbox 1615 2375 1720 2428; x_wconf 87' lang='lat' dir='ltr'>utar)</span> <span class='ocrx_word' id='word_1_222' title='bbox 1741 2377 1779 2415; x_wconf 87' lang='lat' dir='ltr'><em>A</em></span> <span class='ocrx_word' id='word_1_223' title='bbox 1784 2377 1922 2427; x_wconf 58' lang='lat' dir='ltr'>nttgua</span> <span class='ocrx_word' id='word_1_224' title='bbox 1942 2382 2183 2427; x_wconf 88' lang='lat' dir='ltr'>nuncupata.</span> <span class='ocrx_word' id='word_1_225' title='bbox 2231 2374 2306 2423; x_wconf 93' lang='lat' dir='ltr'>Ibi,</span> 
     </span>
     <span class='ocr_line' id='line_1_30' title="bbox 276 2437 2311 2491; baseline 0 -14"><span class='ocrx_word' id='word_1_226' title='bbox 276 2437 495 2478; x_wconf 89' lang='lat' dir='ltr'>insularum</span> <span class='ocrx_word' id='word_1_227' title='bbox 514 2438 604 2490; x_wconf 92' lang='lat' dir='ltr'>plus</span> <span class='ocrx_word' id='word_1_228' title='bbox 624 2451 746 2490; x_wconf 90' lang='lat' dir='ltr'>quam</span> <span class='ocrx_word' id='word_1_229' title='bbox 766 2438 910 2478; x_wconf 90' lang='lat' dir='ltr'>decem</span> <span class='ocrx_word' id='word_1_230' title='bbox 933 2440 1029 2479; x_wconf 90' lang='lat' dir='ltr'>sede</span> <span class='ocrx_word' id='word_1_231' title='bbox 1048 2439 1266 2491; x_wconf 88' lang='lat' dir='ltr'>episcopali</span> <span class='ocrx_word' id='word_1_232' title='bbox 1286 2439 1515 2488; x_wconf 86' lang='lat' dir='ltr'>constituta,</span> <span class='ocrx_word' id='word_1_233' title='bbox 1536 2439 1686 2479; x_wconf 91' lang='lat' dir='ltr'>abhinc</span> <span class='ocrx_word' id='word_1_234' title='bbox 1708 2453 1836 2480; x_wconf 88' lang='lat' dir='ltr'>annos</span> <span class='ocrx_word' id='word_1_235' title='bbox 1857 2439 2036 2491; x_wconf 93' lang='lat' dir='ltr'>quinque</span> <span class='ocrx_word' id='word_1_236' title='bbox 2056 2446 2096 2479; x_wconf 90' lang='lat' dir='ltr'>et</span> <span class='ocrx_word' id='word_1_237' title='bbox 2115 2439 2311 2491; x_wconf 91' lang='lat' dir='ltr'>quinqua-</span> 
     </span>
     <span class='ocr_line' id='line_1_31' title="bbox 277 2500 2308 2553; baseline 0.001 -13"><span class='ocrx_word' id='word_1_238' title='bbox 277 2500 388 2553; x_wconf 86' lang='lat' dir='ltr'>ginta</span> <span class='ocrx_word' id='word_1_239' title='bbox 421 2500 633 2553; x_wconf 89' lang='lat' dir='ltr'>episcopus</span> <span class='ocrx_word' id='word_1_240' title='bbox 663 2500 814 2552; x_wconf 84' lang='lat' dir='ltr'>primus</span> <span class='ocrx_word' id='word_1_241' title='bbox 845 2509 1100 2542; x_wconf 89' lang='lat' dir='ltr'>consecratus</span> <span class='ocrx_word' id='word_1_242' title='bbox 1134 2509 1205 2542; x_wconf 71' lang='lat' dir='ltr'>est·</span> <span class='ocrx_word' id='word_1_243' title='bbox 1264 2502 1404 2542; x_wconf 92' lang='lat' dir='ltr'>Hodie</span> <span class='ocrx_word' id='word_1_244' title='bbox 1437 2516 1532 2543; x_wconf 91' lang='lat' dir='ltr'>vero</span> <span class='ocrx_word' id='word_1_245' title='bbox 1562 2516 1611 2543; x_wconf 90' lang='lat' dir='ltr'>ex</span> <span class='ocrx_word' id='word_1_246' title='bbox 1647 2503 1819 2543; x_wconf 91' lang='lat' dir='ltr'>alumnis</span> <span class='ocrx_word' id='word_1_247' title='bbox 1852 2503 1997 2543; x_wconf 91' lang='lat' dir='ltr'>nostris</span> <span class='ocrx_word' id='word_1_248' title='bbox 2028 2517 2165 2551; x_wconf 90' lang='lat' dir='ltr'>unum,</span> <span class='ocrx_word' id='word_1_249' title='bbox 2202 2502 2308 2542; x_wconf 90' lang='lat' dir='ltr'>sedis</span> 
     </span>
     <span class='ocr_line' id='line_1_32' title="bbox 278 2562 2309 2615; baseline 0 -12"><span class='ocrx_word' id='word_1_250' title='bbox 278 2562 460 2604; x_wconf 90' lang='lat' dir='ltr'>eiusdem</span> <span class='ocrx_word' id='word_1_251' title='bbox 489 2562 724 2615; x_wconf 92' lang='lat' dir='ltr'>episcopum</span> <span class='ocrx_word' id='word_1_252' title='bbox 753 2562 939 2614; x_wconf 86' lang='lat' dir='ltr'>quintum</span> <span class='ocrx_word' id='word_1_253' title='bbox 969 2577 1096 2615; x_wconf 91' lang='lat' dir='ltr'>nuper</span> <span class='ocrx_word' id='word_1_254' title='bbox 1124 2566 1308 2612; x_wconf 90' lang='lat' dir='ltr'>electum,</span> <span class='ocrx_word' id='word_1_255' title='bbox 1338 2565 1507 2605; x_wconf 87' lang='lat' dir='ltr'>Senatus</span> <span class='ocrx_word' id='word_1_256' title='bbox 1537 2564 1701 2605; x_wconf 90' lang='lat' dir='ltr'>nomine</span> <span class='ocrx_word' id='word_1_257' title='bbox 1729 2564 1900 2605; x_wconf 90' lang='lat' dir='ltr'>libenter</span> <span class='ocrx_word' id='word_1_258' title='bbox 1927 2566 2156 2613; x_wconf 88' lang='lat' dir='ltr'>salutamus,</span> <span class='ocrx_word' id='word_1_259' title='bbox 2181 2565 2309 2605; x_wconf 90' lang='lat' dir='ltr'>virum</span> 
     </span>
     <span class='ocr_line' id='line_1_33' title="bbox 277 2626 2309 2680; baseline 0 -12"><span class='ocrx_word' id='word_1_260' title='bbox 277 2626 481 2668; x_wconf 87' lang='lat' dir='ltr'>laboribus</span> <span class='ocrx_word' id='word_1_261' title='bbox 507 2627 627 2668; x_wconf 89' lang='lat' dir='ltr'>sacris</span> <span class='ocrx_word' id='word_1_262' title='bbox 656 2627 776 2667; x_wconf 87' lang='lat' dir='ltr'>etiam</span> <span class='ocrx_word' id='word_1_263' title='bbox 805 2627 847 2667; x_wconf 90' lang='lat' dir='ltr'>in</span> <span class='ocrx_word' id='word_1_264' title='bbox 876 2628 1100 2669; x_wconf 91' lang='lat' dir='ltr'>Caledonia</span> <span class='ocrx_word' id='word_1_265' title='bbox 1127 2635 1168 2668; x_wconf 91' lang='lat' dir='ltr'>et</span> <span class='ocrx_word' id='word_1_266' title='bbox 1195 2627 1406 2668; x_wconf 87' lang='lat' dir='ltr'>Americae</span> <span class='ocrx_word' id='word_1_267' title='bbox 1434 2628 1763 2680; x_wconf 88' lang='lat' dir='ltr'>Septentrionalis</span> <span class='ocrx_word' id='word_1_268' title='bbox 1791 2628 1833 2667; x_wconf 92' lang='lat' dir='ltr'>in</span> <span class='ocrx_word' id='word_1_269' title='bbox 1861 2628 2060 2679; x_wconf 85' lang='lat' dir='ltr'>partibus⁷</span> <span class='ocrx_word' id='word_1_270' title='bbox 2085 2634 2309 2679; x_wconf 87' lang='lat' dir='ltr'>spectatum</span> 
     </span>
     <span class='ocr_line' id='line_1_34' title="bbox 277 2690 2308 2744; baseline -0 -12"><span class='ocrx_word' id='word_1_271' title='bbox 277 2690 584 2744; x_wconf 88' lang='lat' dir='ltr'>probatumque,</span> <span class='ocrx_word' id='word_1_272' title='bbox 605 2690 675 2742; x_wconf 91' lang='lat' dir='ltr'>qui</span> <span class='ocrx_word' id='word_1_273' title='bbox 699 2692 752 2731; x_wconf 89' lang='lat' dir='ltr'>ad</span> <span class='ocrx_word' id='word_1_274' title='bbox 779 2705 925 2731; x_wconf 91' lang='lat' dir='ltr'>munus</span> <span class='ocrx_word' id='word_1_275' title='bbox 948 2699 1030 2732; x_wconf 91' lang='lat' dir='ltr'>tam</span> <span class='ocrx_word' id='word_1_276' title='bbox 1057 2691 1335 2741; x_wconf 90' lang='lat' dir='ltr'>honorificum,</span> <span class='ocrx_word' id='word_1_277' title='bbox 1357 2699 1439 2732; x_wconf 87' lang='lat' dir='ltr'>tam</span> <span class='ocrx_word' id='word_1_278' title='bbox 1466 2692 1721 2742; x_wconf 91' lang='lat' dir='ltr'>laboriosum,</span> <span class='ocrx_word' id='word_1_279' title='bbox 1749 2692 1938 2733; x_wconf 89' lang='lat' dir='ltr'>divinitus</span> <span class='ocrx_word' id='word_1_280' title='bbox 1964 2699 2140 2741; x_wconf 91' lang='lat' dir='ltr'>vocatus,</span> <span class='ocrx_word' id='word_1_281' title='bbox 2166 2704 2308 2732; x_wconf 90' lang='lat' dir='ltr'>vocem</span> 
     </span>
     <span class='ocr_line' id='line_1_35' title="bbox 279 2752 1913 2806; baseline -0.001 -12"><span class='ocrx_word' id='word_1_282' title='bbox 279 2752 459 2794; x_wconf 85' lang='lat' dir='ltr'>vocantis</span> <span class='ocrx_word' id='word_1_283' title='bbox 478 2753 663 2805; x_wconf 91' lang='lat' dir='ltr'>persequi</span> <span class='ocrx_word' id='word_1_284' title='bbox 682 2760 742 2794; x_wconf 92' lang='lat' dir='ltr'>est</span> <span class='ocrx_word' id='word_1_285' title='bbox 761 2760 930 2805; x_wconf 89' lang='lat' dir='ltr'>paratus,</span> <span class='ocrx_word' id='word_1_286' title='bbox 956 2758 965 2776; x_wconf 94' lang='lat'>‘</span> <span class='ocrx_word' id='word_1_287' title='bbox 978 2755 1040 2794; x_wconf 90' lang='lat' dir='ltr'>vel</span> <span class='ocrx_word' id='word_1_288' title='bbox 1060 2754 1282 2795; x_wconf 92' lang='lat' dir='ltr'>occidentis</span> <span class='ocrx_word' id='word_1_289' title='bbox 1302 2768 1429 2806; x_wconf 91' lang='lat' dir='ltr'>usque</span> <span class='ocrx_word' id='word_1_290' title='bbox 1448 2756 1500 2795; x_wconf 92' lang='lat' dir='ltr'>ad</span> <span class='ocrx_word' id='word_1_291' title='bbox 1520 2755 1705 2795; x_wconf 89' lang='lat' dir='ltr'>ultimum</span> <span class='ocrx_word' id='word_1_292' title='bbox 1726 2755 1858 2795; x_wconf 91' lang='lat' dir='ltr'>sinum</span> <span class='ocrx_word' id='word_1_293' title='bbox 1871 2754 1913 2793; x_wconf 83' lang='lat'>&#39;⁸.</span> 
     </span>
    </p>
   </div>
   <div class='ocr_carea' id='block_1_12' title="bbox 283 2814 2309 2918">
    <p class='ocr_par' dir='ltr' id='par_1_12' title="bbox 283 2814 2309 2918">
     <span class='ocr_line' id='line_1_36' title="bbox 388 2814 2309 2869; baseline 0 -13"><span class='ocrx_word' id='word_1_294' title='bbox 388 2814 518 2856; x_wconf 87' lang='lat' dir='ltr'>Vobis</span> <span class='ocrx_word' id='word_1_295' title='bbox 532 2823 743 2868; x_wconf 88' lang='lat' dir='ltr'>praesento</span> <span class='ocrx_word' id='word_1_296' title='bbox 758 2815 886 2856; x_wconf 90' lang='lat' dir='ltr'>virum</span> <span class='ocrx_word' id='word_1_297' title='bbox 900 2816 1124 2857; x_wconf 91' lang='lat' dir='ltr'>admodum</span> <span class='ocrx_word' id='word_1_298' title='bbox 1139 2817 1413 2866; x_wconf 89' lang='lat' dir='ltr'>reverendum,</span> <span class='ocrx_word' id='word_1_299' title='bbox 1428 2816 1633 2857; x_wconf 87' lang='lat' dir='ltr'>Trinitatis</span> <span class='ocrx_word' id='word_1_300' title='bbox 1650 2816 1819 2869; x_wconf 88' lang='lat' dir='ltr'>Collegii</span> <span class='ocrx_word' id='word_1_301' title='bbox 1832 2817 2039 2868; x_wconf 89' lang='lat' dir='ltr'>quondam</span> <span class='ocrx_word' id='word_1_302' title='bbox 2055 2815 2309 2868; x_wconf 89' lang='lat' dir='ltr'>discipulum,</span> 
     </span>
     <span class='ocr_line' id='line_1_37' title="bbox 283 2879 790 2918; baseline 0 0"><span class='ocrx_word' id='word_1_303' title='bbox 283 2879 563 2918; x_wconf 78' lang='lat' dir='ltr'><strong>HERBERTUM</strong></span> <span class='ocrx_word' id='word_1_304' title='bbox 585 2879 790 2918; x_wconf 80' lang='lat' dir='ltr'>MATHER.</span> 
     </span>
    </p>
   </div>
   <div class='ocr_carea' id='block_1_13' title="bbox 286 3071 2310 3205">
    <p class='ocr_par' dir='ltr' id='par_1_13' title="bbox 286 3071 2310 3205">
     <span class='ocr_line' id='line_1_38' title="bbox 371 3071 2310 3125; baseline -0.003 -17"><span class='ocrx_word' id='word_1_305' title='bbox 371 3072 384 3094; x_wconf 84' lang='lat'>¹</span> <span class='ocrx_word' id='word_1_306' title='bbox 407 3074 552 3117; x_wconf 89' lang='lat' dir='ltr'>Captain</span> <span class='ocrx_word' id='word_1_307' title='bbox 569 3074 747 3125; x_wconf 90' lang='lat' dir='ltr'>Sverdrup.</span> <span class='ocrx_word' id='word_1_308' title='bbox 920 3073 935 3095; x_wconf 81' lang='lat'>²</span> <span class='ocrx_word' id='word_1_309' title='bbox 956 3075 1031 3108; x_wconf 88' lang='lat' dir='ltr'><em>Ecl.</em></span> <span class='ocrx_word' id='word_1_310' title='bbox 1050 3075 1085 3107; x_wconf 89' lang='lat' dir='ltr'>iv</span> <span class='ocrx_word' id='word_1_311' title='bbox 1101 3085 1153 3117; x_wconf 83' lang='lat'>34.</span> <span class='ocrx_word' id='word_1_312' title='bbox 1194 3118 1200 3125; x_wconf 38' lang='grc' dir='ltr'>ι</span> <span class='ocrx_word' id='word_1_313' title='bbox 1324 3073 1339 3096; x_wconf 82' lang='lat'>³</span> <span class='ocrx_word' id='word_1_314' title='bbox 1362 3074 1501 3107; x_wconf 88' lang='lat' dir='ltr'>Nansen</span> <span class='ocrx_word' id='word_1_315' title='bbox 1517 3073 1583 3106; x_wconf 83' lang='lat' dir='ltr'>and</span> <span class='ocrx_word' id='word_1_316' title='bbox 1599 3072 1807 3116; x_wconf 88' lang='lat' dir='ltr'>Johannsen.</span> <span class='ocrx_word' id='word_1_317' title='bbox 1979 3071 1994 3094; x_wconf 80' lang='lat'>⁴¹</span> <span class='ocrx_word' id='word_1_318' title='bbox 2016 3071 2174 3104; x_wconf 79' lang='lat' dir='ltr'>Farthest</span> <span class='ocrx_word' id='word_1_319' title='bbox 2187 3071 2310 3108; x_wconf 77' lang='lat' dir='ltr'>North,</span> 
     </span>
     <span class='ocr_line' id='line_1_39' title="bbox 287 3115 2308 3162; baseline -0.001 -12"><span class='ocrx_word' id='word_1_320' title='bbox 287 3119 369 3160; x_wconf 84' lang='lat'>1897</span> <span class='ocrx_word' id='word_1_321' title='bbox 388 3117 460 3157; x_wconf 87' lang='lat'>(860</span> <span class='ocrx_word' id='word_1_322' title='bbox 478 3117 582 3160; x_wconf 84' lang='lat'>13·6&#39;;</span> <span class='ocrx_word' id='word_1_323' title='bbox 607 3118 628 3152; x_wconf 93' lang='lat'><strong>6</strong></span> <span class='ocrx_word' id='word_1_324' title='bbox 644 3118 754 3161; x_wconf 75' lang='lat' dir='ltr'>April,</span> <span class='ocrx_word' id='word_1_325' title='bbox 775 3118 882 3162; x_wconf 87' lang='lat'>1895).</span> <span class='ocrx_word' id='word_1_326' title='bbox 1017 3118 1031 3139; x_wconf 75' lang='lat'><strong>⁶</strong></span> <span class='ocrx_word' id='word_1_327' title='bbox 1058 3120 1171 3151; x_wconf 81' lang='lat' dir='ltr'>Carm.</span> <span class='ocrx_word' id='word_1_328' title='bbox 1191 3129 1202 3151; x_wconf 89' lang='grc' dir='ltr'>ι</span> <span class='ocrx_word' id='word_1_329' title='bbox 1220 3128 1251 3159; x_wconf 83' lang='lat'>3,</span> <span class='ocrx_word' id='word_1_330' title='bbox 1270 3129 1300 3160; x_wconf 89' lang='lat'>9.</span> <span class='ocrx_word' id='word_1_331' title='bbox 1423 3117 1437 3138; x_wconf 84' lang='lat'>⁶</span> <span class='ocrx_word' id='word_1_332' title='bbox 1461 3118 1600 3156; x_wconf 86' lang='lat' dir='ltr'>Seneca,</span> <span class='ocrx_word' id='word_1_333' title='bbox 1618 3117 1745 3156; x_wconf 82' lang='lat' dir='ltr'>Medea,</span> <span class='ocrx_word' id='word_1_334' title='bbox 1766 3118 1829 3159; x_wconf 82' lang='lat'>378</span> <span class='ocrx_word' id='word_1_335' title='bbox 1841 3117 1864 3149; x_wconf 87' lang='lat' dir='ltr'>f.</span> <span class='ocrx_word' id='word_1_336' title='bbox 1986 3115 2000 3139; x_wconf 87' lang='lat'>⁷</span> <span class='ocrx_word' id='word_1_337' title='bbox 2024 3115 2308 3154; x_wconf 80' lang='lat' dir='ltr'>Newsoundland,</span> 
     </span>
     <span class='ocr_line' id='line_1_40' title="bbox 286 3161 1386 3205; baseline 0 -11"><span class='ocrx_word' id='word_1_338' title='bbox 286 3162 386 3195; x_wconf 91' lang='lat' dir='ltr'>Nova</span> <span class='ocrx_word' id='word_1_339' title='bbox 402 3162 528 3203; x_wconf 86' lang='lat' dir='ltr'>Scotia‚</span> <span class='ocrx_word' id='word_1_340' title='bbox 546 3162 612 3195; x_wconf 85' lang='lat' dir='ltr'>and</span> <span class='ocrx_word' id='word_1_341' title='bbox 630 3163 818 3195; x_wconf 88' lang='lat' dir='ltr'>Inverness.</span> <span class='ocrx_word' id='word_1_342' title='bbox 950 3161 964 3183; x_wconf 68' lang='grc' dir='ltr'><strong>Β</strong></span> <span class='ocrx_word' id='word_1_343' title='bbox 988 3163 1136 3203; x_wconf 87' lang='lat' dir='ltr'>Horace,</span> <span class='ocrx_word' id='word_1_344' title='bbox 1154 3163 1260 3204; x_wconf 80' lang='lat' dir='ltr'>Epod.</span> <span class='ocrx_word' id='word_1_345' title='bbox 1285 3173 1310 3201; x_wconf 92' lang='lat'>1,</span> <span class='ocrx_word' id='word_1_346' title='bbox 1335 3173 1386 3205; x_wconf 82' lang='lat'>¹3·</span> 
     </span>
    </p>
   </div>
   <div class='ocr_carea' id='block_1_14' title="bbox 396 3245 2200 3286">
    <p class='ocr_par' dir='ltr' id='par_1_14' title="bbox 396 3245 2200 3286">
     <span class='ocr_line' id='line_1_41' title="bbox 396 3245 2200 3286; baseline -0.002 -12"><span class='ocrx_word' id='word_1_347' title='bbox 396 3246 427 3274; x_wconf 87' lang='lat' dir='ltr'>S.</span> <span class='ocrx_word' id='word_1_348' title='bbox 450 3246 480 3274; x_wconf 89' lang='lat' dir='ltr'>s.</span> <span class='ocrx_word' id='word_1_349' title='bbox 1268 3249 1343 3286; x_wconf 90' lang='lat'>129</span> <span class='ocrx_word' id='word_1_350' title='bbox 2155 3245 2200 3284; x_wconf 90' lang='lat'>17</span> 
     </span>
    </p>
   </div>
  </div>
 </body>
</html>
