2704 3770
889 326 947 392 J.
987 326 1053 376 E.
1094 325 1146 374 C.
1199 325 1431 375 Welldon.
1502 324 1650 374 Lord
1679 325 1965 373 Kz'tclzener.

427 471 617 512 laicorum
644 472 822 513 fidelium
845 472 975 512 ordini
1001 471 1201 524 privilegia
1227 473 1339 522 plura
1361 478 1473 522 putat
1496 484 1582 511 esse
1605 471 1876 510 concedenda.
1934 469 2096 509 Abhinc
2119 468 2437 520 quinquennium

427 532 578 585 oppido
598 533 698 573 inter
719 533 1039 573 Lancastrienses
1060 532 1241 572 Ecclesio
1263 532 1467 571 nominato
1488 532 1528 570 in
1549 531 1666 571 rebus
1686 530 1805 570 sacris
1825 530 2101 582 praepositus¹‚
2116 543 2241 582 nuper
2260 529 2438 581 episcopi

429 595 593 635 nomine
630 595 820 647 episcopo
858 594 1109 634 Wintonensi
1146 594 1303 634 adiutor
1333 595 1449 633 datus
1482 600 1552 632 est.
1615 591 1906 644 Episcoporum
1944 593 2056 639 ordo,
2094 593 2172 631 hoc
2209 590 2438 643 praesertim

428 664 617 708 tempore,
639 656 741 697 inter
758 656 959 696 adiutores
979 669 1072 695 suos
1092 655 1194 695 viros
1213 656 1332 695 fortes
1352 662 1392 695 et
1415 655 1552 694 fideles
1576 653 1693 693 etiam
1719 655 1849 704 plures
1873 653 2095 702 desiderat3
2122 654 2308 692 alumnus
2332 659 2438 693 certe

427 725 574 766 noster,
594 718 650 757 vir
669 719 778 758 fortis
798 725 837 758 et
857 717 995 766 fidelis,
1018 717 1171 757 muneri
1191 724 1271 756 tarn
1290 716 1397 768 gravi
1416 715 1655 767 designatus,
1677 715 1796 754 verba
1816 727 2034 765 numquam
2055 713 2318 763 obliviscetur,
2335 727 2439 765 quae

429 780 607 832 Collegii,
629 781 693 820 cui
715 781 905 832 Magister
923 787 1016 828 erat,
1039 792 1156 831 supra
1175 786 1330 830 portam
1349 785 1540 830 apparent
1556 792 1563 816 :
1593 776 1750 827 στήκετε
1769 779 1807 816 ἐν
1825 778 1874 827 τῇ
1892 777 2037 815 πίστει·
2068 775 2316 826 ἀνδρίζεσθθ.

536 845 654 883 Duco
680 845 734 883 ad
761 857 832 883 vos
861 843 986 883 virum
1015 842 1290 883 honorabilem
1319 849 1358 881 et
1383 842 1642 881 reverendum
1672 841 1927 879 ARTHURUM
1957 841 2136 879 TEMPLE
2166 841 2432 887 LvTTELToN‚

428 904 660 957 episcopum
681 906 1115 956 Southamptonensem
1134 903 1396 955 designatum.

534 1018 647 1071 (304)
681 1019 905 1058 Salutamus
943 1017 1132 1069 deinceps
1166 1016 1334 1068 Collegii
1368 1016 1527 1068 Regalis
1561 1012 1669 1056 haud
1702 1015 1755 1055 ita
1788 1015 1942 1068 pridem
1976 1015 2141 1063 socium,
2176 1015 2302 1056 virum
2335 1015 2438 1056 inter

427 1081 600 1132 insignes
629 1080 833 1121 doctrinae
862 1081 977 1120 sedes
1004 1093 1074 1131 per
1102 1079 1222 1119 vitam
1252 1093 1375 1131 prope
1403 1087 1528 1119 totam
1557 1086 1765 1128 versatum,
1795 1081 2018 1119 scholarum
2047 1079 2088 1119 in
2117 1080 2257 1119 umbra
2286 1086 2434 1128 natum,

428 1143 467 1182 in
489 1144 624 1183 schola
650 1142 841 1183 Etonensi
865 1143 1090 1190 educatum,
1113 1143 1272 1182 scholae
1298 1141 1555 1181 Harroviensi
1578 1155 1647 1193 per
1669 1155 1796 1182 annos
1822 1142 2012 1182 tredecim
2037 1156 2179 1194 magna
2201 1156 2293 1182 cum
2320 1143 2439 1182 laude

427 1204 707 1257 praepositum,
730 1203 854 1244 virum
877 1204 1071 1243 Indorum
1090 1202 1225 1254 lingua
1243 1216 1353 1243 sacra
1373 1202 1465 1255 (nisi
1485 1202 1614 1255 fallor)
1634 1202 1844 1252 imbutum,
1867 1203 1992 1243 virum
2013 1203 2313 1244 humanioribus
2332 1210 2438 1244 certe

427 1268 564 1308 litteris
584 1267 814 1319 praesertim
833 1268 1045 1307 excultum.
1104 1267 1328 1306 Salutamus
1345 1266 1566 1306 Aristotelis
1582 1265 1827 1314 Ethicorum,
1846 1266 2113 1314 Politicorum,
2132 1265 2438 1306 Rhetoricorum

428 1330 693 1381 interpretem,
716 1329 784 1379 qui
810 1342 932 1379 opera
958 1328 1023 1367 illa
1049 1328 1120 1367 tria
1144 1327 1332 1378 deinceps
1357 1340 1430 1367 suo
1456 1328 1639 1377 exemplo
1664 1326 1869 1366 illustravit
1882 1341 1893 1375 3
1923 1326 2003 1378 qui,
2026 1340 2180 1367 morum
2207 1327 2439 1379 disciplinae

428 1392 598 1441 deditus,
620 1391 833 1431 iuventutis
853 1399 893 1431 et
915 1390 1105 1442 pueritiae
1128 1390 1249 1430 vitam
1274 1403 1483 1441 moresque
1506 1397 1545 1429 et
1567 1397 1674 1429 tutor
1697 1397 1736 1429 et
1760 1389 1944 1440 magister
1967 1390 2172 1439 formavit3
2199 1390 2278 1441 qui,
2298 1391 2352 1430 ad
2377 1402 2438 1430 res

427 1453 607 1506 publicas
621 1453 820 1505 paulisper
832 1460 1006 1501 vocatus,
1022 1451 1373 1491 deliberationibus
1390 1450 1541 1502 magnis
1557 1452 1608 1490 de
1621 1450 1841 1490 Academia
1857 1449 2117 1490 Londiniensi
2132 1451 2307 1491 interfuit
2322 1466 2333 1500 ;
2356 1451 2436 1503 qui,

428 1515 679 1567 eloquentiae
702 1515 876 1566 denique
900 1514 1111 1561 studiosus,
1135 1514 1339 1553 doctrinae
1359 1514 1399 1552 in
1420 1514 1515 1553 sede
1534 1515 1623 1565 plus
1643 1526 1762 1564 quam
1789 1526 1869 1552 una
1888 1512 1999 1553 dedit
2018 1514 2171 1565 egregia
2189 1514 2440 1565 eloquentiae

428 1592 561 1618 sacrae
589 1579 843 1618 documenta.
904 1576 1144 1617 Meministis
1174 1575 1281 1627 quali
1309 1575 1538 1628 eloquentia
1566 1575 1607 1615 in
1636 1576 1786 1627 templo
1814 1575 1946 1615 vicino
1973 1576 2158 1627 quotiens
2186 1577 2439 1617 contionatus

429 1641 477 1680 sit
486 1654 498 1690 3
530 1640 764 1680 meministis
784 1639 992 1680 contiones
1013 1648 1118 1679 certe
1138 1640 1223 1679 illas
1246 1639 1286 1679 in
1307 1639 1452 1691 quibus
1471 1640 1523 1679 de
1542 1639 1699 1679 animae
1718 1639 2012 1679 immortalitate
2032 1639 2244 1680 disseruit⁸.
2302 1641 2441 1691 Nuper

428 1704 579 1756 imperii
614 1703 737 1743 nostri
767 1703 868 1742 inter
898 1704 1023 1742 Indos
1052 1702 1264 1754 episcopus
1294 1702 1500 1754 primarius
1529 1702 1767 1754 designatus,
1798 1710 1837 1742 et
1867 1702 1968 1743 inter
1997 1704 2216 1743 amicorum
2244 1702 2440 1743 desideria

428 1766 467 1805 in
494 1765 737 1818 provinciam
761 1765 868 1804 illam
892 1766 1127 1805 immensam
1151 1767 1410 1816 profecturus,
1430 1765 1515 1805 sine
1538 1764 1663 1805 dubio
1687 1765 1806 1804 vitam
1831 1778 1942 1805 suam
1969 1768 2050 1805 alto
2072 1766 2276 1818 proposito
2305 1767 2440 1806 denuo

426 1827 650 1874 destinabit,
682 1834 731 1874 et,
763 1826 864 1866 inter
898 1825 1039 1865 Indiae
1073 1825 1306 1877 religionum
1337 1833 1513 1866 veterum
1544 1833 1804 1865 monumenta
1832 1825 2013 1876 peritura,
2046 1839 2128 1865 non
2157 1826 2338 1874 mortalia
2366 1827 2438 1866 sed

428 1889 666 1928 immortalia
696 1887 1042 1939 contemplabitur,
1076 1890 1303 1928 recordatus
1338 1888 1457 1928 etiam
1491 1888 1744 1928 Aristotelem
1779 1902 1894 1928 suurn
1929 1889 2023 1928 olim
2055 1889 2199 1929 dixisse
2232 1891 2436 1929 mortalem

430 1952 577 1992 debere
597 1965 679 1990 non
700 1950 879 1990 mortalia
899 1950 1082 2002 cogitare,
1105 1952 1175 1990 sed
1197 1950 1256 2003 (ut
1276 1951 1399 2002 ipsius
1419 1951 1547 1990 verbis
1568 1951 1671 2003 utar)
1693 1950 1752 2001 ἐφ’
1771 1951 1865 1990 ὅσον
1885 1951 2069 2003 ἐνδέχεται
2088 1950 2350 2000 ἀθανατίζειν.

539 2014 656 2052 Duco
676 2014 728 2052 ad
748 2025 818 2052 vos
838 2012 965 2051 virum
985 2013 1243 2052 reverendum
1267 2014 1461 2052 IAcormM
1485 2014 1742 2051 EDWARDUM
1764 2013 1945 2052 CowssLL
1960 2015 2189 2062 WELLDON,
2207 2013 2438 2064 episcopum

430 2077 727 2116 Calcuttensem
748 2074 999 2125 designatum
1007 2075 1030 2112 ⁶.

1238 2193 1299 2237 24
1334 2178 1465 2227 Nov.
1513 2180 1635 2237 1898

540 2297 653 2350 (305)
673 2298 736 2335 AB
762 2298 943 2348 Aegypto
968 2310 1093 2347 nuper
1119 2296 1347 2336 Britanniae
1370 2296 1547 2336 redditus
1570 2304 1630 2336 est
1652 2296 1710 2336 vir
1733 2297 1838 2336 bello
1858 2296 2032 2347 insignis,
2055 2309 2174 2347 quem
2193 2295 2309 2335 titulo
2334 2308 2440 2335 novo

432 2360 586 2412 Regina
617 2362 828 2399 V1CTOR1A
858 2359 1047 2399 victorem
1081 2359 1244 2407 ornavit,
1276 2372 1396 2410 quem
1430 2373 1512 2398 non
1546 2361 1669 2399 modo
1701 2359 1897 2399 Hibernia
1931 2360 2002 2399 sed
2033 2359 2151 2398 etiam
2184 2372 2273 2410 pars
2307 2365 2441 2398 nostra

432 2423 598 2473 Angliae
618 2434 700 2460 non
720 2421 805 2461 sine
825 2420 1008 2472 superbia
1028 2420 1102 2460 sibi
1123 2419 1327 2468 vindicat⁶,
1346 2434 1466 2472 quem
1486 2428 1568 2460 tota
1588 2420 1762 2472 denique
1783 2420 1986 2460 Britannia
2006 2433 2120 2460 suum
2141 2433 2228 2460 esse
2242 2419 2438 2471 gloriatur.

430 2486 466 2523 A
487 2484 570 2523 viro
586 2496 730 2534 magno
746 2484 797 2522 de
811 2485 993 2534 Aegypto
1008 2482 1321 2522 administranda
1340 2483 1443 2522 bene
1459 2482 1619 2522 merito⁷
1635 2495 1873 2533 magnopere
1887 2482 2056 2529 adiutus,
2074 2481 2209 2520 omnia
2227 2482 2442 2532 prudenter

431 2545 722 2596 prospiciendo,
740 2545 874 2584 omnia
894 2545 962 2583 diu
982 2545 1266 2594 praeparando,
1288 2544 1423 2584 omnia
1443 2551 1603 2595 sumptu
1624 2557 1744 2595 quam
1765 2543 1941 2591 minimo,
1964 2544 2092 2582 fructu
2113 2556 2233 2594 quam
2254 2543 2438 2591 maximo,

430 2608 482 2646 ad
508 2608 628 2646 finem
652 2608 897 2658 perferendo,
920 2606 1068 2645 bellum
1094 2605 1369 2645 difficillimum
1389 2607 1441 2646 ad
1460 2606 1608 2645 exitum
1635 2605 1790 2645 felicem
1816 2605 1978 2644 tandem
2004 2604 2185 2655 perduxit
2198 2619 2209 2652 3
2224 2604 2441 2655 'utriusque

431 2669 513 2709 Nili
546 2682 668 2720 prope
701 2669 948 2708 confluentes
981 2667 1046 2707 die
1077 2667 1308 2718 praestituta
1340 2668 1532 2719 proelium
1567 2667 1786 2707 commisit⁸
1798 2682 1809 2716 3
1848 2680 1888 2706 re
1918 2668 2116 2718 praeclare
2148 2674 2259 2718 gesta
2290 2668 2441 2707 Britan-

431 2744 573 2770 norum
593 2738 777 2778 veterem,
799 2731 1083 2781 Aegyptiorum
1103 2742 1247 2768 novam
1268 2729 1308 2768 in
1328 2730 1446 2769 armis
1466 2729 1629 2781 gloriam
1654 2729 1694 2768 in
1718 2735 1953 2780 perpetuum
1976 2727 2083 2767 auxit
2095 2743 2107 2777 3
2135 2728 2325 2768 tredecim
2349 2736 2440 2780 post

431 2807 558 2833 annos
588 2793 733 2833 exstitit
760 2792 961 2832 Gordonis
991 2793 1104 2838 ultor,
1133 2792 1302 2843 Aegypti
1328 2792 1482 2840 vindex,
1505 2791 1659 2843 tyranni
1683 2804 1804 2843 regno
1830 2803 1948 2830 saevo
1973 2803 2132 2841 prorsus
2158 2790 2375 2841 profligato,
2402 2798 2441 2831 et

432 2856 592 2907 regione
604 2856 799 2909 immensa
814 2857 997 2907 Aegypto
1013 2854 1200 2895 restituta.
1259 2857 1403 2895 Postea
1415 2855 1602 2895 comitate
1614 2868 1733 2906 quam
1747 2852 1970 2894 admirabili
1982 2854 2203 2893 collocutus
2215 2861 2275 2893 est
2290 2854 2440 2904 legatus

433 2925 567 2957 noster
586 2931 677 2957 cum
697 2917 825 2969 gentis
844 2917 960 2957 nobis
980 2916 1133 2957 vicinae
1153 2917 1294 2957 nuntio
1314 2925 1353 2957 et
1373 2917 1558 2968 signifero
1578 2916 1828 2967 inexpectato
1854 2923 1892 2956 et
1916 2915 2141 2966 improviso,
2164 2915 2243 2967 qui,
2265 2915 2439 2955 Africam

521 3013 532 3035 ¹
556 3014 656 3046 Vicar
671 3013 709 3045 of
721 3012 849 3045 Eccles.
973 3011 987 3032 ²
1013 3024 1025 3045 1
1049 3013 1123 3046 Cor.
1139 3013 1195 3045 xvi
1215 3024 1264 3075 133.
1386 3011 1400 3032 ³
1428 3014 1462 3045 T
1455 3013 1496 3045 lte
1507 3014 1601 3055 Hope
1614 3013 1901 3055 oflmmortality,
1921 3013 2015 3054 1898.
2139 3011 2154 3032 ⁴
2175 3013 2301 3051 Ethics,
2320 3023 2342 3044 x
2359 3019 2389 3053 7,
2406 3012 2437 3044 8.

432 3056 445 3075 ⁵
470 3056 675 3089 Afterwards
691 3057 788 3089 Dean
805 3055 842 3088 of
857 3056 1079 3089 Manchester.
1267 3057 1356 3088 Born
1372 3056 1406 3088 in
1424 3056 1570 3095 Ireland‚
1589 3057 1648 3088 but
1664 3056 1853 3088 descended
1869 3056 1952 3087 from
1970 3056 2028 3088 the
2045 3055 2244 3088 Kitcheners
2259 3055 2298 3087 of
2311 3055 2440 3087 Laken-

433 3100 546 3139 heath,
577 3100 718 3137 Suffolk,
745 3100 812 3131 and
834 3099 985 3141 deriving
1008 3105 1079 3141 part
1103 3099 1141 3131 of
1161 3100 1213 3131 his
1237 3100 1308 3131 title
1331 3100 1414 3131 from
1439 3100 1490 3132 his
1516 3099 1674 3132 mother's
1701 3099 1822 3131 former
1844 3099 1943 3132 home
1965 3105 1999 3131 at
2024 3099 2141 3141 Aspall
2166 3099 2260 3136 Hau,
2283 3098 2382 3130 north
2405 3097 2445 3130 os

434 3143 642 3175 Debenham.
774 3143 786 3163 ⁷
812 3143 901 3173 Lord
918 3142 1066 3175 Cromer.
1199 3141 1212 3161 ⁸
1238 3143 1346 3174 Battle
1362 3143 1400 3174 of
1413 3143 1633 3179 Omdurman,
1652 3154 1668 3174 2
1688 3142 1780 3184 Sept.
1803 3143 1894 3184 1898.

1410 3229 1482 3265 144
